2822 4648
576 273 614 331 93
968 272 1024 320 Lib.
1044 272 1091 322 lv.

65 458 200 532 componi
220 477 279 514 una
296 455 370 512 serie
385 457 446 512 haec
467 457 524 512 trie
545 465 724 524 senatum,
746 456 904 529 equitum
927 457 1127 528 centurius,

65 560 211 618 decoris
238 560 503 636 dedecorisque
537 562 746 632 discrimen,
783 562 839 620 hoc
874 571 926 632 est,
948 562 1063 620 ordines
1099 572 1128 620 et

66 666 197 724 homines
219 685 284 724 cnm
307 668 429 726 actione.
489 668 604 726 Deinde
630 667 705 726 falso
737 666 853 724 omuino
881 677 1029 726 senatus
1062 669 1126 726 sub

65 773 213 830 dicione
237 791 395 830 censure
415 771 504 830 fuisse
526 774 642 844 dicitur;
664 791 731 830 nsm
746 772 775 828 in
793 773 970 848 singulorum
988 775 1127 850 dignitate

66 877 267 936 conservande
284 879 475 937 minuendave
492 897 643 938 censorum
664 889 794 955 potestas
809 891 884 950 crat;
906 900 925 937 a
945 893 1062 940 senatus
1079 901 1126 939 ec·

65 987 143 1043 tione
165 997 195 1042 et
215 984 341 1042 consiliis
363 984 495 1058 regendis
516 986 682 1062 longissime
710 986 839 1045 aberant.
882 988 959 1045 Tum
983 988 1127 1046 decoris

66 1103 100 1148 et
120 1091 315 1149 dedecoris
337 1090 442 1162 (omnis
454 1093 595 1166 omnium)
618 1091 771 1150 discrimen
790 1091 874 1148 nimis
888 1093 999 1150 infinite
1014 1093 1126 1151 dicitur.

67 1199 221 1256 Postremo
243 1197 272 1254 in
298 1197 398 1254 codice
430 1199 586 1273 archetypo
618 1193 801 1273 (MPHlLl,
829 1198 914 1256 ctiam
938 1199 1127 1256 deterioribus
1162 1241 1163 1245 ,

67 1304 209 1379 pluribus)
221 1304 358 1379 scriptum
372 1313 434 1360 erat
455 1303 647 1372 centuriis,
669 1303 747 1377 quod
764 1304 909 1377 quomodo
923 1305 950 1360 h.
963 1303 980 1363 l.
992 1323 1030 1360 ex
1049 1322 1126 1360 cen-

67 1409 172 1466 turia*¹
194 1409 286 1484 (qnod
307 1410 336 1466 in
358 1409 471 1466 duobus
489 1408 750 1484 interpolatissimis
769 1409 889 1484 reperiri
910 1409 1037 1478 videtum
1059 1427 1126 1466 nem

66 1517 94 1572 in
126 1517 192 1572 aliis
225 1525 269 1572 cst
298 1515 555 1588 centuriarum)
589 1513 658 1570 oriri
688 1515 827 1590 potuerit,
858 1533 942 1572 nemo
967 1514 1052 1573 facile
1076 1535 1126 1572 ex·

66 1623 171 1696 pediet.
228 1621 286 1680 Sed
324 1633 392 1698 post
426 1621 584 1696 regimen
614 1621 721 1677 excidit
755 1622 799 1678 in.
857 1621 1019 1696 Scripserat
1051 1623 1126 1680 enim

69 1729 184 1786 Livius:
205 1727 241 1783 in
262 1737 392 1784 senatu
411 1726 644 1802 equitumque
666 1725 842 1784 centuriis
863 1726 1007 1784 decoris
1024 1728 1126 1784 dede·

67 1836 240 1909 cor-isque
261 1833 456 1890 discrimen
477 1833 541 1890 sub
563 1831 707 1889 dicione
730 1831 805 1888 eius
828 1833 1065 1908 magistratus
1087 1867 1127 1876 -

67 1941 201 2010 (esset).
254 1941 343 1997 Recte
368 1958 438 1996 vcro
459 1958 516 1995 non
539 1938 665 2006 omnino,
687 1937 738 1994 sed
760 1937 789 1994 in
811 1947 912 1995 senatu
943 1939 1127 2014 equitumque

67 2047 203 2104 centuriis
225 2046 336 2103 decoris
360 2043 565 2118 dedecorisque
586 2043 739 2100 discrimen
768 2061 857 2120 penes
882 2063 1015 2101 censores
1038 2043 1127 2102 fuisse

66 2153 149 2224 dicit,
182 2172 271 2228 quum
295 2161 347 2208 sut
367 2159 469 2206 senatu
490 2160 639 2208 moverent
660 2161 712 2208 aut
732 2169 822 2225 equos
854 2150 1026 2215 adimerent:
1058 2172 1126 2210 nam

66 2259 94 2316 id
122 2277 275 2316 censorum
306 2257 381 2313 notis
418 2257 572 2332 agebatur,
605 2265 637 2312 ut
662 2257 692 2314 hi
719 2257 834 2313 ordines
864 2253 1123 2334 (quemadmodum

66 2365 169 2422 Licere
191 2363 305 2440 scribit)
334 2362 403 2420 vitio
425 2372 576 2432 vacarent3
605 2362 752 2419 bominum
775 2363 812 2419 de
841 2362 925 2437 plebe
945 2381 1004 2420 non
1026 2364 1124 2439 singu·

66 2469 146 2526 latim
170 2467 236 2525 vite
260 2477 288 2524 et
312 2487 406 2525 mores
428 2487 446 2524 a
468 2467 634 2524 censoribus
656 2468 883 2543 exquirebantur
902 2470 1125 2540 notabanturve,

66 2575 120 2632 nisi
143 2575 169 2630 si
193 2574 262 2649 quid
289 2585 372 2630 extra
399 2573 529 2630 ordinem
556 2593 574 2630 a
606 2574 702 2630 mult-is
723 2587 872 2650 peccatum
900 2587 976 2644 erat3
1014 2575 1053 2632 ad
1074 2595 1124 2633 eos

63 2680 229 2756 pertinebat
250 2679 415 2737 universum
445 2679 528 2747 illud,
566 2679 644 2753 quod
674 2679 773 2737 Livius
806 2681 898 2756 primo
922 2681 987 2738 loco
1019 2681 1124 2756 posuit,

65 2805 200 2844 morum
232 2784 509 2858 disciplineque
538 2785 712 2859 regimen,
744 2787 820 2860 quod
850 2787 948 2844 edictis
974 2805 1124 2844 censorum

63 2891 277 2949 continebatur.
320 2891 424 2964 Itaque
447 2890 536 2947 multo
558 2890 616 2948 iam
643 2891 748 2960 verius,
778 2901 858 2948 recta
879 2893 1021 2968 scripture
1042 2894 1124 2952 rosti-

63 3009 134 3066 tute,
158 3017 309 3054 censorum
332 3015 453 3054 munero
474 3015 493 3053 u
516 2996 600 3054 Livio
622 2997 912 3072 comprehenduntur.
966 2999 1124 3076 (Praeposi-

64 3105 142 3162 tione
172 3104 295 3172 omisso,
329 3111 478 3160 senatus
499 3121 553 3179 pro
585 3113 712 3160 senatu
734 3103 872 3178 scriptum
894 3103 1020 3176 videtur3
1055 3125 1122 3163 nam

64 3211 180 3267 Livium
208 3209 242 3266 in
264 3217 413 3266 senatus
435 3209 667 3283 equitumque
695 3208 871 3266 centuriis
893 3208 1015 3278 dixisse,
1045 3210 1123 3286 quod

62 3325 223 3382 senatores,
255 3333 342 3389 quum
365 3315 523 3388 antiquitus
545 3332 635 3388 equos
664 3314 795 3389 publicos
818 3315 966 3386 haberant,
997 3317 1123 3391 equitum

62 3421 199 3478 centuriis
222 3420 443 3490 continerentur,
466 3429 497 3476 ut
517 3439 558 3476 eut
579 3419 667 3476 etism
688 3429 854 3478 senatorum
879 3429 984 3488 assent,
1006 3421 1043 3478 de
1066 3441 1125 3496 qua

63 3545 93 3584 re
119 3526 183 3583 dixi
213 3525 282 3582 clim
304 3525 414 3600 Opusc.
437 3527 532 3587 Acad.
557 3527 573 3584 I
594 3546 622 3602 p.
648 3529 686 3583 76
717 3544 798 3600 sqq,
828 3545 886 3584 non
917 3525 1062 3599 adducor,
1092 3539 1124 3586 ut

62 3633 202 3704 medam)
252 3631 345 3690 Paulo
373 3641 440 3706 post
462 3631 489 3708 (§
513 3635 542 3701 6)
569 3632 677 3689 frustra
698 3631 901 3690 Alschefskius
927 3641 955 3689 et
977 3631 1123 3690 Weissen-

64 3735 182 3794 bornius
216 3733 350 3792 mirificas
382 3735 589 3813 interpretandi
622 3737 770 3796 machinas
807 3739 963 3796 admovent
992 3739 1123 3800 codicum

62 3843 228 3918 scripture,
259 3861 346 3916 quam
375 3842 461 3900 etiam
489 3843 624 3900 Hertzius
649 3843 735 3900 tscitc
761 3845 864 3902 tenuit:
899 3845 1052 3914 tribuni,
1087 3845 1123 3902 id

62 3947 157 4022 quod
180 3957 264 4004 tune
286 3957 379 4021 crat,
410 3949 524 4024 tnagis
553 3949 799 4008 necessarium
830 3969 933 4025 quam
962 3951 1122 4026 speciosi

62 4052 261 4111 ministerii
283 4054 578 4128 procuretionem
606 4055 804 4128 intuentes,
832 4067 863 4114 ut
885 4075 922 4114 ex
946 4075 981 4114 ea
1009 4067 1123 4114 senten·
