2810 4644
568 250 627 307 369
963 247 1128 302 Libxxxl,

70 455 152 494 num
175 453 268 511 opus
292 452 370 492 esse
391 434 607 502 indicasset,
629 434 735 490 enixe
756 432 791 488 id
812 433 985 508 populum
1007 435 1042 493 R.
1063 454 1129 492 me·

71 542 145 600 rito
167 541 244 599 eius
265 549 529 616 praestaturum.
585 540 674 596 Recte
709 537 915 595 indicasset
945 557 999 614 pro
1030 540 1129 597 iudi-

71 655 198 705 casset
232 645 478 704 eBrestitutum
509 652 553 700 est
586 643 654 717 (etei
681 643 711 701 in
734 643 785 700 tali
812 663 843 700 re
872 644 977 719 exigua
999 644 1128 702 codicum

73 753 234 812 auctoritas
256 751 326 826 est);
347 751 377 808 in
400 769 435 808 eo
458 749 532 806 enim
555 769 612 807 uno
633 749 761 808 liberalis
782 758 811 806 et
830 767 976 825 propensa
996 750 1130 808 voluntas

74 871 148 930 erat,
170 860 195 916 si
216 857 395 918 Massinissa
430 855 579 913 desideriis
607 855 808 914 satisfacturus
842 863 905 911 erat
924 856 1049 930 populus
1070 858 1130 914 Ro·

74 983 187 1034 manus,
207 983 267 1022 non
288 963 379 1020 solum
412 979 465 1018 suo
486 961 602 1023 iudicio.
657 961 710 1028 (Et
744 969 884 1036 praterea
913 961 1040 1036 alioquin
1062 962 1132 1019 scri·

74 1071 202 1129 bendum
224 1079 300 1128 erat:
322 1069 352 1125 si
374 1068 458 1142 quid
487 1113 515 1126 ..
543 1066 701 1142 populus
725 1067 762 1126 R.
784 1066 1002 1136 iudicasset,
1024 1069 1132 1126 enixe

75 1189 142 1246 cet,
164 1177 292 1234 subiecto
313 1175 343 1232 iu
364 1173 461 1250 priore
482 1173 623 1231 sententia
644 1172 763 1248 posito.)
817 1155 875 1230 Sed
902 1191 1020 1248 prorsus
1049 1175 1133 1232 vitio-

76 1303 142 1342 sum
173 1293 233 1340 tum
266 1281 297 1338 ei
326 1298 380 1355 pro
402 1279 491 1348 sibi;
517 1279 615 1352 itaque
638 1277 801 1335 necessario
823 1277 1003 1336 scribendum
1026 1289 1082 1336 est:
1104 1281 1133 1336 si

78 1389 166 1464 quid
191 1389 245 1450 cit
267 1383 395 1460 (legatis)
418 1385 460 1440 ad
481 1383 703 1441 firmandum
722 1401 928 1458 ...reguum
951 1403 1134 1460 opusesse

78 1494 296 1561 indicasset,
318 1491 423 1548 enixa
445 1483 537 1562 eet.¹)

164 1595 236 1673 Cap.
264 1600 298 1656 16
321 1605 394 1654 extr.
422 1606 451 1654 et
476 1601 509 1654 17
536 1595 597 1654 init.
630 1594 762 1652 Eodem
785 1595 964 1668 (Tenedum,
986 1597 1034 1654 ubi
1056 1598 1135 1655 Rbo-

77 1705 130 1762 dia
150 1703 249 1762 elassis
274 1704 382 1776 stabat)
405 1713 550 1779 postca,
573 1720 679 1776 quum
702 1701 866 1776 (Abydeni)
888 1702 958 1759 iam
980 1702 1041 1760 vix
1062 1721 1135 1759 sus·

79 1810 243 1866 tinerent
278 1809 525 1877 obsidionem,
560 1817 596 1865 et
621 1807 699 1883 ipse
720 1806 872 1864 Attalus
900 1827 1003 1883 quum
1026 1809 1136 1866 traie-

80 1917 212 1986 cisset,
232 1933 327 1990 spem
351 1923 487 1971 tantum
513 1913 646 1970 auxilii
679 1931 721 1969 ex
744 1913 954 1988 propinquo
976 1915 1137 1972 ostendit

80 2039 198 2095 neque
226 2029 324 2078 terra
352 2037 468 2094 nequa
497 2019 588 2076 mari
620 2019 762 2077 adiutis
787 2019 910 2076 sociis.
970 2021 1137 2096 Abydeni

82 2125 216 2202 primo,
249 2127 441 2182 tormentis
467 2144 533 2201 per
554 2141 676 2182 muros
699 2124 910 2200 dispositis,
946 2145 1013 2183 non
1040 2135 1139 2183 terra

84 2232 191 2289 modo
229 2230 407 2288 adeuntes
439 2229 543 2287 aditu
573 2229 766 2300 arcebant,
790 2231 852 2288 sed
873 2241 926 2288 etc.
983 2233 1138 2290 Ablativos

85 2336 235 2394 absolutos
259 2335 379 2413 perfecti
411 2335 549 2410 temporis
570 2355 590 2391 a
610 2335 695 2394 Livio
732 2337 802 2410 poni
831 2336 918 2394 etiam
951 2338 987 2394 dc
1018 2356 1049 2394 re
1081 2357 1138 2394 non

86 2443 279 2519 precedenti,
301 2441 352 2498 sed
374 2441 542 2516 primariam
565 2441 706 2498 actionem
729 2441 894 2512 comitanti,
915 2444 1140 2500 commemoravi

85 2548 125 2606 ad
148 2549 186 2618 V,
211 2552 257 2616 11,
280 2550 297 2605 3
320 2556 349 2604 et
369 2546 490 2618 XXIV,
513 2549 568 2618 20,
593 2549 644 2616 14;
670 2563 764 2620 neque
785 2557 881 2603 tamen
903 2547 993 2604 ullum
1015 2548 1076 2606 cius
1097 2548 1140 2605 lo·

86 2673 153 2712 cum
185 2665 290 2730 praeter
318 2655 394 2710 hunc
416 2671 479 2710 esse
499 2661 588 2729 puto,
610 2651 660 2708 ubi
688 2669 751 2708 cum
773 2651 927 2726 negatione
949 2653 1142 2728 adiungantur

87 2760 209 2820 ablativi
238 2758 379 2818 eiusmodi
410 2759 447 2815 ad
469 2757 707 2834 significandum,
736 2775 793 2814 non
816 2767 999 2816 consecutum
1020 2777 1083 2816 esse
1103 2759 1142 2828 id,

88 2866 168 2942 quod
190 2865 351 2942 exspectari
371 2863 506 2940 potuerit.
556 2863 633 2922 Illud
654 2874 750 2920 tamen
759 2861 864 2918 certius
878 2861 1001 2934 videtur,
1021 2874 1054 2920 ut
1067 2883 1143 2922 nunc

88 2971 270 3030 describatur
289 2971 394 3040 oratio,
414 2987 473 3026 nou
494 2979 572 3026 recte
593 2966 830 3036 commemorati,
854 2976 953 3024 terra
982 2987 1039 3026 non
1062 2971 1143 3028 adiu·

88 3087 137 3136 tos
158 3095 177 3133 a
198 3095 266 3152 rege
287 3075 460 3152 Abyden0s3
483 3093 550 3132 nam
574 3075 703 3145 Tenedo,
726 3092 783 3148 quo
804 3091 858 3130 rex
878 3072 1001 3131 navibus
1016 3087 1144 3146 venerat,

89 3194 202 3240 tantum
231 3181 407 3240 maritimum
440 3179 578 3238 auxilium
601 3179 714 3237 ostendi
746 3187 870 3254 poterat.
923 3178 959 3236 In
991 3181 1017 3237 B
1044 3181 1146 3239 ultima

89 3289 187 3345 littera
209 3287 290 3346 verbi
318 3285 456 3343 adiutis
478 3303 563 3342 erasa
584 3295 637 3346 est.
688 3287 765 3343 Puto
796 3284 837 3342 sic
861 3285 937 3342 Livii
959 3285 1050 3342 verba
1074 3287 1146 3344 seri·

91 3392 189 3450 benda
212 3403 240 3450 et
260 3391 489 3468 inter-pungenda
511 3408 592 3448 esse:
620 3433 649 3451 ..
669 3408 768 3466 spem
793 3398 930 3448 tantum
953 3391 1088 3448 auxilii
1103 3411 1146 3449 ex

90 3497 300 3574 propinquo
328 3497 498 3555 ostendit.
555 3497 681 3571 Neque
713 3507 814 3554 tarra
834 3513 949 3569 neque
970 3497 1061 3553 mari
1083 3497 1147 3554 ad·

91 3603 198 3661 iutia
219 3603 332 3661 sociis
359 3601 525 3678 Abydeni
556 3602 670 3678 primo
702 3613 756 3662 cet.
815 3599 949 3658 Ceterum
979 3599 1089 3670 dubito,
1111 3621 1147 3658 an

91 3791 290 3804 -—-—-

107 3863 133 3930 ¹)
155 3865 220 3930 Cup.
244 3869 284 3926 1³,
312 3867 324 3911 ἵ
354 3864 386 3912 in
405 3864 523 3925 ingara
551 3875 641 3911 asses
674 3861 819 3924 vectigal
937 3863 1150 3926 imposituros

163 3963 221 4024 (pro
238 3955 365 4019 vectigali,
385 3955 519 4018 vectigalia
539 3955 660 4016 nomine),
679 3955 747 4018 quod
766 3953 1052 4005 eBcommendaturua
1071 3968 1150 4014 cram,

163 4066 180 4100 a
196 4047 239 4099 W.
257 4049 395 4113 repositum
414 4047 496 4098 rideo.

120 4156 231 4196 labvtctl
239 4155 254 4194 Β
257 4167 332 4192 aaaaaa
342 4154 397 4190 tm.
920 4143 953 4187 2⁴
