2826 4650
751 289 768 344 2

228 479 281 541 set,
305 487 401 527 secum
424 470 676 542 communicarem,
698 487 786 545 quum
809 472 870 528 eius
892 490 1037 545 causaea,
1058 491 1152 547 quasa
1166 475 1289 550 meipso

229 575 297 632 olim
321 585 436 652 reperta
456 577 486 633 in
508 576 677 634 adversaria
691 577 878 648 contuleram,
902 578 1092 637 describerem
1115 589 1143 636 et
1161 581 1290 638 breviter

229 681 419 757 explicarem,
448 682 569 752 sensim,
594 681 699 758 partim
722 683 853 740 trahente
878 686 1092 760 opportunitate
1113 687 1288 744 renovandae

229 787 325 844 animo
347 807 442 844 rerum
464 789 663 846 Romanarum
684 787 833 862 imaginis,
866 791 971 864 partim
998 811 1140 849 novorum
1163 803 1192 848 et
1212 811 1288 868 prae·

228 893 375 964 stantium,
398 912 462 968 quae
482 893 593 950 interea
614 894 653 951 ad
668 893 744 951 Livii
767 895 856 953 libros
879 896 1073 954 emendandos
1088 909 1192 972 parata
1205 907 1288 955 erant

228 1007 258 1056 et
278 1008 338 1056 tum
360 999 487 1056 maxime
501 1000 690 1074 parabantur,
712 1001 905 1060 subsidiorum
927 1021 982 1060 usu
1003 1002 1176 1069 blandiente,
1197 1022 1286 1077 quam

227 1105 385 1180 praesertim
421 1104 483 1180 ipse
510 1105 637 1180 quinque
664 1116 875 1180 postremorum
910 1107 1049 1165 librorum
1084 1107 1205 1178 codicis,
1237 1109 1288 1184 qui

227 1229 301 1269 unus
323 1219 468 1286 superest,
500 1209 735 1268 vindobonensis
766 1214 924 1290 scripturas
954 1214 1038 1289 plene
1067 1223 1182 1271 notatas
1205 1233 1287 1273 acce-

227 1317 353 1393 pissem,
375 1325 466 1374 totum
489 1316 603 1374 Liviam
628 1325 785 1376 retractare
807 1321 890 1396 coepi
912 1331 940 1378 et
963 1321 1000 1377 ab
1021 1319 1134 1376 illorum
1161 1320 1289 1396 quinque

226 1423 365 1482 librorum
387 1422 553 1482 recensione
581 1431 610 1479 et
629 1424 830 1484 emendatione
855 1445 938 1483 orsus
962 1443 1053 1501 prope
1075 1425 1196 1482 eandem
1217 1443 1288 1502 opa-

227 1549 290 1588 ram
312 1530 350 1588 ad
372 1530 498 1604 reliquos
519 1528 609 1584 libros
631 1528 797 1601 transferre,
819 1551 942 1608 eamque
962 1552 1023 1589 rem
1037 1531 1116 1589 horis
1128 1533 1288 1590 subsecivis

228 1645 365 1710 quattuor
387 1636 469 1694 annis
491 1633 622 1706 absolvi,
652 1651 742 1710 soepa,
771 1654 859 1710 quum
889 1639 947 1695 alia
973 1638 1172 1714 praevertenda
1193 1647 1289 1694 essem

227 1753 256 1800 et
277 1742 404 1799 animum
426 1749 571 1812 tenerent,
598 1739 789 1798 intermissam
813 1753 929 1819 etpost
949 1762 1006 1800 non
1027 1762 1186 1818 paucorum
1207 1763 1288 1800 men-

227 1849 300 1906 sium
315 1848 499 1906 intervallum
521 1855 708 1924 resumptam.
741 1847 835 1904 Huius
857 1869 952 1925 operte
973 1849 1083 1906 fructus
1108 1868 1195 1924 quum
1216 1851 1288 1908 mihi

228 1955 281 2031 ipsi
302 1971 360 2010 non
383 1953 547 2030 displiceret
569 1953 772 2028 videreturque
794 1953 924 2012 utilitatis
946 1955 1055 2030 aliquid
1077 1956 1185 2012 habere
1200 1972 1289 2030 possa

227 2061 264 2118 ad
287 2059 409 2117 aliorum
432 2060 527 2117 studia
549 2059 728 2130 adiuvanda,
762 2060 799 2117 ab
828 2061 927 2117 amicis
955 2071 1051 2118 autern
1074 2061 1288 2137 discipulisque,

227 2167 396 2241 quibuscum
408 2184 466 2223 non
481 2183 576 2242 pauca
586 2184 639 2242 per
654 2183 801 2223 sermones
815 2175 843 2223 et
853 2167 984 2224 docendo
997 2168 1288 2233 communicaveram,

227 2281 304 2329 totus
326 2272 515 2346 flagitaretur,
536 2258 667 2340 decrevi,
686 2271 822 2346 quicquid
844 2291 863 2330 a
884 2293 930 2331 me
951 2274 1020 2331 novi
1042 2275 1079 2331 ad
1102 2273 1177 2331 Livii
1198 2272 1291 2330 libros

225 2377 335 2435 mendis
349 2377 515 2434 liberandos
531 2374 655 2434 conferri
673 2387 781 2453 posset,
806 2378 933 2436 breviter
942 2359 1197 2455 comprehendere,
1214 2377 1289 2434 indi·

225 2483 296 2541 catis
323 2483 352 2540 in
377 2491 559 2552 transcursu,
592 2501 655 2558 quae
680 2483 738 2540 iam
771 2492 857 2540 antea
884 2483 952 2540 alibi
981 2485 1160 2560 sparsissem.
1207 2484 1288 2542 Nam

227 2589 304 2666 quod
327 2589 412 2647 amici
434 2589 623 2665 discipulique
644 2588 787 2646 interdum
803 2590 995 2646 hortabantur
1012 2591 1223 2666 rogabantque,
1244 2599 1287 2658 ut,

227 2697 363 2771 quoniam
385 2703 490 2771 praeter
510 2713 562 2763 ea,
585 2713 648 2769 quae
671 2694 734 2770 ipse
754 2695 942 2764 invenissem,
964 2715 1022 2752 non
1045 2715 1141 2770 panca
1163 2696 1200 2752 ab
1223 2695 1287 2752 aliis

225 2811 301 2861 recte
330 2811 359 2858 et
387 2819 456 2858 vere
485 2799 650 2873 excogitata
676 2800 770 2858 iacere
798 2801 929 2878 neglecta
949 2810 1080 2876 putarem
1110 2809 1161 2858 aut
1189 2801 1287 2872 etiam,

225 2927 313 2984 quum
335 2916 430 2964 essent
451 2925 470 2962 a
491 2905 660 2981 Kreyssigic
682 2914 711 2962 et
726 2906 871 2978 Bekltero,
893 2908 1024 2982 quaedam
1046 2908 1104 2965 iam
1118 2927 1137 2965 a
1151 2907 1287 2964 Draken-

225 3012 360 3082 borchio,
384 3009 485 3068 mento
507 3009 537 3066 in
559 3009 687 3068 ordinem
710 3022 841 3088 recepta,
864 3033 883 3070 a
904 3013 1106 3070 recentissimis
1127 3013 1286 3070 editoribus

227 3118 323 3176 iudicii
345 3137 442 3175 errore
464 3117 572 3174 reiecta
593 3133 656 3172 esse
678 3131 870 3194 susceptaque
891 3129 994 3176 contra
1016 3119 1285 3176 ecodicibusocm·

225 3225 326 3300 plura,
358 3241 423 3298 qua
442 3222 582 3298 praeteriri
603 3221 785 3294 debuissent,
814 3225 889 3282 Livii
913 3225 1003 3282 libros
1025 3224 1087 3299 ipsa
1111 3224 1149 3280 ad
1171 3223 1286 3280 codices

225 3339 344 3388 exactos
368 3330 492 3396 ederem,
514 3327 673 3384 revocabat
693 3347 739 3385 me
761 3338 790 3386 et
810 3329 919 3386 laboris
941 3329 1073 3386 molestia
1090 3327 1181 3385 oculis
1198 3327 1284 3385 etiam

224 3436 329 3493 intesta
355 3434 453 3492 sutura
487 3443 516 3489 et
546 3433 668 3490 aliorum
699 3434 860 3491 studiorum
888 3434 1032 3492 maiorum
1061 3433 1286 3508 graviorumque

224 3541 488 3618 persequendomm
510 3539 644 3596 voluntas
666 3557 806 3615 spesque,
827 3557 935 3615 neque,
957 3557 1045 3614 qnam
1066 3539 1111 3596 his
1131 3539 1287 3614 postremis

226 3648 307 3706 annis
336 3655 538 3722 preteream,
572 3663 660 3718 qaam
682 3643 882 3702 Alschefskius
904 3646 1071 3703 inchoasset
1098 3644 1186 3701 totius
1208 3643 1287 3700 Livii

226 3755 391 3820 editionem,
413 3771 433 3808 a
447 3751 683 3808 Weissenbomio
704 3769 791 3808 unam
814 3751 941 3808 viderem
958 3751 1131 3820 absolutam,
1152 3749 1286 3820 alteram,

225 3857 439 3918 commentariis
461 3856 646 3929 instructam,
678 3857 809 3932 urgueri,
840 3857 955 3915 tertiam
985 3865 1080 3914 autem
1105 3855 1142 3913 ab
1164 3855 1286 3912 Hertaio

225 3973 357 4041 coeptam
377 3981 449 4034 esse,
470 3962 581 4019 litteras
603 3971 718 4018 nostras
740 3961 798 4018 iam
819 3961 904 4020 nimis
923 3961 1062 4019 librorum
1079 3979 1198 4018 numero
1215 3979 1287 4017 one·

225 4081 304 4128 ratas
325 4087 403 4127 nova
424 4067 548 4126 aditione
570 4067 685 4124 onerari
699 4066 843 4125 volebam.
886 4069 1039 4125 Postremo
1054 4067 1095 4124 sie
1111 4067 1287 4133 iudicabam,
