2820 4646
231 212 385 266 Isium.
735 217 794 274 596

231 397 320 454 etiam
341 397 462 473 propius
484 395 522 454 ad
544 391 655 455 codicis
686 397 876 472 scripturam:
910 398 1011 454 missi
1033 409 1123 454 sunt
1166 399 1246 456 Nam
1267 400 1294 454 in

231 500 284 558 tali
303 500 515 576 significatione
543 500 683 575 temporis
715 511 744 558 et
765 501 807 558 rei
828 519 898 558 vere
925 501 1043 559 taudem
1079 501 1163 560 factm
1196 503 1298 559 Livius

232 605 304 672 (nisi
326 605 356 663 iu
377 604 497 680 obliqua
518 605 664 678 oratione)
689 605 805 662 donec
825 623 884 662 non
907 605 992 662 aliter
1021 605 1075 662 nisi
1098 625 1161 663 oum
1187 607 1297 664 indies-

232 709 285 766 tivi
304 708 434 784 perfecto
456 707 549 783 ponit.
597 709 726 766 Viderat
744 709 773 766 id
796 709 975 779 Gronovius,
997 709 1057 784 qui,
1079 711 1187 767 codicis
1207 711 1297 786 scrip-
1386 761 1387 776 ,

232 825 304 872 turae
325 815 453 890 ignarus,
473 812 573 870 misit
594 813 683 872 scribi
704 813 830 873 volebat.
875 811 949 890 (cfr.
972 833 1037 888 quse
1059 815 1095 871 de
1115 813 1224 885 XXX,
1252 817 1299 882 12,
1386 863 1387 866 ,

232 917 437 982 Sadnotari.)
1386 897 1387 914 ¹

319 1021 393 1098 Cap.
418 1023 475 1091 ut
500 1021 563 1092 (ubi
577 1021 717 1080 AEmilius
733 1023 843 1080 Persea
857 1021 1042 1096 alloquiturJ:
1064 1024 1120 1082 Nu
1132 1043 1176 1082 nc
1197 1042 1297 1085 vero.

231 1147 309 1186 oum
332 1137 366 1184 at
387 1125 488 1184 bello
510 1126 629 1201 patrie
651 1125 704 1182 tui
732 1169 760 1185 ..
791 1126 1031 1184 interfuisses
1061 1138 1096 1185 ct
1115 1129 1218 1203 pacis
1238 1147 1297 1202 po-

231 1241 312 1292 stea
418 1231 643 1288 meminisset
666 1229 871 1300 consilium,
893 1249 1045 1306 quorum
1068 1245 1103 1290 et
1126 1234 1200 1289 vim
1224 1234 1297 1290 bel·

230 1337 265 1395 lo
288 1345 322 1394 et
342 1335 453 1394 fidem
475 1337 511 1392 in
533 1354 621 1410 pace
643 1345 820 1410 expertus
840 1353 1040 1407 esses‚eum
1066 1338 1112 1394 iis
1134 1338 1204 1394 tibi
1225 1338 1296 1394 bel-

230 1443 301 1498 lum
326 1459 407 1500 esee
429 1459 533 1516 quam
555 1459 679 1516 pacem
703 1439 831 1497 malle?
885 1439 934 1499 Sic
966 1441 1061 1498 codex
1089 1442 1195 1499 mendo
1219 1441 1295 1517 (nie-

230 1547 413 1619 minisset)
438 1555 467 1603 et
488 1545 645 1604 omissione
664 1553 826 1619 corruptus.
869 1546 1060 1604 Scribendum
1083 1557 1141 1606 cst:
1174 1590 1202 1608 ..
1231 1565 1297 1603 me·

231 1651 419 1720 misisses,
456 1646 565 1726 [quod
588 1646 676 1725 fuit]
708 1648 907 1706 consilium
1012 1651 1142 1708 malle?
1165 1671 1243 1720 non,
1265 1663 1295 1706 nt

232 1756 336 1831 vulgo:
368 1755 463 1830 quod
498 1754 708 1824 consilium
736 1772 830 1827 neque
858 1754 932 1810 enim
969 1757 1089 1813 verbum
1112 1757 1215 1813 abesse
1236 1756 1295 1812 ullo

231 1861 319 1916 modo
340 1859 370 1916 in
391 1858 444 1915 tali
467 1859 695 1935 interrogatione
720 1868 825 1932 potest

314 1960 387 2037 Cap.
412 1964 440 2032 9,
460 1968 494 2021 4:
535 1963 959 2046 Macedonumobscura
981 1964 1178 2020 admodum
1200 1965 1295 2020 fama

229 2085 342 2142 usque
377 2067 421 2124 ad
451 2067 665 2143 Philippum
687 2070 855 2144 Amyntas
885 2066 1004 2124 filium
1027 2067 1109 2136 inin
1141 2069 1224 2125 inde
1255 2087 1296 2125 ae

229 2192 292 2248 per
313 2191 391 2229 eum
414 2191 583 2230 crescere
605 2191 710 2246 quum
733 2172 1098 2248 coepisset‚Europae
1117 2191 1155 2229 se
1176 2182 1296 2229 tamen

229 2277 371 2336 linibus
394 2277 589 2346 continuit,
611 2276 796 2336 Graeciam
818 2295 956 2334 omnem
979 2285 1166 2352 etpartern
1183 2279 1297 2334 Thra·

228 2382 291 2438 cire
313 2393 426 2456 atque
448 2381 599 2457 lllyrici
621 2381 801 2456 amplexa.
853 2381 1076 2456 Superfudit
1108 2382 1239 2438 deinde
1259 2401 1297 2438 se

228 2489 264 2544 in
286 2487 415 2544 Asiam
440 2498 476 2544 et
582 2487 713 2556 omnia,
736 2487 1015 2560 quaPersarum
1034 2486 1295 2560 ...imperium

155 2659 158 2666 Ι
228 2590 363 2661 lueret,
386 2610 459 2650 sure
481 2591 645 2649 dicionis
666 2589 767 2648 fecit
811 2590 958 2646 Arabas
980 2589 1063 2647 hinc
1079 2591 1298 2665 Indiamque

234 2695 509 2771 ..peragravit
582 2697 717 2770 Apparet
752 2695 815 2751 heae
839 2691 998 2768 (partem
1022 2694 1189 2751 Threciae
1220 2714 1297 2750 am-

227 2799 338 2874 plexa
360 2809 389 2856 et
418 2818 492 2856 sum
513 2798 676 2856 dicionis
698 2797 798 2872 fecit)
835 2817 893 2855 non
914 2797 1044 2872 potuisse
1066 2799 1204 2856 deleme
1228 2799 1294 2858 dici.

228 2906 333 2978 ltaque
353 2903 543 2979 Kreyssigius
575 2912 643 2978 post
664 2902 901 2960 Macedonum
923 2902 1044 2960 inseruit
1066 2922 1234 2978 regnum,
1256 2905 1296 2960 si·

227 3007 297 3077 mul,
318 3017 351 3064 ut
371 3017 432 3064 tum
457 3025 575 3065 necesse
597 3017 677 3088 erat,
702 3007 868 3083 amplexa
888 3006 917 3063 in
941 3008 1146 3083 amplexum
1172 3020 1296 3068 muteto.

228 3113 287 3172 Sed
309 3131 345 3170 ne
366 3130 519 3187 regnum
542 3113 659 3186 quidem
682 3112 838 3186 quiequam
864 3129 923 3168 eura
945 3113 1066 3170 dicionis
1087 3113 1166 3184 iacit,
1187 3115 1296 3170 nedum

226 3217 352 3293 populos
374 3226 404 3274 et
427 3215 562 3292 regiones
584 3227 733 3292 peragrat.
781 3218 879 3277 Unum
902 3225 947 3274 est
967 3235 1090 3287 nomen,
1119 3217 1166 3275 cui
1197 3233 1227 3274 et
1248 3237 1297 3275 re-

225 3323 307 3397 lique
328 3321 505 3378 conveniant
514 3329 542 3378 et
562 3321 731 3396 amplexa
752 3341 810 3378 non
832 3329 983 3391 mutatum,
1006 3339 1092 3396 gaus
1114 3323 1297 3396 (Macedo-

226 3445 305 3484 num
327 3444 416 3501 gens
440 3427 602 3484 obseura
623 3426 702 3503 cet).
736 3426 955 3484 Erroriscuusa
977 3437 1027 3482 aut
1049 3426 1225 3501 negligentia
1240 3426 1299 3484 fuit

225 3541 285 3601 aua
307 3530 386 3604 quod
408 3529 506 3586 fama
532 3529 728 3586 nominativus
744 3549 807 3587 esse
825 3531 992 3605 putabatur.
1023 3530 1178 3604 (Extremo
1190 3529 1299 3605 eapite,

225 3639 285 3706 57,
305 3636 355 3692 ubi
376 3635 405 3692 in
429 3635 528 3692 codice
553 3645 595 3692 est
617 3635 831 3692 lacerantes
855 3635 1009 3704 viribus,
1029 3645 1107 3690 reete
1124 3635 1299 3692 Gronovius

224 3739 312 3796 scribi
323 3739 414 3796 voluit
426 3739 624 3807 laceratis3
635 3757 702 3796 narn
717 3750 744 3796 et
759 3739 1006 3814 ignaveadheeret
1017 3739 1230 3796 lacerantes
1245 3741 1298 3796 vi·

224 3842 476 3915 ribuspostille:
491 3843 534 3900 ad
548 3863 585 3900 se
600 3843 757 3917 quisque
771 3862 857 3918 opes
870 3843 1024 3918 rapiunt
1039 3853 1067 3899 et
1081 3843 1185 3900 vitiose
1197 3843 1298 3900 obiec·
1386 3849 1387 3908 ζ

223 3944 385 4013 tumdeest,
402 3946 530 4018 nisiquis
546 3957 624 4004 recte
644 3946 700 4002 diri
722 3959 806 4022 putat
827 3967 914 4022 opes
939 3949 1083 4005 viribus
1104 3947 1301 4019 lacerare.)
1386 3935 1387 3944 ¹
