2822 4648
301 295 428 345 mn1v.
781 297 820 354 98

268 481 350 551 uitur,
390 489 503 553 quanta
537 478 683 536 actionum
719 479 963 553 consiliorumque
997 479 1102 536 civium
1136 479 1342 535 Romanorum

269 605 340 661 pars
372 602 523 641 censorum
552 583 689 659 potestati
724 585 855 642 subiecta
881 587 919 642 sit
948 593 1015 652 (nec
1037 585 1190 660 quisquam
1213 583 1343 640 Latinus

267 709 403 766 magnam
423 690 490 746 vitae
511 699 624 764 partem
647 689 689 745 sic
712 689 796 760 dixit,
817 701 850 746 ut
871 699 960 748 essct:
983 690 1057 746 viele
1079 689 1177 749 Seiten
1206 690 1257 745 des
1280 690 1343 746 Lc-

267 800 368 867 bens);
396 796 433 852 de
454 805 585 869 tempore
607 795 703 869 egitur
724 796 831 870 longo,
860 795 971 853 sicum
994 796 1061 852 vitae
1084 797 1217 853 humana
1239 797 1341 870 spatio

269 910 466 978 comparetur.
517 901 623 975 Itaque
644 900 752 958 lineola
774 901 874 957 addito
896 901 1077 966 scribendum
1100 911 1155 958 est:
1187 921 1252 976 per
1280 913 1340 959 tot

269 1025 396 1078 annos,
417 1025 584 1080 magnam
607 1015 752 1081 partem
774 1007 868 1064 vitae.
915 1010 963 1066 Ao
984 1008 1154 1065 sententiam
1177 1009 1339 1064 vorborum

272 1111 620 1180 Weissenborniusvidit3
636 1129 700 1186 quae
710 1112 747 1168 ad
763 1129 828 1168 eam
847 1113 1019 1169 sententium
1035 1111 1229 1188 requireretur
1243 1115 1339 1189 scrip·

268 1227 348 1287 tura,
370 1217 479 1292 magis,
513 1217 632 1293 opinor,
660 1235 719 1274 non
750 1235 838 1274 ausus
867 1225 912 1273 est
940 1215 1037 1274 dicere
1060 1236 1147 1292 quam
1169 1235 1228 1274 non
1252 1218 1341 1290 vidit,
1404 1199 1405 1248 j

267 1323 432 1380 admonitus
458 1322 617 1398 praesertim
642 1323 739 1380 Taciti
759 1322 843 1393 loco,
867 1340 952 1397 quem
975 1323 1142 1398 adscripsit,
1171 1343 1209 1380 ex
1231 1325 1338 1398 Agr-ic.

268 1432 300 1487 3:
337 1449 400 1505 per
429 1429 499 1486 XV
532 1445 660 1498 annos,
695 1428 837 1503 grande
867 1427 1040 1484 mortalis
1068 1429 1132 1485 aevi
1159 1430 1336 1504 spatium.

266 1536 345 1593 Nam
375 1545 407 1592 ut
438 1534 566 1610 potuerit
597 1533 698 1592 Livius
728 1533 764 1589 de
785 1541 915 1608 tempore
937 1533 1046 1590 dicere:
1077 1553 1206 1609 magne
1225 1547 1340 1610 parte

266 1642 349 1699 vitae
380 1640 578 1698 obnoxium
600 1657 680 1696 esse
703 1639 849 1696 censori
871 1639 962 1717 (quod
985 1659 1042 1696 non
1064 1641 1159 1716 potuit
1187 1641 1225 1697 ob
1248 1659 1334 1698 suom

267 1742 529 1824 consuetudinem),
550 1754 627 1802 certe
648 1763 706 1802 non
728 1746 823 1820 potuit
837 1747 913 1803 huno
932 1746 1091 1803 ablativum
1104 1747 1245 1804 subiicere
1261 1747 1336 1804 iliis:

266 1871 329 1928 per
350 1861 405 1910 tot
426 1869 551 1910 annos.

358 1955 432 2032 Cap.
456 1958 515 2026 25,
540 1959 572 2013 7:
605 1953 772 2013 Consilia
794 1957 838 2013 ad
859 1957 1039 2014 movenda
1059 1959 1160 2015 belia
1181 1959 1215 2014 in
1239 1960 1336 2016 Vol·

267 2065 698 2137 scorumAEquorumque
720 2062 893 2119 conciliis
914 2071 949 2120 et
979 2064 1013 2120 in
1038 2064 1189 2121 Etruria
1211 2066 1254 2122 ad
1276 2065 1335 2123 fa-

266 2186 347 2226 num
374 2169 582 2225 Voltumnae
603 2167 756 2243 agitata.
804 2169 851 2225 De
873 2168 950 2226 bello
974 2181 1076 2226 contre
1097 2169 1246 2226 Romanos
1268 2186 1334 2226 sus-

267 2273 400 2349 cipiendo
423 2274 557 2331 universe
579 2274 729 2349 agebatur,
754 2291 813 2330 non
835 2273 872 2330 de
892 2273 1023 2349 pluribus
1040 2273 1132 2333 bellis.
1175 2272 1235 2332 Sed
1245 2273 1336 2347 longe

265 2379 481 2436 vitiosissimum
510 2387 554 2437 est
588 2378 749 2436 consilio
776 2379 819 2435 ad
847 2380 1024 2438 movenda
1050 2379 1151 2437 bella
1172 2378 1334 2452 agitare,

265 2485 344 2560 quod
374 2505 467 2560 neque
493 2482 567 2544 dixit
589 2485 744 2559 quisquam
766 2503 860 2558 neque
882 2485 976 2542 dicero
998 2494 1114 2560 poterat
1136 2489 1219 2560 (prot
1241 2485 1333 2541 belli

265 2591 434 2648 movendi
460 2600 510 2648 aut
531 2591 572 2647 dc
594 2589 692 2646 bello
715 2595 828 2658 moa).
893 2589 1056 2666 Scripserat
1089 2590 1189 2647 Livius
1226 2591 1333 2648 Latine

264 2707 293 2754 et
315 2707 427 2772 operte:
451 2695 609 2753 consilia
631 2695 795 2752 debello
817 2696 1014 2764 movendo;
1036 2696 1183 2770 geminata
1198 2696 1241 2769 (in
1259 2714 1332 2753 con·

263 2804 344 2861 tinua
365 2803 510 2878 scriptura
529 2799 749 2867 consiiiade)
772 2800 869 2857 littera
890 2819 926 2870 a,
948 2801 1105 2872 omissae,
1127 2809 1226 2858 natum
1250 2820 1332 2858 con-

263 2907 351 2965 silia
373 2909 417 2964 ed
439 2916 468 2965 et
492 2905 530 2964 nd
551 2907 581 2963 id
601 2906 852 2963 accommodatum
874 2915 918 2962 est
939 2905 1038 2964 belle
1058 2907 1244 2965 movendo.

348 3011 422 3089 Cap.
445 3015 501 3082 34,
526 3016 560 3070 4:
594 3014 753 3070 Postero
776 3011 835 3068 die
865 3010 948 3089 (post
972 3013 1097 3070 Fidenas
1122 3015 1237 3088 captas)
1259 3014 1332 3070 sin-

262 3119 360 3194 gulis
388 3119 551 3194 captivis
574 3119 617 3175 ab
640 3118 764 3192 equite
786 3119 829 3176 ad
852 3117 1104 3176 centurionem
1125 3129 1227 3176 sorte
1248 3119 1329 3176 duc·

261 3223 310 3281 tis
332 3234 375 3295 ot,
399 3242 550 3299 quorum
575 3221 708 3279 eximia
729 3225 850 3281 virtus
872 3223 1004 3292 fuerat,
1028 3223 1133 3294 binis,
1156 3224 1241 3281 aliis
1263 3227 1329 3284 sub

262 3347 401 3387 corona
422 3329 662 3398 venumdatis,
684 3330 887 3388 exercitum
908 3331 1085 3387 victorem
1101 3329 1329 3404 opulentum-

262 3455 329 3510 que
351 3436 472 3511 praeda
498 3434 729 3510 triumphans
765 3435 928 3493 dictator
952 3435 1061 3505 (Mem.
1086 3434 1236 3508 AEmiiius)
1259 3437 1328 3494 Ro·

261 3559 349 3598 mam
372 3541 529 3598 reduxit.
581 3539 637 3596 Illa
667 3541 710 3596 ab
744 3541 866 3614 equite
888 3541 931 3598 ad
960 3540 1211 3597 centurionem
1229 3543 1328 3599 Weis-

260 3645 433 3703 senbornius
463 3648 516 3718 (-
552 3663 619 3702 nem
653 3645 740 3702 ceteri
770 3646 895 3703 editores
930 3655 1027 3703 teuent
1052 3647 1102 3716 ·—)
1132 3646 1206 3702 verti
1232 3646 1328 3704 iubet:

259 3771 338 3809 vom
362 3751 482 3809 Ritter
503 3750 558 3807 bis
580 3769 656 3806 zum
679 3748 888 3808 Centurion.
932 3752 979 3808 Ita
1001 3761 1061 3808 tum
1086 3750 1203 3820 dieitur,
1226 3771 1327 3826 quum,

260 3857 422 3932 significato
445 3873 552 3930 genere
576 3853 684 3928 aliquo,
706 3873 807 3912 omnes
832 3856 959 3926 omnino,
983 3857 1032 3930 qui
1053 3857 1328 3925 iilocontineantur,

260 3961 461 4037 intelligendos
491 3977 554 4016 esse
581 3959 758 4030 deciaratum
787 3959 885 4035 itaque
921 3961 1044 4036 primum
1075 3963 1198 4018 duorum
1224 3965 1327 4038 proxi·

259 4085 372 4124 morum
394 4065 547 4140 graduum,
569 4065 644 4122 inter
668 4083 742 4139 quos
763 4065 859 4122 nulius
880 4065 1047 4124 interiectus
1070 4077 1122 4138 est,
1144 4069 1262 4126 nomina
1284 4071 1328 4126 sic
