2820 4646
614 281 672 338 619
1013 279 1070 329 ma
1089 279 1172 328 xuv.

114 465 173 523 titre
189 465 247 522 sint
261 463 420 538 aualiqnid
434 463 585 534 occultent,
606 461 719 532 nesci03
741 462 795 519 etsi
817 461 986 538 quidlatere
1008 475 1106 540 aptum
1128 465 1172 522 lo·

115 590 150 630 co
173 571 274 648 possit,
295 589 354 627 non
375 567 469 629 rideo.
556 571 627 640 1n§
651 571 668 625 9
691 577 768 626 reete
789 568 963 626 intellectum
987 581 1043 641 est,
1056 589 1171 630 omnem

114 676 292 735 accusatoris
314 675 473 732 orationem
506 675 575 750 fingi
598 674 637 732 ad
668 673 772 730 militas
798 693 989 744 conversam3
1025 677 1123 752 itaque
1144 687 1173 736 et

114 783 325 842 circumiret
346 781 394 854 (de
416 781 603 856 imperatore)
626 799 642 837 e
663 779 762 837 codice
785 781 947 838 restitutum
968 791 1012 840 est
1034 793 1062 840 at
1083 784 1113 841 in
1127 785 1172 841 la·

119 907 195 947 cuna
218 887 382 964 suppletum
404 888 531 944 ductus
552 904 602 955 es,
636 903 723 960 quum
732 884 875 962 Gryneus
897 887 1037 947 duxisti
1058 891 1172 967 posuis-

115 1005 168 1056 set.
212 993 305 1069 Atqui
337 993 419 1051 militi
449 992 505 1050 dici
529 991 641 1067 nequit:
673 992 708 1049 in
740 991 904 1049 statione
934 997 1103 1054 severius
1137 1007 1173 1056 et

115 1101 298 1159 intentius
319 1098 506 1168 institisti3
528 1098 709 1156 scribendum
731 1097 883 1155 stetisti.
947 1099 1050 1158 Restat
1070 1104 1100 1160 in
1122 1125 1172 1164 ex·

116 1205 313 1282 tremocapite
333 1205 426 1279 (513)
454 1213 573 1262 certast
586 1203 705 1279 insignis
727 1204 899 1264 emendatio.
930 1206 1008 1263 Nam
1024 1207 1172 1283 Servilius,

114 1331 234 1370 causam
256 1312 334 1387 apud
355 1310 459 1386 integri
479 1309 577 1368 iudicii
598 1310 761 1368 contionem
782 1309 830 1384 egi
852 1311 980 1386 fingens,
1011 1313 1173 1390 Populus

115 1419 319 1489 Romanus,
351 1416 461 1492 inquit,
504 1461 531 1474 ..
578 1415 746 1492 proximo
779 1425 880 1473 certe
901 1417 1042 1476 Punico
1074 1421 1172 1478 bello

116 1523 321 1598 quidintar
357 1524 398 1582 M.
422 1522 620 1580 Minucium
655 1522 869 1597 magistrum
899 1525 1058 1598 equitum
1081 1527 1172 1600 etQ.

115 1626 268 1686 Fabium
289 1629 507 1686 dictatorem
531 1627 753 1697 interfuerit,
775 1629 944 1686 meminit.
993 1631 1106 1689 Deinde
1120 1633 1172 1690 ad·

115 1733 221 1809 iungit:
243 1733 378 1808 Itaque
399 1745 659 1793 accusatorem
691 1735 727 1792 id
750 1734 845 1791 scire
866 1734 1034 1810 potuisse
1055 1747 1089 1795 et
1113 1757 1171 1796 su-

114 1857 392 1915 pervacaneam
414 1841 666 1900 defensionem
687 1841 795 1899 Pauli
825 1839 955 1902 fuisse.
1003 1843 1097 1901 Multa
1120 1845 1168 1904 hic

115 1963 263 2021 perverse,
284 1948 407 2022 primum
430 1948 459 2005 in
479 1947 619 2006 orationis
633 1957 792 2016 structura;
811 1947 886 2004 unde
898 1949 974 2005 anim
988 1951 1094 2025 pendet
1105 1969 1170 2009 sen·

115 2052 206 2109 terttie
227 2053 338 2112 infinita
356 2055 519 2130 sicpositu:
541 2053 700 2129 populus
722 2054 902 2127 meminit3
922 2055 1049 2131 itaque
1071 2076 1173 2116 accu-

116 2167 278 2216 satorem
302 2160 338 2217 id
369 2162 464 2218 scire
484 2157 679 2236 potuisse?
708 2160 811 2217 deinde
839 2160 869 2216 in
900 2161 1048 2219 sententie.
1096 2164 1173 2221 Me-

113 2263 319 2323 mineretne
347 2267 490 2342 populus,
521 2263 718 2324 accusatorem
739 2266 769 2323 id
801 2265 889 2337 scire,
924 2267 1012 2324 immo
1048 2268 1077 2325 id
1099 2269 1173 2328 scire

112 2370 299 2445 potuisse?
342 2373 551 2431 Memineratna
574 2391 671 2449 porro,
694 2372 779 2429 Pauli
806 2370 1001 2430 defensionem
1034 2392 1173 2449 superva-

113 2493 235 2534 caneam
262 2477 402 2536 fuisse?
434 2477 578 2552 Quando?
612 2479 652 2536 Et
675 2478 744 2553 quid
767 2478 795 2536 id
818 2478 856 2535 ad
877 2498 957 2550 rem,
988 2480 1058 2554 quid
1088 2480 1173 2538 sciret

113 2592 268 2640 accusator
289 2583 327 2641 de
347 2585 476 2644 Minucio
498 2595 526 2643 et
547 2583 660 2642 Fabio?
693 2593 744 2642 aut
779 2585 848 2660 qnid
881 2585 956 2643 inter
977 2586 1052 2644 hane
1080 2587 1174 2644 scien-

113 2688 186 2746 tiam
225 2699 255 2747 et
286 2691 373 2749 Pauli
405 2691 603 2750 defensionem
641 2689 805 2749 coniuncti?
859 2693 1012 2767 Apparet,
1050 2709 1107 2749 non
1143 2691 1173 2749 id

114 2795 183 2872 agi,
216 2797 284 2872 quid
318 2798 354 2854 de
377 2809 545 2856 accusatore
565 2798 690 2873 populus
712 2798 889 2864 meminerit,
925 2797 977 2854 sed
1008 2797 1173 2872 significari,

116 2901 186 2976 quia
206 2901 331 2978 populus
354 2904 530 2974 meminerit,
565 2905 720 2962 ambitiosa
740 2903 863 2980 imperia
894 2904 1094 2980 improspera,
1126 2923 1173 2962 se-

114 3026 186 3064 vera
220 3025 361 3084 prospera
400 3007 504 3080 fuisse,
539 3009 608 3084 quid
636 3011 764 3068 futurum
785 3009 886 3082 fuerit,
921 3009 946 3068 si
976 3011 1054 3086 apud
1085 3010 1171 3068 talem

115 3113 275 3189 populum,
311 3115 416 3190 integri
436 3115 554 3186 indicii,
585 3115 671 3174 Pauli
703 3135 793 3174 cause
822 3123 966 3192 ageretur.
1015 3118 1051 3174 In
1073 3117 1173 3174 codice

115 3237 170 3293 pro
191 3218 226 3276 id
244 3220 343 3278 seira
370 3229 414 3278 est
435 3221 569 3292 iecere,
603 3221 658 3278 hoc
681 3231 726 3278 est
747 3222 898 3280 hiscere.
949 3223 1030 3281 Nihil
1051 3221 1172 3280 manife-

115 3323 187 3381 stius
209 3326 352 3384 certiusra
376 3335 420 3384 est
438 3345 525 3402 quam
552 3327 664 3384 Livium
687 3329 849 3406 scripsisse:
871 3330 1003 3404 Itaque
1024 3329 1172 3404 (populus)

117 3441 367 3491 accusatorem
401 3435 642 3496 tristatam
664 3435 1172 3511 staretstsupervaeaneam

117 3534 369 3596 defensionem
392 3537 501 3596 Pauli
533 3540 697 3601 iecisset.
732 3541 882 3616 (Sequitur
903 3559 961 3598 vox
994 3549 1046 3597 at
1076 3539 1173 3597 littera

118 3639 281 3716 incipiens.)
339 3645 409 3704 Una
442 3654 486 3702 est
512 3645 670 3714 dubitatio,
699 3665 753 3722 pro
776 3664 844 3702 non
866 3645 976 3704 sisset
997 3643 1173 3721 scriptumne

116 3745 204 3804 fuerit
226 3750 487 3824 prohibuisset
529 3751 687 3810 Hiscere
713 3751 742 3809 in
764 3751 859 3810 scire
880 3761 1046 3827 corruptum
1071 3751 1173 3827 depre-

117 3852 268 3911 hendimus
289 3854 347 3914 ism
368 3857 483 3928 XLIV,
506 3860 555 3928 45,
581 3859 627 3916 to.

201 3957 273 4036 Cap.
298 3963 353 4032 38,
380 3966 397 4020 t
421 3963 463 4037 (in
486 3963 587 4020 eadem
609 3961 725 4022 Servilii
746 3963 904 4035 oratione):
926 3961 1085 4033 Erratis,
1107 3961 1174 4020 mi·

118 4063 253 4136 lites,si
277 4066 497 4144 triumphum
518 4069 757 4146 imperatoris
778 4087 819 4128 ac
834 4087 902 4127 non
917 4068 1173 4143 militumque·

119 4187 189 4246 qua
209 4181 244 4229 et
268 4173 432 4232 universi
453 4173 580 4251 populi
601 4175 751 4233 Romani
772 4193 852 4234 esse
873 4175 981 4234 decus
996 4173 1174 4246 censetis;
