2810 4644
299 282 355 332 Lib.
374 282 462 331 XXV.
765 285 823 340 290

431 399 438 430 l

263 467 341 525 dita
362 465 550 543 presidia
570 473 641 540 puto
654 464 768 524 Livium
780 465 942 540 scripsisse:
964 463 1121 538 praebita
1142 467 1331 542 praesidio.

263 573 472 649 significantem
494 587 544 626 eas
574 586 636 640 res,
667 587 741 644 quas
765 570 917 628 Tarentini
937 570 1072 628 Romano
1098 573 1233 646 prasidio
1256 573 1333 630 dare

262 679 391 754 praebere
417 675 511 734 eoacti
532 675 662 742 luissent
685 693 794 732 vacuas
817 675 920 734 domos
948 675 985 750 (c.
1014 680 1059 744 10,
1083 679 1115 750 9)
1139 695 1204 734 eum
1228 679 1331 753 supel-

262 784 364 852 lectili;
392 783 434 840 ita
468 781 543 838 enirn
577 781 719 857 Polybius
749 781 860 854 (v111‚
883 784 932 850 27,
963 783 995 852 2)
1023 782 1193 839 convenisse
1214 784 1331 850 scribit,

262 899 302 960 ut,
323 888 432 946 tradita
456 888 537 958 urbe,
560 885 849 962 Carthaginiensibus
863 887 962 944 liceret
984 875 1046 954 soie
1067 884 1136 948 τῶν
1153 883 1331 966 Ρωμαίων

263 993 374 1063 οἰκίας
398 991 451 1056 καὶ
479 981 677 1061 καταλύσεις
691 985 899 1072 διαρπάζειν.
949 993 1118 1065 (Prodita
1141 1012 1217 1050 curu
1240 1013 1330 1070 prae·

262 1102 356 1159 sidio
384 1101 479 1158 minus
501 1101 575 1157 bane
597 1099 774 1167 dicerentur3
796 1117 890 1173 neque
919 1098 994 1155 anim
1023 1100 1068 1156 bre
1089 1117 1135 1156 res
1157 1101 1330 1175 prodeban-

263 1219 319 1278 tur,
343 1207 445 1264 sellem
467 1224 526 1262 non
548 1205 642 1280 arogis
668 1222 755 1278 quam
778 1214 841 1262 tota
864 1205 955 1277 urbs.)
1008 1204 1147 1279 Sequitur
1174 1210 1189 1275 ξ
1222 1210 1258 1263 to
1291 1207 1329 1264 de

261 1315 430 1372 Philemeno
462 1309 587 1368 venandi
618 1309 713 1385 specie
746 1309 784 1366 ad
808 1309 1002 1367 Hannibalem
1025 1311 1214 1369 commeanti:
1244 1331 1328 1388 cap·

260 1431 410 1495 tumque
431 1418 545 1477 ferme
573 1415 720 1490 aliquid
751 1423 813 1472 aut
843 1415 885 1472 ab
907 1415 1012 1473 hoste
1041 1435 1084 1474 ex
1112 1429 1327 1492 praeparato

263 1527 416 1584 allatum
441 1521 668 1600 reportando
691 1520 853 1576 donabat
882 1531 946 1578 aut
973 1521 1162 1596 praeiactis
1184 1535 1249 1581 aut
1269 1543 1328 1581 ou·

261 1633 432 1690 stodibus
454 1639 653 1706 portarum.
701 1626 765 1684 Etsi
787 1635 844 1696 est,
877 1627 927 1684 ubi
956 1627 1089 1702 gerundii
1120 1629 1266 1687 ablativus
1288 1631 1328 1688 de

261 1739 349 1796 modo
372 1735 477 1812 agendi
508 1735 620 1810 positus
643 1753 661 1790 a
681 1733 830 1807 praesentis
852 1733 991 1808 temporis
1012 1733 1158 1809 participii
1178 1735 1328 1810 significa-

261 1845 339 1901 tione
372 1861 430 1900 non
461 1842 502 1899 ita
534 1839 655 1896 multum
689 1837 774 1894 distet
814 1839 904 1913 (quod
941 1857 1031 1913 genus
1065 1839 1193 1897 breviter
1224 1843 1327 1900 notavi

261 1949 315 2008 Gr.
340 1949 406 2004 Lat.
428 1951 442 2016 ξ
467 1949 527 2004 tlt
550 1955 610 2001 not.
637 1949 683 2016 1),
713 1951 808 1999 tamen
830 1943 855 2000 is
879 1962 947 2000 usus
969 1945 1006 2000 ab
1030 1945 1181 2015 hocloco,
1212 1945 1241 2001 in
1265 1965 1327 2021 quo

260 2055 341 2113 nulla
362 2053 441 2110 modi
463 2050 636 2128 significatio
659 2057 711 2121 ast,
741 2068 860 2124 prorsus
885 2061 929 2107 est
951 2049 1061 2108 alienus
1086 2049 1239 2125 [semper
1261 2051 1327 2108 ali-

261 2160 346 2235 quid
370 2158 589 2234 reportabat
612 2163 646 2213 et
666 2155 703 2211 id
724 2155 908 2228 donabat).
962 2157 997 2213 In
1031 2157 1057 2212 P
1089 2155 1237 2212 scribitur:
1272 2174 1326 2212 re·

260 2265 463 2341 portandos
487 2263 657 2320 donabat.
698 2261 809 2317 Fuerat
823 2279 906 2336 ergo:
927 2255 1127 2338 reportaan
1149 2260 1328 2330 donabam

260 2372 363 2430 litteras
387 2371 431 2426 do
453 2370 578 2445 primum
601 2375 669 2424 anta
689 2385 719 2430 s,
741 2366 845 2424 deinde
866 2385 919 2424 suo
941 2368 1007 2425 loco
1029 2367 1143 2443 scriptas
1164 2375 1241 2426 sunt.
1290 2367 1327 2423 In

259 2479 315 2535 fine
336 2476 421 2534 huius
442 2473 545 2549 capitis
578 2475 605 2544 (ς
634 2473 681 2545 13)
703 2472 851 2530 scribitur:
887 2472 1062 2532 Romanis
1092 2491 1239 2547 qnoque

259 2591 433 2658 suspecta
458 2597 537 2636 esse
562 2579 630 2636 iarn
653 2579 778 2652 segnis
800 2597 898 2636 mora
930 2580 1008 2637 eius
1028 2578 1205 2646 desierat;
1236 2578 1326 2634 debc-

259 2690 311 2745 bat
332 2687 388 2744 dici
410 2697 473 2744 aut:
509 2687 596 2742 Rom
608 2683 687 2740 anis
709 2703 852 2758 quoque
876 2685 947 2742 iam
971 2693 1037 2742 aut:
1059 2684 1127 2742 iam
1151 2685 1325 2746 desierat

259 2793 359 2851 Livius
381 2792 537 2866 scripserat
559 2799 627 2847 tarn
652 2790 783 2864 segnis.
869 2787 942 2864 Cap.
959 2791 987 2860 9,
1009 2793 1044 2846 10
1060 2791 1152 2847 verba
1172 2791 1214 2847 sic
1234 2790 1325 2846 inter·

258 2897 414 2974 pungenda
442 2905 525 2952 sunt:
559 2895 681 2951 editus
712 2913 753 2950 ex
776 2894 982 2969 composito
1004 2895 1101 2969 ignis
1123 2896 1166 2952 ab
1188 2895 1324 2953 Hanni-

259 3003 342 3061 bale
383 3009 454 3070 est,
497 3001 720 3076 refulsitque
752 3001 844 3056 idern
881 2999 1061 3056 redditum
1096 3002 1139 3057 ab
1180 3001 1323 3058 Nicone

259 3109 408 3184 signum,
430 3107 546 3164 sublata
557 3107 636 3164 inani
656 3105 818 3180 tautologia
842 3104 980 3174 (editus
1002 3115 1057 3162 est
1075 3106 1322 3182 refulsitque).

342 3213 415 3288 Cap.
442 3217 487 3281 10,
513 3217 545 3270 5:
583 3213 653 3272 Ubi
685 3210 827 3282 illuxit,
863 3221 896 3268 ct
929 3211 1103 3269 Romanis
1125 3213 1266 3270 Punica
1288 3223 1323 3270 et

260 3321 410 3380 Gallica
434 3337 535 3376 arma
556 3317 705 3392 cognite
728 3329 797 3374 tum
823 3316 1093 3374 dubitationem
1111 3329 1321 3376 exemerunt

259 3438 293 3486 et
315 3427 435 3486 Groeei
540 3433 685 3499 captam
707 3424 828 3480 urbem
856 3433 1055 3481 senserunt.
1106 3423 1230 3482 Frustra
1252 3444 1320 3501 par·

258 3533 351 3590 ticulae
374 3541 450 3590 tum
473 3533 532 3602 W„
553 3531 615 3605 ipse
648 3529 802 3599 dubitans,
838 3529 965 3586 colorem
996 3528 1115 3602 quaerit3
1148 3549 1184 3587 ne
1216 3531 1319 3590 Graece

259 3639 373 3712 quidam
388 3624 452 3695 'hoc
474 3638 538 3694 loco
561 3647 611 3693 aut
633 3629 705 3695 εἶτα
729 3644 788 3700 aut,
810 3635 888 3709 quod
904 3634 1023 3710 propius
1046 3645 1098 3703 est,
1120 3627 1230 3704 οὕτως
1251 3640 1319 3713 poni

257 3753 382 3819 poterat,
404 3743 483 3816 quod
506 3742 586 3799 nulla
608 3741 701 3797 estin
723 3739 875 3816 participio
899 3740 1075 3798 condicionis
1098 3743 1255 3818 aliquando
1277 3743 1317 3800 el·

257 3851 339 3908 fcctae
361 3849 542 3924 significatio.
598 3849 709 3906 Natum
741 3847 855 3902 videtur
885 3855 957 3902 tum
988 3865 1025 3903 ex
1047 3847 1207 3917 tandem,
1241 3850 1316 3923 quod

257 3956 421 4031 praeoadens
443 3964 480 4012 ta
508 3953 716 4012 obscuraverit„

341 4059 414 4136 Cap.
439 4063 485 4131 11,
509 4063 542 4117 6:
583 4059 672 4116 lnde
694 4070 729 4116 et
751 4077 840 4134 opus
867 4059 966 4116 nullo
988 4059 1207 4134 prohibente
1231 4060 1315 4118 lieri

258 4175 433 4242 coeptum.
491 4165 572 4223 Nihil
594 4175 646 4234 est,
669 4183 727 4238 quo
749 4163 892 4222 referatur
915 4175 957 4231 st,
994 4163 1106 4221 etiamsi
1128 4183 1182 4239 pro
1207 4165 1314 4222 etiam
