2826 4640
607 274 664 330 537
1011 271 1067 322 Lib.
1081 273 1166 327 XLII.

105 459 221 519 nihilo
243 457 486 534 paratiorem,
510 455 692 512 Romanos
715 453 881 510 omnibus
903 453 1169 516 instructiores

105 566 217 624 rebus
239 570 436 637 coepturos
458 559 604 617 bellurn.
641 559 706 617 Nec
723 559 851 616 dubitari
865 557 951 617 facile
972 569 1077 636 potest,
1099 564 1169 638 quin

105 674 157 730 hro
178 689 254 728 oum
279 675 375 725 ortum
396 665 434 722 sit
460 683 498 722 ex
519 681 646 734 aeoum;
669 663 723 737 (sic
738 664 932 740 enimpartim
954 666 1089 724 scribitur
1098 667 1168 725 alibi

105 777 135 833 in
158 775 276 845 codice,
304 771 410 848 partim
433 770 590 844 antiquitus
612 769 750 844 scriptum
775 767 864 826 fuisse
887 789 924 828 sx
946 772 1056 830 mendis
1077 791 1168 849 eppe·

107 891 161 952 ret,
184 879 372 952 similiterque
394 875 612 951 propincum
628 873 764 932 scribitur
778 892 802 931 c.
820 877 869 946 50,
883 879 898 933 'i
910 885 940 933 et
953 877 1035 949 elia).
1063 879 1170 936 Proxi-

108 1005 186 1043 mum
197 985 286 1060 igitur
297 979 628 1054 obiiceretur28patio
651 988 769 1036 eutem
785 978 854 1040 ind.
874 991 1018 1058 sumpto
1034 1001 1168 1058 {equum

108 1101 303 1148 venturum
326 1089 417 1160 (ea),
438 1086 463 1143 si
487 1084 566 1142 credi
587 1093 703 1160 posset,
730 1084 772 1141 ito
797 1084 903 1143 Latine
925 1087 982 1146 dici
1003 1090 1046 1159 (es
1068 1091 1170 1149 wbrde

108 1194 337 1271 Gleiohgewicbt
359 1192 523 1261 sintreten);
545 1189 597 1247 sed
618 1207 712 1264 neque
733 1208 866 1264 equum
881 1193 1071 1264 (nominativo
1086 1197 1169 1270 casu)

108 1319 202 1376 neque
223 1299 348 1358 venire
381 1296 423 1354 sic
450 1295 564 1356 dicitur.
623 1295 748 1352 Videtur
768 1294 859 1352 latere
881 1307 945 1354 snt:
975 1298 1011 1356 in
1035 1319 1168 1374 oequum

108 1417 287 1465 venturos
307 1413 370 1460 aut:
392 1421 528 1477 aequum
550 1409 739 1458 certamen
761 1409 963 1461 venturum.
990 1404 1168 1480 (Spatium

108 1509 346 1570 induciarum
367 1525 514 1564 sumere
536 1524 612 1563 cnm
635 1505 773 1580 aliquo,
795 1506 970 1579 quodrideo
991 1509 1105 1578 tentari,
1126 1509 1169 1566 ni·

108 1615 149 1673 hil
171 1623 231 1684 est;
253 1613 374 1670 vitiosus
396 1612 552 1668 verborum
576 1611 648 1668 ordo
670 1611 790 1682 manet.)

193 1720 266 1796 Cap.
290 1721 339 1788 ts,
362 1719 380 1774 6
402 1735 466 1791 sqq.
514 1717 645 1774 Primum
669 1715 818 1775 sententie
842 1716 884 1774 sic
908 1717 1074 1778 dirimendas
1090 1733 1170 1779 sunt:

108 1828 308 1900 iussusque
331 1823 388 1890 (M.
411 1822 580 1895 Lucretius)
604 1823 648 1880 ab
670 1823 786 1880 sociis
808 1841 851 1878 ex
872 1821 1025 1882 foedere
1046 1844 1169 1903 accep·

108 1935 162 1990 tis
183 1931 340 1990 navibus
359 1927 403 1984 ad
426 1925 709 2002 Cephalleniam
744 1927 861 1986 classi
886 1947 1091 2000 occurrere,
1127 1933 1170 1996 ab

110 2036 288 2113 Rheginis
309 2031 452 2092 triremi
474 2051 563 2102 una,
586 2036 631 2092 ab
655 2033 786 2092 Locris
808 2035 958 2106 duobus,
991 2037 1035 2093 ab
1058 2035 1171 2096 Uriti-

110 2146 175 2202 bus
200 2141 243 2220 (ll
266 2149 452 2216 quattuor.
511 2139 653 2196 Praeter
677 2158 777 2196 orem
802 2150 856 2199 cet.
911 2141 990 2198 Nem
1012 2143 1056 2199 eb
1077 2143 1171 2200 Rhe·

111 2247 208 2324 ginis
230 2246 374 2303 triremi
397 2263 467 2301 una
496 2286 524 2304 ..
552 2245 699 2303 traiicit
720 2245 856 2302 vitiosum
880 2257 938 2316 est,
977 2247 1043 2324 (etsi
1072 2247 1170 2304 rectis·

111 2355 229 2412 simum:
251 2348 392 2410 triremi
416 2368 484 2406 uua
506 2349 679 2422 traiicio).
723 2348 838 2407 Deinde
854 2367 1041 2425 quemquam,
1063 2352 1170 2410 simae

112 2457 261 2517 collationi
281 2457 353 2514 fides
375 2463 435 2526 est,
457 2474 514 2511 non
537 2455 680 2513 omit-titur
700 2454 831 2525 Italia,
866 2456 918 2512 sed
950 2457 991 2513 sio
1024 2457 1171 2514 scribitur:

112 2566 251 2622 Praeter
286 2580 382 2618 oram
420 2571 665 2634 supervectus
686 2559 807 2618 ltalia
835 2559 1018 2619 Calabriae
1050 2572 1171 2620 extre·

112 2687 200 2726 mum
225 2667 524 2744 promuntorium,
556 2676 634 2723 recte
668 2676 765 2724 tamen
797 2687 816 2724 a
836 2667 1074 2725 Weissenbornio
1095 2669 1171 2726 Ita·

112 2773 167 2830 lise
188 2773 332 2830 sublatum
355 2771 484 2840 videtur3
518 2790 606 2846 quum
629 2772 704 2829 enim
732 2793 786 2848 per
807 2791 839 2830 se
860 2773 931 2830 satis
952 2772 1024 2829 dure
1045 2773 1172 2830 dicetur:

111 2885 356 2952 prsetsroram
381 2878 579 2952 superveni
602 2877 1172 2953 promuntorium,molestiusmulto

113 2983 142 3040 id
164 2985 212 3053 iit,
247 2983 345 3040 addito
378 2983 506 3058 regionis
542 2991 681 3058 tanquam
703 2983 826 3042 diversa
849 3003 866 3042 a
890 2982 1028 3042 Calabria
1049 2985 1172 3044 nomine.

113 3089 209 3146 Locus
231 3088 317 3145 etiam
340 3071 387 3158 (iu
409 3088 486 3160 cod.)
509 3098 674 3164 suspectum
696 3089 725 3146 id
749 3109 854 3148 nomen
876 3089 956 3147 facit.
1009 3089 1066 3150 Sed
1089 3091 1174 3148 simul

112 3195 240 3252 tollenda
261 3194 376 3252 ridetur
397 3193 485 3252 fuisse
507 3193 674 3270 praepositio
710 3195 791 3272 (iu),
814 3205 878 3252 orta
911 3214 947 3252 ex
972 3205 1101 3252 extreme
1127 3195 1173 3252 lit-

112 3310 175 3357 tera
196 3305 252 3370 (m)
277 3300 465 3375 proecedentis
487 3299 577 3370 vocis,
600 3309 632 3357 ut
652 3301 809 3358 scribetur:
831 3302 888 3361 Pr.
912 3319 957 3359 or.
980 3317 1173 3374 supervec-

112 3415 171 3462 tus
194 3404 378 3462 Calabria
401 3415 492 3462 extr.
515 3405 818 3481 promuntorium,
840 3405 930 3462 mari
949 3405 1058 3462 Ionio
1082 3405 1173 3480 Dyr·

111 3511 301 3568 rhachium
325 3511 478 3568 traiicit.
521 3512 599 3568 Nam
629 3521 660 3568 ut
690 3511 804 3568 dicatur
832 3519 910 3568 recte
929 3511 1173 3585 promuntori-

113 3636 169 3674 um
191 3617 225 3673 in
247 3617 338 3674 mari
359 3616 468 3674 Ionio
491 3616 541 3694 (-
565 3616 654 3692 paulo
677 3615 752 3674 enim
775 3615 920 3673 diversum
943 3625 1000 3671 est:
1022 3613 1058 3670 in
1080 3615 1174 3672 meri

112 3722 221 3780 Ionio
243 3723 317 3780 haec
353 3731 437 3780 sunt
466 3723 732 3798 promuntoria
756 3721 825 3795 —),
861 3733 957 3778 tamen
980 3739 1082 3796 parum
1108 3729 1175 3794 epto

112 3829 155 3885 sic
176 3828 320 3897 scribitur,
356 3837 495 3903 tanquam
519 3827 657 3887 Calabria
685 3829 723 3886 ad
746 3827 805 3884 alia
826 3827 912 3884 ctiam
936 3826 1029 3884 meria
1050 3825 1176 3882 obversa

111 3935 219 3992 babeat
246 3933 456 4010 promuntoria.
