2810 4644
308 282 475 333 emme
774 284 833 342 284

274 475 369 528 estet
390 467 526 526 retineret
543 465 699 537 iudicio,
727 465 805 542 quod
828 475 923 524 ortum
946 475 990 524 est
1009 465 1161 543 perspicue
1180 483 1218 522 ex
1238 464 1331 522 divul-

274 573 315 631 sis
337 572 439 630 litteris
461 572 597 630 vocabuli
621 572 768 630 aliunde
795 571 858 648 (ali
886 573 983 642 iude,
1009 572 1122 642 deinde,
1152 589 1240 646 quum
1260 571 1331 629 iud.

221 699 224 705 ·
275 698 330 756 pro
353 679 526 754 compendio
545 677 616 736 satis
637 675 781 753 frequenti
795 679 926 737 habitum
949 688 1034 749 esset,
1057 677 1108 736 eli
1128 677 1265 735 iudicio
1287 678 1331 748 e);

275 803 415 844 revocere
436 793 594 842 tentantem
626 783 765 842 debuerat
794 785 842 843 vel
861 803 970 861 pravus
991 784 1063 842 ordo
1084 785 1239 842 verborum
1261 794 1332 841 stet

275 911 419 969 semper
441 889 604 962 aliunde,
634 891 762 966 pondere
783 891 812 948 in
840 901 913 949 stet
941 890 1087 960 inclinato,
1117 891 1196 966 quod
1216 891 1247 948 in
1269 889 1333 948 ali·

274 997 366 1055 unde
400 1015 463 1054 esse
495 995 597 1067 debet,
633 1005 662 1053 et
694 1015 849 1073 semper,
890 996 968 1072 quod
999 1014 1151 1054 commune
1184 995 1333 1069 uniusque

276 1103 396 1162 membri
419 1110 476 1172 est,
509 1101 584 1160 inter
615 1121 701 1160 voees
734 1105 839 1180 prioris
872 1101 994 1162 membri
1025 1101 1120 1160 medio
1151 1101 1332 1178 interposito.

276 1209 335 1269 Sed
356 1209 386 1266 in
408 1207 605 1284 superioribus
633 1207 816 1267 Gronovium
849 1228 951 1268 renim
972 1225 1030 1264 non
1060 1208 1212 1274 invenisse,
1241 1208 1333 1266 multe

275 1316 450 1386 ostendunt,
482 1315 626 1391 turpius
658 1314 796 1372 inutiliter
828 1315 974 1384 additum,
1011 1315 1183 1372 videatur
1213 1329 1332 1390 prorsus

275 1441 367 1500 preve
400 1422 437 1478 de
468 1441 501 1480 re
530 1421 690 1480 certissime
720 1420 863 1497 positum,
898 1439 1064 1497 perversum
1097 1419 1211 1478 dicendi
1242 1435 1332 1496 genus

276 1529 524 1606 proditionem
554 1527 695 1586 referre
723 1527 883 1603 proditis
910 1526 991 1603 (nam
1022 1525 1164 1598 refertur,
1196 1527 1252 1584 hoc
1280 1536 1331 1598 est,

242 1648 245 1658 ¹
277 1637 398 1694 iteratur
420 1634 562 1711 proditio,
593 1653 650 1691 non
679 1633 765 1690 elicui
781 1633 934 1705 refertur).
966 1632 1051 1690 olim
1078 1631 1170 1689 otiose
1203 1641 1331 1688 extremo

276 1742 342 1800 loco
365 1742 533 1810 adherens,
567 1737 688 1796 confuse
721 1739 751 1796 in
784 1747 1009 1814 resurgeret,
1039 1737 1227 1806 videatur,
1261 1747 1332 1794 stet

276 1847 414 1923 temporis
435 1846 546 1904 notatio
579 1843 661 1922 (nam
682 1845 718 1902 de
740 1863 790 1914 eo,
821 1845 899 1920 quod
920 1863 996 1902 nunc
1015 1844 1110 1920 ipsum
1132 1843 1179 1912 fit,
1206 1861 1331 1918 prasens

278 1973 333 2029 pro
354 1952 523 2028 imperfecto
545 1952 736 2010 exoratione
759 1961 840 2008 rectu
860 1961 1000 2008 retentum
1028 1959 1195 2008 constanter
1222 1947 1330 2006 servari

278 2057 385 2135 debet),
407 2068 553 2134 postremo
576 2057 707 2115 codicum
729 2056 860 2132 vestigia.
902 2055 1018 2113 Initium
1043 2053 1252 2113 emendationis
1273 2054 1330 2112 lec·

277 2170 337 2219 tum
360 2162 422 2233 erit,
444 2163 470 2220 si
491 2163 724 2233 intellexerimus,
746 2161 916 2220 videatur
938 2162 1080 2238 pertinere
1102 2160 1139 2217 ed
1162 2161 1329 2218 seutentiam

279 2266 316 2324 de
340 2286 371 2324 re
392 2268 527 2326 Romane
547 2269 724 2344 resurgenti,
753 2267 832 2344 quod
859 2267 888 2326 in
919 2287 971 2344 spe
992 2277 1020 2325 et
1050 2265 1185 2342 opinione
1207 2267 1329 2343 positum

281 2379 352 2430 eret.
395 2373 444 2432 Sic
466 2375 541 2432 enim
557 2375 657 2432 Livius
671 2374 800 2450 scripsit:
822 2384 908 2447 tum,
933 2374 1103 2449 quoniam
1126 2373 1181 2448 (sie
1192 2375 1242 2434 W.
1257 2383 1330 2431 recte

280 2497 335 2555 pro
357 2480 471 2553 quem)
505 2498 562 2538 res
592 2482 754 2538 Romana
784 2492 912 2538 contre
939 2499 1035 2556 spem
1068 2489 1230 2554 votaque
1258 2481 1330 2537 eius

279 2604 477 2666 resurgere
499 2587 639 2649 rlrlbn
666 2586 850 2658 videatur,
884 2605 1011 2644 noram
1044 2584 1183 2643 referre
1210 2585 1330 2661 prodi·

278 2693 411 2750 tionem
439 2692 596 2768 proditis
626 2693 862 2772 pellleeeter,
901 2690 1049 2750 eliunde
1080 2700 1151 2749 stet
1180 2709 1329 2767 semper.

278 2795 423 2853 aliunde
437 2798 734 2869 sentiet,infidus
751 2799 886 2869 socius,
906 2816 1017 2856 venus
1031 2797 1155 2856 hostis.
1181 2798 1330 2856 Postrema

280 2903 341 2958 hoec
362 2903 503 2960 sententie
524 2915 601 2962 recte
622 2905 745 2963 relativo
766 2925 824 2963 non
853 2907 976 2980 repetito
999 2894 1189 2973 siovvdr‘ewc
1210 2905 1330 2968 additur,

279 3007 459 3083 superiorum
491 3011 660 3068 seutentiam
689 3012 815 3070 breviter
845 3011 992 3086 colligens.
1047 3010 1138 3067 Verbi
1159 3010 1330 3087 pollicea-

277 3124 351 3184 tur,
382 3114 460 3188 quod
495 3115 588 3173 oratio
616 3129 644 3175 et
662 3117 803 3174 sententia
824 3116 968 3193 postulat,
1000 3116 1064 3174 duae
1092 3117 1193 3192 primas
1214 3117 1329 3192 syllabae

278 3230 453 3290 manserunt,
484 3241 521 3280 ex
541 3221 653 3279 turali
675 3233 768 3280 ortum
791 3221 915 3290 uirali,
945 3221 1048 3280 deiude
1070 3241 1108 3280 ex
1129 3241 1193 3281 cea
1213 3221 1329 3288 fectum,

277 3325 373 3384 nescio
406 3345 463 3402 quo
494 3346 599 3396 errore,
621 3327 694 3388 vll.
759 3327 947 3387 Polliceor
978 3327 1098 3385 facere
1128 3348 1185 3387 non
1221 3337 1329 3387 tantum

280 3433 401 3491 Plautus
429 3444 457 3491 et
479 3434 631 3492 Terentius
660 3433 811 3504 dixerunt,
844 3435 895 3492 aed
927 3433 1027 3492 Caesar
1053 3435 1090 3494 B.
1121 3433 1160 3494 G.
1189 3435 1253 3506 IV,
1284 3435 1329 3491 21.

276 3539 417 3598 Extrema
438 3543 529 3599 verbe
550 3541 591 3599 sic
614 3540 747 3598 videntur
767 3540 933 3598 scribenda:
963 3539 996 3596 id
1025 3539 1069 3596 ed
1101 3541 1327 3600 Faleriorum

276 3641 482 3722 Pyrrhique
511 3645 734 3723 proditorem
764 3646 910 3703 tertium
932 3644 1328 3720 treus-lugisdocumen·

276 3760 348 3809 tum
372 3763 469 3810 esset
487 3755 537 3827 (ex
557 3763 637 3811 recta
659 3753 789 3810 oratione
810 3751 986 3808 huiusmodi:
1007 3752 1074 3808 hoc
1095 3781 1137 3794 —
1159 3753 1219 3822 sit;
1240 3752 1328 3810 inlini·

276 3857 353 3915 tivus
375 3857 444 3916 ferri
467 3858 655 3917 nullomodo
677 3869 782 3936 potest.
814 3859 865 3916 sed
896 3877 932 3915 ne
955 3875 1115 3934 pronomen
1138 3857 1252 3934 quidem
1278 3860 1327 3915 eb-

276 3983 354 4036 esse;
376 3966 412 4022 de
433 3965 468 4023 id
489 3966 535 4022 v'el
557 3965 675 4042 adpro
698 3965 743 4022 ed
764 3965 814 4036 id,
835 3963 871 4021 id
893 3965 935 4022 ad
957 3965 1064 4041 scripto
1085 3965 1143 4022 vid.
1167 3967 1205 4024 ed
1227 3964 1323 4029 XXV÷

276 4076 325 4142 40,
349 4073 390 4145 8).
432 4075 531 4147 Atque
560 4072 621 4129 brec
653 4071 768 4147 quidem
800 4071 923 4130 aliorum
954 4069 1067 4129 illorum
1098 4072 1240 4130 sententia
1265 4069 1326 4131 fuir:
