2822 4648
301 273 358 324 nrt.
378 272 455 322 vm.
772 275 829 334 too

349 456 422 534 Cap.
446 459 553 516 dextr.
597 457 677 516 Fieri
700 465 806 532 potest,
826 467 860 514 ut
879 475 1008 516 errorem
1031 459 1115 516 Livio
1137 457 1331 533 antiquiorem

266 579 320 624 noe
339 563 369 620 in
392 563 469 620 Livii
490 563 589 622 verbis
615 563 703 622 sitnm
723 561 878 636 attingam3
910 563 961 620 sed
983 564 1175 640 suspicionem
1197 581 1332 638 premere

335 839 384 890 qne
407 827 476 875 eninr
500 827 636 876 verboram
662 828 839 876 emendatione
864 828 1000 877 admodum
1025 837 1095 891 eget,
1122 828 1166 876 sed
1191 835 1279 891 aperta
1302 835 1333 874 et

336 917 444 981 simplici
464 919 646 978 declaratione,
671 935 721 984 qua
740 919 839 968 ratione
857 919 952 978 Livius,
971 935 1045 983 quem
1065 935 1080 968 a
1098 929 1209 968 veterum
1227 919 1332 967 institn-

335 1017 418 1058 torum
438 1019 463 1059 et
483 1011 686 1074 perscrutatione
709 1011 826 1074 diligenti
851 1021 877 1060 et
903 1011 1073 1074 intelligentia
1096 1012 1173 1074 longo
1203 1019 1330 1060 remotum

335 1099 415 1150 inisse
434 1103 552 1154 novimus
575 1109 601 1152 et
623 1105 649 1152 in
667 1103 812 1153 huiusmodi
838 1105 916 1154 rebus
936 1105 1096 1168 explicandis
1114 1104 1196 1166 magis
1215 1103 1331 1152 colorem

335 1193 460 1258 quendam
478 1195 627 1254 vetustatis,
661 1197 766 1246 summis
798 1211 881 1246 rernm
900 1197 1037 1262 perleviter
1054 1197 1189 1254 delibatis,
1211 1203 1331 1258 captasse

336 1301 412 1350 qnam
431 1288 591 1352 perspicuam
611 1297 759 1351 certamque
783 1290 922 1352 imaginem
948 1295 993 1338 aut
1011 1288 1099 1336 animo
1123 1289 1205 1352 ipsum
1223 1288 1331 1338 linxisse

335 1387 381 1428 sut
402 1379 535 1428 scribendo
554 1379 719 1444 expressisse,
734 1383 760 1430 in
780 1397 811 1430 ca
828 1381 954 1442 inciderit,
975 1393 1032 1442 qnae
1052 1381 1168 1429 codicum
1187 1394 1332 1432 consensus

336 1478 362 1518 et
379 1471 503 1520 orationis
522 1478 596 1520 tenor
613 1487 660 1536 per
678 1488 705 1522 se
725 1473 808 1522 bonus
831 1481 858 1520 et
875 1473 1035 1536 incorruptus
1054 1486 1112 1520 eum
1130 1473 1261 1538 scripsisse
1282 1474 1331 1520 de·

336 1573 484 1612 monstrant.
526 1563 641 1612 Primum
666 1565 744 1626 igitur
770 1563 947 1630 manipulatim
968 1573 1090 1614 structam
1109 1565 1189 1612 aciem
1215 1571 1240 1612 et
1258 1564 1331 1612 ordi·

335 1669 380 1704 nos
398 1656 535 1708 instructos
554 1669 677 1721 tanquam
696 1651 747 1708 diro
767 1667 791 1706 et
810 1657 909 1707 diversa
927 1657 1067 1720 separat-it,
1099 1669 1177 1718 quum
1199 1655 1330 1704 centurias

335 1755 361 1796 ct
378 1749 481 1797 ordines
501 1751 527 1798 in
548 1751 693 1814 manipulos
712 1749 836 1800 conflatos
854 1749 970 1812 legissem
995 1751 1086 1798 deinde
1105 1739 1230 1796 centbrias
1243 1745 1331 1808 (ordi-

334 1839 394 1902 nes)
413 1847 439 1888 et
458 1843 604 1908 manipulos
623 1859 712 1908 purum
732 1842 862 1900 distinxit3
882 1843 1052 1891 centuriarum
1071 1841 1139 1906 enim
1158 1853 1263 1888 numero
1278 1841 1329 1888 mi-

335 1929 408 1979 litum
426 1935 510 1995 posito
529 1935 597 1998 (ott),
617 1936 693 1984 binos
711 1933 809 1982 addidit
823 1935 993 1994 centuriones,
1012 1936 1055 1997 qni
1066 1934 1092 1982 in
1105 1933 1237 1996 manipulo
1252 1941 1330 1982 erant

333 2021 373 2084 (in
392 2027 514 2076 centuriis
532 2025 651 2090 singuli),
670 2027 858 2092 manipulisque
877 2027 980 2076 vicenos
999 2025 1060 2076 levis
1078 2033 1213 2074 armature
1232 2024 1329 2074 milites

334 2115 482 2182 assignavit,
502 2130 564 2182 quot
583 2121 609 2168 in
628 2121 743 2170 centurio
761 2119 839 2168 luisse
852 2119 975 2182 Polybius
988 2119 1083 2178 scribit,
1096 2131 1143 2164 nec
1162 2117 1236 2176 eavit,
1256 2117 1328 2180 quod

334 2203 456 2268 Polybius
466 2210 602 2272 diligenter
619 2211 690 2272 feeit,
710 2221 738 2260 ut
756 2213 781 2261 hi
795 2221 867 2260 extra
877 2215 909 2260 60
919 2211 1034 2260 hastatos
1051 2209 1227 2274 principesque
1246 2204 1328 2272 ipsos,

334 2297 377 2360 qui
396 2299 421 2346 in
441 2303 554 2350 centuria
573 2311 665 2361 essent,
678 2312 886 2361 numerarentur3
906 2303 1029 2366 manipuli
1049 2303 1127 2351 totius
1146 2289 1330 2352 numerumitn

335 2389 428 2450 omisit,
448 2401 475 2440 ut
495 2407 551 2442 cum
571 2396 692 2444 centurion
711 2409 818 2444 numero
837 2392 982 2443 contudisse
1000 2395 1122 2444 videatur.
1171 2395 1229 2444 Una
1247 2394 1328 2442 relin-

335 2483 422 2544 quitur
441 2485 467 2532 in
486 2485 534 2534 huc
552 2497 624 2552 peste
643 2489 784 2546 dubitatio,
803 2487 871 2535 unde
892 2491 922 2535 15
943 2487 1086 2550 manipulos
1103 2487 1272 2545 hastatorum,
1295 2492 1327 2535 15
1399 2501 1400 2506 ¹

334 2575 477 2639 principum
497 2581 632 2643 acceperit,
653 2581 690 2629 ita
707 2587 737 2628 nt
755 2595 787 2628 ex
800 2585 847 2638 80,
866 2579 910 2642 qui
928 2593 1048 2627 numerus
1067 2579 1255 2642 manipulorum
1275 2579 1328 2626 iam

333 2667 516 2728 antiquissimas
536 2670 644 2733 legionis
659 2683 743 2722 certus
763 2686 820 2720 esso
835 2671 943 2734 videtur,
957 2669 1020 2720 nulli
1033 2671 1128 2720 triariis
1142 2671 1328 2735 relinquantur.

333 2755 474 2808 Numerum
500 2763 687 2826 manipulorum
714 2766 791 2814 totius
815 2763 924 2826 legionis
955 2762 988 2810 nd
1014 2761 1128 2812 hastatos
1146 2763 1328 2826 principesque

324 2852 420 2902 ,nescio
443 2865 494 2914 quo
517 2868 603 2902 errore
627 2857 779 2906 translatum
805 2855 885 2918 (quod
908 2855 934 2903 in
953 2853 1046 2902 triariis
1065 2854 1115 2904 alin
1133 2863 1186 2903 crat
1205 2855 1329 2904 centuria

331 2939 410 3004 ipsius
435 2951 460 2991 et
479 2945 603 3010 manipuli
621 2949 769 3014 descriptio)
793 2949 859 2996 inter
883 2961 927 2996 eos
948 2947 1063 2996 divisisse
1082 2946 1187 2994 videtur.
1226 2945 1328 2996 Deinde

331 3041 415 3080 antem
435 3033 462 3083 in
480 3037 574 3086 triariis
594 3039 777 3103 describendis,
796 3041 821 3088 in
841 3055 892 3102 qun
910 3047 981 3102 parte
993 3038 1104 3086 maxime
1117 3038 1256 3092 laboratur,
1269 3053 1328 3085 ms-

331 3121 425 3172 uiicsto
448 3142 495 3192 pro
514 3143 565 3178 uuo
584 3131 677 3181 vexillo
700 3131 859 3195 (manipulo)
878 3133 926 3180 triu
944 3145 1039 3193 genera
1054 3130 1162 3179 militum
1176 3130 1326 3188 continenti,

330 3215 431 3266 triarios
459 3219 539 3284 ipsos,
558 3224 678 3284 rorarios,
698 3239 827 3282 accensos,
844 3223 976 3272 substituit
998 3221 1156 3286 manipulum
1174 3222 1260 3284 (quem
1283 3235 1328 3269 or·

331 3307 416 3359 dinem
443 3313 555 3376 vocarit)
575 3316 624 3363 tris
646 3316 741 3365 vexilla
759 3317 932 3365 continentem
952 3315 1034 3364 ethis
1051 3315 1134 3364 tribus
1153 3313 1253 3362 vexillis
1272 3313 1326 3362 siu·

330 3400 397 3462 gulis
415 3401 518 3466 plenum
537 3407 659 3456 centurius
678 3423 811 3458 nnmerum
832 3408 909 3458 dedit.
945 3407 1082 3470 EPolybii
1102 3405 1273 3468 descriptione
1285 3404 1325 3452 in-

329 3490 460 3556 telligitur,
479 3498 533 3546 eins
551 3506 627 3548 etate
646 3499 789 3550 triariorum
808 3499 999 3563 manipnlos
1017 3500 1126 3548 eundem
1139 3497 1258 3548 habuisse
1276 3511 1325 3546 nn·

329 3599 441 3648 merum,
461 3589 504 3652 qni
524 3589 550 3638 in
569 3591 676 3640 hastatis
697 3592 905 3657 principibusque
926 3592 1155 3640 centuriarum
1175 3597 1255 3648 esset,
1275 3589 1324 3638 nisi

329 3678 399 3739 quod
419 3680 509 3729 velites
528 3683 604 3730 etiam
624 3682 650 3730 in
669 3683 763 3732 triariis
773 3684 931 3748 quadrageni
945 3691 1038 3742 essent,
1050 3689 1113 3748 quot
1126 3682 1151 3728 in
1164 3680 1323 3730 hastatorum

328 3770 524 3836 principumque
544 3773 679 3838 manipulis
700 3773 748 3835 (20
767 3775 793 3824 in
813 3774 955 3840 centuriis).
1005 3775 1091 3824 Unum
1115 3781 1154 3822 est
1173 3781 1262 3822 contro
1280 3787 1323 3820 co·

328 3861 398 3911 dices
416 3864 613 3924 emendandum,
632 3873 661 3914 ut
679 3864 783 3914 tollatur
800 3867 957 3930 primum,
989 3869 1058 3932 quod
1077 3876 1136 3915 aute
1154 3865 1258 3929 pilum
1277 3879 1323 3929 po·

329 3953 409 4014 nitur;
433 3956 568 4020 primum
595 3956 696 4020 pilum
723 3957 819 4007 librarii
838 3968 947 4020 norant,
966 3961 1067 4025 pilum
1087 3957 1206 4010 absolute
1226 3959 1258 4006 de
1276 3971 1323 4006 nu·

331 4061 401 4095 mero
424 4046 532 4096 militurn
554 4048 665 4112 positum
693 4049 862 4114 ignorabant3
890 4059 989 4110 cetera,
1021 4051 1107 4115 qualia
1137 4051 1163 4098 in
1192 4049 1323 4098 codicibus
