2800 4646
555 261 613 317 207

51 447 80 496 et
104 456 194 496 voces
218 439 256 496 ud
278 440 428 514 proximus
451 459 536 511 casu,
568 459 690 516 genere,
720 461 841 500 numero
863 444 1120 502 accommodantur

52 547 99 616 (ut
121 544 246 614 XXIII,
278 546 326 614 33,
359 547 410 602 12:
440 565 515 604 eum
539 547 673 621 quibus
694 547 842 622 regibus
865 567 920 622 pro
942 565 1017 606 curu
1040 549 1119 624 qui·

53 652 120 706 bus
142 651 234 726 regi,
263 651 313 706 ubi
345 651 454 708 inutilia
481 661 511 708 et
535 654 691 734 verborum
714 653 815 710 ordine
836 671 930 728 prava
957 662 998 711 est
1021 655 1119 712 Weis-

52 755 201 814 senboruii
224 756 398 826 coniectura,
431 759 585 828 XXVIII,
617 760 666 828 33,
694 761 747 816 16:
769 758 811 814 ad
833 769 971 833 partem
993 779 1119 836 pugnas

54 861 289 935 capessendae
324 882 378 938 pro
406 864 684 939 capessendam,
712 863 819 930 XXX,
842 863 899 933 32,
928 865 960 920 2:
989 865 1119 939 quibus

54 968 221 1024 adversm
247 986 374 1043 pugnae
406 967 557 1026 fortuna
591 968 726 1026 fuisset
757 985 810 1044 pro
843 968 1014 1038 adversa,
1041 979 1073 1026 ut
1094 969 1119 1030 Ι.

54 1073 227 1130 Perizonius
249 1083 278 1130 et
305 1073 442 1131 Dukerus
471 1074 654 1132 scribendum
685 1074 835 1144 viderunt;
868 1073 1120 1132 Weissenbornius

52 1195 157 1252 pravae
171 1153 321 1253 scripturae
336 1188 422 1236 recte
438 1178 540 1236 formae
555 1180 690 1255 exempla
705 1189 847 1255 tauquam
867 1179 972 1236 similia
986 1179 1121 1254 apponit;

54 1283 164 1354 XXII,
194 1285 246 1354 12,
279 1283 506 1340 2detineret
537 1303 592 1360 pro
625 1285 847 1358 detinerent,
881 1286 959 1361 quod
993 1285 1122 1359 sequitur

55 1388 313 1464 oppugnaret),
345 1399 373 1446 et
395 1389 498 1446 litterae
528 1399 557 1447 et
586 1390 706 1465 syllabae
736 1392 814 1448 omni
844 1409 949 1466 genere
977 1390 1064 1448 etiam
1091 1389 1121 1446 in

54 1494 154 1550 verbis
176 1494 334 1551 notissimis
354 1505 555 1570 permutantur
584 1506 614 1552 et
635 1495 849 1554 confunduntur
877 1498 921 1569 (ut
942 1495 1049 1565 XXII,
1073 1497 1121 1565 23,

54 1601 72 1654 a
104 1598 933 1673 caucalegiqumretratectainstituiseserant,
975 1620 1012 1657 ex
1045 1619 1121 1674 quo,

55 1707 150 1762 altera
182 1723 271 1762 manu
292 1705 321 1762 in
344 1707 369 1763 P
390 1715 552 1781 praeeunte,
587 1707 618 1762 in
640 1703 697 1764 CM
730 1706 833 1762 ceteris
862 1717 971 1764 ortum:
1006 1721 1122 1781 peuce

54 1810 131 1892 legi
154 1829 226 1884 qua
247 1819 326 1866 erat
346 1819 443 1867 tecta
464 1811 612 1868 institui
636 1821 912 1888 senserantpro:
934 1830 1049 1888 pauca
1070 1831 1121 1869 re·

54 1917 223 1992 liquerat
243 1925 356 1986 tecta,
377 1917 413 1974 in
434 1917 584 1974 stativis
606 1925 726 1986 erant,
749 1918 828 1992 quod
848 1917 1016 1977 Gronovius
1041 1917 1122 1976 resti·

52 2018 161 2095 tuit).¹)
199 2023 235 2079 In
253 2040 311 2096 quo
331 2023 401 2080 illud
415 2023 567 2098 diligenter
588 2023 876 2081 animadvertendum
900 2033 952 2095 est,
973 2024 1122 2081 librarium

54 2147 116 2184 non
139 2145 220 2197 raro,
239 2127 317 2199 dum,
340 2130 454 2186 omissis
475 2131 636 2188 litterarum
660 2129 792 2186 ductibus
813 2138 842 2185 et
864 2129 937 2187 aciei
957 2129 1124 2200 intentione,

53 2232 185 2309 speciem
217 2233 313 2290 animo
342 2235 470 2292 oblatam
502 2235 599 2292 Latini
623 2235 705 2293 verbi
733 2243 917 2309 aequaretur,
946 2235 1034 2294 etiam
1056 2255 1120 2293 omn

53 2339 238 2415 syllabarum
259 2339 437 2398 detractione
458 2349 488 2397 et
507 2340 678 2412 adiectione,
700 2359 736 2397 ea
758 2338 897 2408 effecisse,
920 2359 983 2414 quae
998 2349 1121 2398 mentem

55 2463 73 2500 a
95 2462 171 2500 vero
192 2443 279 2518 longe
303 2445 449 2503 abducant
470 2455 499 2503 et
521 2465 586 2520 quus
607 2465 667 2502 non
695 2447 756 2504 siue
777 2447 861 2522 gravi
891 2455 919 2502 et
948 2445 1041 2502 libera
1061 2464 1122 2502 me·

54 2550 156 2607 diuina
187 2549 333 2624 corriges,
364 2551 450 2624 quale
478 2549 530 2628 (ne
560 2570 646 2608 vero
678 2560 707 2608 et
727 2552 866 2628 praemii
894 2569 931 2607 ex
954 2549 1036 2607 initio
1057 2548 1124 2606 libri

56 2656 158 2714 XXII
180 2673 421 2726 commemorem,
454 2675 518 2731 ques
549 2656 647 2714 facilia
668 2663 749 2726 sunt)
779 2657 874 2714 estin
898 2656 1004 2726 XXII,
1036 2658 1081 2727 16,
1104 2657 1122 2711 4

57 2761 217 2819 fortunae
239 2761 353 2818 minas
374 2779 467 2819 saxa
494 2781 548 2838 pro
578 2763 779 2820 Formiana
805 2779 909 2832 saxa,
941 2758 1124 2817 emendatum

56 2888 76 2924 a
103 2866 253 2926 Sabellico
286 2867 350 2936 (ubi
377 2887 474 2938 error,
507 2868 655 2943 geminato
684 2887 715 2936 a,
754 2867 850 2941 coepit
872 2885 890 2922 a
921 2865 1061 2922 mianas
1093 2865 1123 2922 in

59 2973 177 3030 minas
207 2981 334 3040 mutato,
364 2973 467 3030 deinde
490 2973 549 3030 iam
578 2971 801 3048 interpolatione
833 2972 870 3026 ad
893 2989 1020 3028 errorem
1043 2987 1125 3028 acce·

59 3077 157 3146 dente,
179 3095 218 3134 ex
239 3076 297 3134 for
317 3075 425 3134 factum
447 3086 492 3134 est
512 3076 684 3146 fortunae)
717 3085 746 3133 et
766 3076 860 3133 miuus
891 3076 1013 3146 mirum,
1047 3075 1126 3151 quod

60 3195 160 3240 tamen
181 3183 322 3240 hactenus
342 3181 459 3254 fefellit,
491 3183 604 3253 XXII,
631 3187 684 3254 li,
716 3187 750 3239 14
780 3201 879 3238 arma
899 3201 954 3257 pro
976 3181 1127 3251 armarI,

61 3298 90 3346 et
113 3289 230 3346 maiora
251 3287 489 3364 difficilioraque,
521 3309 585 3365 quae
606 3290 656 3347 lib.
680 3287 802 3357 XXIV,
825 3291 875 3358 45,
899 3289 915 3345 3
939 3296 968 3344 et
990 3291 1007 3343 4
1030 3304 1127 3343 emen-

61 3395 141 3452 dabo
164 3393 269 3470 (polli
291 3393 366 3451 VII
386 3395 498 3453 virali
523 3395 686 3453 iudicioe
707 3411 775 3468 pro:
796 3391 1036 3467 polliceatur,
1058 3391 1127 3447 ali·

64 3499 157 3556 unde
178 3501 256 3572 eta),
278 3499 393 3574 aliaque
415 3500 575 3575 permulta,
601 3499 734 3574 quaedam
760 3499 924 3554 etiamnunc
948 3494 1128 3554 emendatio·

63 3625 128 3663 uem
153 3606 361 3680 exspectantia.
404 3606 464 3666 Sed
486 3606 558 3664 sutis
586 3615 647 3674 est,
678 3605 799 3680 opinor,
827 3603 889 3660 baec
916 3600 1049 3659 universe
1079 3602 1129 3660 de·

64 3721 253 3770 monstrasse.
299 3711 355 3770 Illa
382 3722 479 3770 tamen
504 3710 646 3769 addenda.
693 3709 859 3767 Verborum
888 3706 1128 3784 transpositiones

64 3815 223 3874 maniIeeto
243 3835 352 3892 pravas
372 3817 402 3874 in
424 3817 523 3874 codice
548 3817 575 3874 P
595 3815 683 3892 longe
704 3813 915 3889 frequentiores
937 3829 1015 3882 esse,
1041 3830 1128 3887 quam

64 3921 94 3976 in
115 3920 219 3996 primm
236 3921 353 3980 decadis
375 3923 533 4000 archetypo
555 3921 672 3992 fuerint,
693 3921 844 3978 ostendum
868 3919 905 3978 ad
928 3917 1035 3990 XXII,
1058 3921 1086 3988 2,
1102 3921 1129 3978 6.

84 4157 109 4225 ¹)
133 4161 247 4212 Prorsus
265 4161 319 4211 siue
338 4173 416 4208 causa
435 4167 461 4207 et
477 4173 555 4223 prave
574 4157 616 4208 W.
638 4157 722 4206 haud
746 4170 852 4220 pauca
871 4155 981 4220 scripsit.
