2810 4644
307 291 365 342 Lib.
383 291 471 342 XXX.
772 293 831 353 358

272 487 457 538 soratautcm
470 475 500 532 in
514 473 662 532 hanelare
673 472 813 532 formam:
831 475 925 534 Pars
944 473 1129 533 exercitus
1145 497 1219 536 cum
1235 481 1336 539 omni

273 585 458 661 equitatu,
481 582 555 644 lter
576 580 878 645 contionantibus
900 581 1029 658 primis
1055 581 1336 655 (natarentlbns

272 689 442 769 primiti),
464 705 591 763 agmen
614 704 791 762 aggressa
815 687 1049 746 Numidarum
1072 697 1126 748 etc.
1180 689 1227 748 Ea
1248 709 1336 748 exer-

273 797 346 856 citus
367 814 445 873 pars,
468 811 532 870 quse
552 793 649 870 prima
670 803 741 863 erat,
765 793 823 850 iem
845 803 1052 870 pretergressa
1069 795 1125 852 iter
1145 797 1338 869 continuavit,

274 921 361 978 quum
384 901 559 978 posteriores
581 917 645 957 cum
668 900 798 975 equitatu
819 899 849 956 in
871 899 1039 958 Verminam
1062 897 1337 972 converterentur.¹)

357 1005 430 1084 Cap.
454 1009 504 1076 40,
526 1009 559 1064 l:
592 1007 681 1064 Tum
711 1015 840 1082 patere
866 1003 969 1063 facta
989 1005 1243 1083 gratulatione
1264 1025 1337 1064 om·

273 1111 331 1168 nia
352 1110 388 1168 in
410 1113 496 1170 urbe
516 1111 660 1187 templa.
704 1111 753 1170 Sic
774 1121 842 1187 post
862 1107 1077 1170 Alschefskiom
1100 1112 1336 1170 Weissenborni·

273 1235 308 1274 na
330 1217 427 1288 edidit,
448 1217 529 1275 illato
551 1216 580 1274 in
603 1217 679 1275 hunc
703 1235 819 1291 quoque
843 1217 937 1274 locum
959 1235 1052 1292 pravo
1079 1217 1220 1276 infinitivo
1241 1219 1337 1276 bisto-

272 1322 347 1390 rico;
370 1323 548 1398 significatur
569 1323 646 1380 enim
666 1341 713 1380 res
734 1323 824 1380 semel
843 1322 923 1380 iussu
946 1323 1165 1398 magistratuum
1192 1322 1337 1398 perfecta.

274 1427 442 1488 Gronovius
464 1437 493 1486 et
516 1427 783 1499 Drakenborcbius,
806 1429 920 1487 codices
942 1447 1021 1500 auos,
1048 1428 1098 1504 qui
1120 1429 1149 1486 in
1171 1430 1227 1486 hae
1247 1441 1336 1505 parte

273 1535 431 1594 deteriores
442 1553 542 1593 omnes
553 1543 644 1605 erant,
655 1543 683 1593 et
694 1543 807 1593 veteres
817 1535 957 1593 editiones
967 1553 1067 1592 ornnes
1078 1535 1168 1592 secuti
1179 1545 1339 1611 patuere

274 1639 465 1716 scripserunt;
482 1641 512 1698 in
524 1641 639 1716 optimis
654 1641 801 1699 codicibus
813 1639 859 1714 (C.
869 1636 1041 1718 Bamberg.)
1053 1639 1265 1717 paterfacta
1280 1649 1336 1700 est.

276 1745 385 1803 Veram
408 1747 589 1823 scripturam,
613 1765 670 1804 una
684 1747 780 1804 littera
801 1747 838 1804 ab
854 1747 911 1804 bac
931 1747 1085 1804 distantem
1103 1744 1335 1822 (patefacta),

276 1851 442 1910 coniectura
462 1861 607 1926 repertam
628 1852 738 1910 habent
767 1851 880 1910 codices
903 1853 976 1910 Lov.
1001 1855 1018 1910 3
1041 1861 1071 1910 et
1093 1851 1334 1921 Gaertnerianus,

275 1967 335 2014 tom
361 1957 449 2016 editio
471 1957 609 2016 Frobenii
630 1976 657 2016 a.
683 1960 760 2016 1535
784 1967 812 2015 et
836 1957 948 2033 aliquot
976 1977 1040 2016 eam
1062 1967 1179 2026 sacutae3
1202 1957 1334 2031 alioquin

275 2063 320 2132 (in
343 2081 401 2138 quo
423 2065 505 2123 haesit
526 2063 614 2122 etiam
636 2063 890 2122 Weissenbornius
917 2075 946 2122 et
972 2073 1125 2122 antaeum
1149 2061 1333 2138 Gronovius)

273 2167 382 2244 templa
412 2168 605 2244 gratulatione
630 2171 689 2228 iam
721 2169 801 2228 facta
829 2169 959 2246 patuisse
994 2170 1142 2240 dicuntur,
1179 2187 1260 2244 qua,
1300 2179 1334 2225 ut

274 2271 431 2348 gratulatio
452 2275 541 2346 lieret,
562 2275 711 2351 patefacta
727 2285 1024 2334 esseconsentaneum
1040 2285 1092 2336 est.
1139 2272 1222 2350 (cfr,
1245 2293 1332 2349 quem

272 2377 369 2437 locum
391 2377 559 2439 Gronovius
581 2382 728 2452 excitavit,
758 2379 906 2440 Ciceronis
936 2401 980 2457 ep.
1009 2381 1048 2440 ad
1076 2381 1160 2442 Fam.
1188 2380 1246 2450 XI,
1282 2381 1334 2437 18:

273 2486 539 2560 gratulatione,
570 2507 673 2563 quern
703 2497 764 2544 tuo
792 2486 935 2544 nomine
965 2486 1008 2544 ad
1037 2486 1156 2543 omnia
1185 2485 1331 2542 deorum

274 2591 409 2667 templa
426 2589 602 2668 lecimus.)
647 2592 706 2652 Sed
721 2590 840 2651 offendit
855 2591 1047 2663 Gronovium,
1069 2609 1122 2648 nee
1143 2591 1257 2662 iniuria,
1278 2592 1334 2648 ab·

274 2696 381 2755 lativns
403 2697 585 2756 incommode
607 2709 636 2756 et
665 2699 769 2756 vitiose
789 2699 901 2774 positus
922 2698 951 2755 iu
973 2698 1028 2754 hac
1052 2697 1208 2773 scriptura:
1229 2708 1333 2774 pate-

273 2801 374 2860 facta
394 2803 649 2878 gratulatione
669 2805 822 2881 templa;
844 2823 944 2862 verum
964 2804 988 2861 is
1004 2803 1147 2862 ablativus
1168 2803 1230 2879 ipse
1251 2815 1334 2860 ortus

274 2917 332 2976 est,
365 2927 470 2983 quum,
510 2909 648 2969 distracto
678 2929 770 2988 prave
800 2910 961 2978 vocabulo,
999 2911 1171 2968 scriberetur
1199 2909 1331 2986 (pater)

273 3011 382 3074 iacta.
426 3014 714 3076 Scribendumerat:
755 3017 842 3074 Tum
871 3017 1059 3096 patelaelt
1087 3015 1331 3094 gratulationi

273 3119 448 3178 omniein
470 3118 753 3200 orbetempla⁹J
806 3123 833 3197 (ξ
868 3125 902 3180 13
931 3122 1069 3193 eodem,
1096 3139 1164 3196 quo
1197 3122 1334 3194 adhue,

272 3307 471 3318 —n—-—

290 3437 315 3507 ¹)
341 3443 407 3506 510
426 3445 571 3496 necessario
590 3447 774 3496 revocandum:
801 3453 831 3496 et
857 3452 981 3510 quanta
1008 3459 1059 3494 res
1086 3454 1172 3496 ornat
1190 3453 1221 3495 et
1240 3459 1331 3509 quarn

342 3535 435 3599 longi
454 3539 613 3603 temporis
637 3547 683 3588 cet.
728 3537 831 3588 Excidit
854 3545 961 3605 etpost
979 3543 1081 3598 esset3
1105 3547 1194 3588 eontra
1212 3552 1234 3588 e.
1253 3541 1294 3596 ³7,
1314 3543 1330 3588 8

341 3629 369 3678 in
386 3629 474 3679 iisdem
500 3631 637 3692 codicibus,
668 3631 803 3695 geminatis
821 3630 919 3690 litteris,
946 3639 1005 3694 poet
1036 3631 1189 3680 movisset
1216 3631 1330 3679 additum

342 3731 381 3772 ei.

288 3806 312 3873 ¹)
344 3811 380 3863 Et
396 3815 445 3863 hoc
462 3815 522 3863 loeo
539 3823 565 3864 et
582 3816 662 3879 magis
687 3814 765 3864 etiarn
789 3815 816 3863 in
835 3829 857 3868 e.
877 3821 918 3874 ³0,
946 3821 979 3864 23
1007 3813 1060 3879 (nbi
1080 3815 1226 3864 coniectura
1243 3831 1330 3864 verurn

342 3907 445 3971 reperiri
469 3921 521 3956 non
544 3907 627 3971 potuit
651 3921 664 3956 e
694 3906 839 3969 vulgaribus
868 3907 1026 3971 codicibus),
1059 3907 1226 3957 animadverti
1245 3908 1329 3970 velim,

341 4013 463 4063 apparere
482 3979 576 4049 indicia
593 3999 699 4064 inspecti
721 4015 738 4048 a
755 3999 881 4060 Bbeneno
899 3999 1010 4050 melioris
1030 4000 1124 4049 codicia
1143 4013 1218 4064 quant
1238 3999 1330 4064 quibos

342 4090 459 4152 alioquin
479 4091 505 4139 in
523 4091 571 4140 bec
590 4091 684 4140 decade
705 4105 765 4142 nant
785 4099 833 4142 cst.
