2826 4640
276 257 334 306 Lib.
347 257 405 308 XL.
781 257 840 314 482

275 442 347 499 data
369 452 433 499 erat
455 461 474 498 a
495 438 649 515 Philippo,
682 438 743 496 sine
772 439 876 496 iniuria
899 437 1072 496 nauaturos
1094 455 1158 496 eoae
1179 439 1335 496 Baatamae

279 546 316 624 (c.
343 551 392 614 57,
416 545 458 621 4).
502 546 608 620 Itaque
630 563 724 620 preve
745 545 811 601 fidei
834 545 943 604 mentio
958 553 1015 613 eam
1036 545 1194 604 necminuc
1206 563 1335 620 pravum.

276 654 356 728 quod
377 653 426 710 alii
449 669 566 728 quoque
579 649 833 720 senseruntillud:
849 650 946 708 haud
964 649 1076 706 multo
1090 661 1175 724 post
1195 650 1336 707 famam.

278 758 443 834 Scripserat
463 757 578 815 Livius:
614 755 786 833 lllgrem
814 755 945 814 deinde
977 755 1150 814 Cottonis
1179 765 1214 813 et
1236 758 1337 813 Anti·

275 863 360 939 goni
385 867 424 932 (a.
450 867 499 932 57,
522 864 552 932 3)
568 867 602 918 et
625 861 722 917 haud
741 861 853 918 multo
874 872 959 938 post
986 863 1082 923 lama
1103 863 1232 919 mortio
1254 863 1338 919 Phi·

276 968 374 1044 lippi
403 986 519 1043 neque
541 967 708 1024 Thracen
741 977 795 1023 etc.
849 966 932 1024 Duae
964 984 1068 1024 causas
1102 967 1202 1025 Livius
1232 968 1337 1025 indicat

276 1074 399 1130 turbatae
421 1073 479 1141 rei;
500 1093 538 1130 ex
561 1071 731 1147 digressu
754 1069 863 1128 factum
880 1072 1039 1147 digressi
1060 1085 1162 1147 eunt;
1185 1092 1223 1130 ex
1244 1072 1338 1130 fama

275 1177 385 1236 factum
406 1177 557 1246 famam,
594 1177 673 1253 quod
694 1185 780 1252 post
809 1195 863 1252 pro
887 1178 1091 1254 praepositione
1113 1187 1267 1254 acceptum
1289 1191 1337 1235 eat.

277 1285 364 1343 Unde
385 1283 437 1342 illa
457 1292 594 1360 pacato
628 1301 719 1358 agro
754 1282 809 1338 huc
831 1281 1037 1360 immigrarint‚
1069 1283 1180 1354 nescim
1215 1283 1338 1342 insiticia

277 1407 357 1460 ecee,
390 1398 499 1448 certum
522 1399 585 1462 eat,
621 1389 677 1446 aiei
699 1388 832 1463 quadam
854 1387 1060 1446 interciderunt
1079 1398 1146 1446 ante
1167 1389 1338 1464 digressu

275 1493 532 1572 huiusmodi:[Ao
558 1495 711 1571 primum
734 1493 892 1568 ingressi
915 1505 1001 1550 sunt
1022 1503 1156 1569 pacato
1169 1493 1337 1573 agmina]

275 1601 455 1676 Digressu
477 1598 608 1657 deinde
630 1596 806 1656 Cottonis
830 1607 884 1656 cet.
944 1599 1003 1656 Sed
1038 1618 1075 1656 ne
1106 1601 1244 1675 proxima
1277 1603 1338 1675 qui·

275 1708 340 1764 dem
353 1706 457 1763 mendo
474 1724 573 1763 carere
588 1703 734 1772 videntum
756 1723 850 1778 neque
870 1704 945 1762 enim
971 1713 1048 1762 recte
1066 1705 1219 1763 Bastarna
1241 1719 1337 1782 empto

274 1812 400 1868 contenti
411 1829 474 1868 esse
496 1831 515 1867 n
524 1829 566 1867 on
588 1810 756 1885 potuisse
767 1809 909 1880 dicuntur,
922 1811 1004 1884 (quae
1016 1810 1090 1868 enim
1103 1812 1148 1869 vis
1166 1813 1338 1890 obstabat?)

277 1916 422 1992 longeque
456 1916 542 1975 aliam
573 1915 814 1990 significationem
852 1915 898 1972 hic
928 1935 997 1972 non
1028 1927 1201 1991 poterant
1232 1921 1338 1989 habet,

276 2023 364 2080 aliam
393 2024 423 2080 in
453 2021 588 2098 proximo
614 2022 744 2078 membro
782 2021 828 2094 (in
864 2022 1009 2096 agmine
1030 2023 1235 2099 contineri).
1279 2027 1338 2084 Re-

274 2128 397 2203 quiritur
425 2127 567 2186 sententia
604 2125 782 2184 huiusmodi:
819 2144 935 2202 neque
957 2128 1161 2200 Bastarna,
1182 2143 1221 2186 ut
1245 2151 1338 2206 emp-

274 2244 309 2292 to
341 2233 504 2292 contenti
539 2239 678 2301 esseut,
713 2233 794 2306 cogi
830 2241 1008 2306 poterant
1037 2243 1099 2290 aut
1133 2237 1169 2292 in
1192 2237 1337 2312 agmine

273 2341 462 2398 contineri
500 2337 571 2406 luel:
604 2355 722 2412 neque
750 2338 849 2396 Baat.
884 2348 1004 2413 empto
1034 2341 1201 2398 contenti
1231 2354 1338 2399 erant

274 2445 389 2502 autin
413 2464 500 2520 agm.
525 2452 616 2502 cont.
641 2443 853 2519 poterant);
887 2444 938 2499 sed
962 2463 998 2500 ea
1024 2443 1100 2501 ellici
1121 2446 1175 2502 nisi
1198 2446 1339 2504 violenter

273 2552 381 2626 nequit.
425 2551 593 2626 Sequuntur
614 2549 650 2606 de
673 2548 751 2606 exitu
775 2557 869 2606 motus
891 2549 1102 2608 Bastarnarum
1134 2551 1195 2608 haec
1217 2553 1247 2622 (ς
1272 2556 1286 2606 7
1311 2561 1336 2608 et

275 2656 321 2730 8):
343 2657 432 2716 Inde
454 2664 536 2715 orta
565 2655 760 2724 dissencio,
782 2654 869 2711 aliia
900 2655 1140 2727 redeundum,
1163 2655 1254 2714 aliie
1275 2677 1336 2732 pe·

272 2763 493 2820 netrandum
531 2760 566 2817 in
599 2759 824 2816 Dardaniam
858 2761 1104 2820 censentibus.
1164 2763 1337 2839 Triginta

273 2868 384 2926 ferme
406 2863 915 2932 milichominum(Clondico
937 2866 1026 2924 duce
1041 2867 1204 2942 profecti
1219 2869 1336 2944 erant)

273 2980 537 3048 pervenerunt3
560 2981 685 3028 cetera
705 2969 907 3027 multitudo
929 2980 1038 3042 retro,
1054 2991 1124 3046 qua
1145 2985 1335 3035 venerant

272 3077 510 3153 Apolloniam
543 3076 790 3134 meridianam
819 3075 1006 3150 regionem
1034 3079 1197 3153 repetiit.
1248 3081 1334 3138 Nullo

273 3183 361 3245 modo
382 3183 424 3240 sio
456 3183 531 3239 nude
553 3191 802 3258 pervenerunt
823 3181 880 3238 dici
901 3191 1006 3256 potest,
1030 3191 1062 3240 ut
1083 3183 1134 3239 sit:
1153 3185 1197 3241 ad
1218 3185 1335 3244 locum

273 3287 497 3346 destinatum
529 3295 794 3364 pervenerunt;
822 3305 875 3344 nee
907 3287 990 3343 alteri
1012 3287 1071 3357 illi,
1103 3289 1153 3363 qui
1181 3291 1336 3364 redierunt,

272 3393 366 3451 minue
388 3403 592 3470 pervenerunt.
637 3394 685 3451 Ne
707 3391 873 3468 parenthesi
897 3393 1012 3466 quidem
1034 3393 1146 3450 inclusa
1168 3413 1227 3468 quo
1249 3398 1335 3474 pcrti-

273 3507 371 3565 neant,
396 3498 581 3575 intelligitur;
604 3496 920 3575 plusquamperfectum
951 3499 1026 3555 enim
1047 3499 1226 3575 superiorem
1250 3503 1335 3560 domo

271 3602 481 3679 profectionem
503 3604 667 3680 significare
688 3605 813 3674 videtur,
834 3604 915 3661 cuius
936 3603 1064 3662 hocloco
1076 3609 1336 3666 commemorande

272 3709 353 3767 nulla
373 3709 494 3768 minima
515 3728 605 3767 causa
626 3719 685 3782 est3
706 3729 760 3768 nec
782 3710 887 3767 domo
909 3709 1004 3767 omitti
1030 3721 1163 3786 poterat3
1186 3731 1264 3772 nunc
1287 3734 1335 3771 coa

271 3825 339 3891 post
370 3815 607 3872 deliberationem
635 3814 776 3873 Clondico
806 3815 879 3873 duce
913 3816 942 3872 in
972 3815 1155 3875 Dardaniam
1188 3819 1335 3894 profectos

272 3938 344 3989 esse,
362 3939 419 3977 non
439 3929 557 3996 poterat
587 3921 643 3979 icto
665 3921 753 3980 modo
785 3921 851 3978 dici.
916 3921 1080 3998 Scripserat
1101 3923 1218 3982 Livius:
1251 3927 1336 3984 Tri·

271 4024 373 4097 ginta
395 4025 499 4082 milia
520 4027 717 4098 hominum,
740 4025 918 4086 Clondico
941 4027 1047 4102 duce,
1080 4045 1149 4108 qn
1170 4031 1337 4105 profecti
1390 4057 1391 4116 l
