2820 4646
609 281 667 338 59³
1012 281 1068 332 Lib.
1086 281 1169 330 XLV.

105 461 264 517 intenditur
282 462 481 536 (perbene);
508 478 574 516 nam
607 471 658 516 aut
686 461 854 535 simpliciter
875 481 980 521 numen
1003 473 1032 521 et
1054 463 1170 522 fortuna

104 563 243 622 landetur
279 566 399 636 (bene,
423 566 513 622 bene
534 573 648 640 atque
670 563 848 640 feliciter)
881 577 932 624 aot
954 567 1048 625 rarius
1070 587 1169 644 super-

104 669 197 726 lativo
220 669 393 745 (optime).
441 669 511 729 Sine
531 669 620 726 dubio
644 669 744 728 Livius
765 688 824 726 nna
845 670 941 728 littera
962 671 1057 728 minus
1079 671 1169 746 scrip·

104 773 160 830 eit:
182 775 381 832 Fortunam
404 793 433 850 p.
455 774 492 832 R.
516 773 779 850 (populiRomani)
802 774 1059 834 benefecisse.
1088 774 1169 833 Solet

105 879 183 935 enim
204 880 325 954 proprie
345 878 446 954 populi
467 877 594 936 Romani
615 876 733 934 fortuna
755 877 864 935 extolli.
929 877 1016 944 (Cod.
1038 881 1168 954 perbe-

106 979 449 1057 ueiioiissequeudo
471 982 584 1040 linito
606 981 718 1038 aliter
740 980 838 1038 bollo
853 985 1038 1057 sequendo
1061 985 1169 1042 aliter

104 1087 343 1162 gratulandi,
375 1087 498 1144 notabili
528 1103 625 1144 eruore
652 1096 680 1142 et
707 1102 812 1142 vocum
836 1087 1030 1162 repetitione)
1077 1091 1120 1150 Ut
1139 1090 1168 1146 in

104 1191 213 1248 Rhodii
235 1192 324 1268 legati
347 1193 497 1262 oratione,
527 1191 569 1248 sic
596 1191 626 1247 in
649 1202 767 1247 senatus
789 1207 906 1264 quoqne
926 1209 1067 1268 responso
1089 1213 1168 1251 men·

104 1295 174 1352 dum
206 1297 313 1354 residet
344 1303 371 1368 (5
395 1295 443 1372 bl:
476 1295 643 1354 Rhodios
674 1314 737 1351 nec
767 1294 988 1353 utilitatium
1019 1297 1168 1357 Graeciae

104 1419 223 1475 neque
251 1421 337 1460 cure
373 1401 618 1476 impensarum
655 1398 782 1475 populi
812 1401 983 1464 Romani,
1020 1403 1081 1460 sod
1103 1423 1167 1479 pro

106 1505 247 1562 Perseo
283 1525 358 1563 eam
391 1504 613 1579 legationem
646 1504 800 1560 misisse.
860 1505 1032 1562 Ablativnm
1054 1508 1169 1582 utrique

107 1611 240 1667 membro
270 1611 410 1668 orationis
442 1608 585 1683 negativae
619 1608 762 1683 copulatae
793 1627 974 1667 communem
996 1629 1054 1667 nou
1082 1629 1168 1686 posse

106 1715 183 1771 inter
203 1717 385 1790 negationem
409 1723 437 1770 et
459 1712 580 1769 alterum
603 1712 761 1786 genitivum
784 1713 945 1787 interponi,
966 1724 1044 1770 recte
1066 1713 1167 1772 Duke-

107 1837 159 1876 rus
181 1830 210 1876 et
241 1821 290 1877 alii
321 1829 489 1883 senserunt,
524 1816 575 1873 sed
604 1816 633 1872 in
655 1817 827 1892 corrigendo
850 1819 1031 1876 oberrarunt.
1087 1819 1168 1876 Nihil

106 1925 182 1981 enim
206 1925 283 1982 aliud
304 1924 439 1982 librarius
452 1941 549 1996 quom,
564 1921 643 1996 quod
665 1922 823 1996 saepissime
844 1922 921 1992 lecit,
930 1923 1052 1980 duarum
1063 1941 1167 1980 vocum

104 2029 236 2086 ordinem
259 2029 392 2098 invertit,
407 2046 503 2102 ·qunm
526 2027 652 2083 scribere
673 2027 836 2084 debuisset:
859 2047 924 2084 nec
945 2029 1167 2085 utilitatium

106 2129 256 2188 Graeoiae
288 2151 381 2190 cura
416 2149 531 2205 neque
565 2131 812 2204 impensarum
847 2133 975 2207 populi
1007 2133 1167 2190 Romani.

105 2235 148 2292 lis
170 2237 309 2312 exemplis
330 2236 495 2294 huiusmodi
524 2235 799 2310 transpositiouum,
833 2254 897 2309 qna
918 2255 1006 2312 snpra
1027 2237 1071 2312 (p.
1093 2239 1168 2300 491)

106 2359 144 2396 ex
167 2340 242 2398 libro
264 2343 371 2400 XLlIl
394 2342 495 2417 posui,
517 2357 554 2396 ex
575 2339 631 2394 hoc
652 2337 726 2396 libro
749 2338 837 2396 XLV
862 2341 930 2396 addi
952 2342 1013 2398 baec
1034 2353 1169 2416 possunt:

105 2447 192 2514 c.5,3
205 2447 425 2520 (quammori
439 2464 493 2522 pro
510 2442 599 2500 mori
615 2447 742 2516 quam),
755 2447 827 2514 1³‚t
854 2445 1013 2521 (rettulit
1034 2444 1169 2518 rediit),

112 2551 190 2618 17‚2
213 2557 299 2617 (tum
329 2550 465 2619 Pauli),
492 2551 541 2616 21,
563 2552 580 2603 4
605 2547 704 2621 (ante
726 2566 794 2606 non
817 2561 846 2606 ot
868 2550 1005 2607 vellent
1030 2551 1170 2606 ferrent

107 2672 161 2728 pro
183 2653 300 2710 ferret·
321 2654 483 2723 vellent),
507 2657 556 2722 3⁴,
575 2657 584 2708 l
602 2661 657 2716 (ea
678 2653 743 2724 ad),
766 2655 815 2723 ³1,
836 2659 853 2710 5
877 2653 1169 2721 (olatillomano-

111 2757 208 2830 rum),
230 2777 254 2814 c.
283 2761 331 2828 35,
358 2761 375 2816 9
402 2757 568 2830 (militum
600 2758 761 2832 pecunia
787 2757 893 2816 illum
916 2757 1052 2816 iudicia
1084 2757 1170 2813 dare

107 2859 205 2938 uon);
240 2880 293 2918 nec
315 2861 413 2919 omnia
435 2880 481 2917 me
504 2861 655 2936 collegisse
678 2862 811 2918 arbitror.

190 2965 263 3043 Cap.
285 2971 314 3038 4,
340 2969 357 3023 2
382 2985 469 3040 quum
492 2965 521 3022 in
550 2966 649 3024 codice
666 2967 707 3022 sic
728 2967 883 3024 scribatur:
905 2965 1044 3024 Paulus
1061 2963 1170 3022 AEmi·

107 3071 178 3128 lius
199 3071 337 3140 consul,
360 3090 434 3128 cum
458 3081 591 3140 cestra,
613 3081 651 3128 ut
673 3088 787 3146 supra
811 3071 943 3128 dictum
967 3079 1030 3138 est,
1053 3068 1094 3124 ad
1118 3067 1170 3125 Si·

105 3193 166 3233 ras
198 3186 308 3232 terrae
328 3175 648 3234 Odomantidichae
665 3175 705 3242 tid
726 3172 1170 3242 estOdomanticaelhabe-

106 3280 318 3350 retlitterae
339 3277 907 3354 abregePerseoperignobilos
929 3289 1006 3334 tres
1029 3277 1170 3351 legatos

108 3396 291 3454 cerneret,
316 3395 350 3441 et
371 3385 450 3460 ipse
465 3382 723 3440 illacrimoese
744 3381 856 3438 sortis
886 3383 916 3458 (i.
939 3401 963 3438 e.
985 3381 1091 3452 sorti)
1113 3380 1171 3436 hu·

105 3507 220 3548 manae
242 3489 389 3560 dicitur,
414 3497 546 3563 apparet,
568 3484 702 3542 lacunam
725 3485 767 3542 sic
788 3487 884 3542 notari
906 3497 934 3544 et
952 3497 1098 3559 utcunque
1121 3501 1171 3540 ex·

104 3593 179 3670 pleri
200 3593 349 3649 debuisse:
377 3635 405 3652 ..
434 3593 598 3658 haberet,
620 3589 753 3646 litterae
774 3589 818 3646 ab
842 3609 930 3666 rege
948 3591 1085 3648 Perseo
1108 3607 1172 3664 per

105 3696 292 3772 ignobiles
314 3707 389 3753 tres
412 3696 559 3770 legatos
583 3691 742 3771 [tradite
765 3693 799 3750 ei
823 3705 917 3762 suut,
939 3713 1027 3768 quas
1050 3690 1170 3768 quum]

105 3813 288 3872 cerneret,
309 3799 565 3857 illeorimasse
602 3811 656 3860 etc.
718 3799 908 3868 Deinde54
941 3799 970 3856 in
994 3797 1171 3856 hisverbis:

105 3915 318 3981 postquam,
346 3907 479 3980 Regem
507 3903 648 3962 Persea
678 3903 820 3962 consuli
854 3905 970 3962 Panlo
1003 3902 1172 3962 salutem.

106 4010 211 4086 legit,
232 4009 416 4067 accusativus
437 4008 484 4066 ille
507 4027 630 4084 regem
654 4009 793 4066 Perseo
818 4027 939 4086 prorsus
963 4025 1098 4083 perverse
1119 4025 1171 4080 po-

135 4131 273 4170 mouonn
275 4144 349 4170 ιιιιιι
368 4131 414 4168 ιω
939 4115 971 4160 et
