2822 4648
271 275 328 325 Lib.
348 274 395 323 VL
744 273 800 330 132

320 457 394 534 Cup.
422 461 468 528 15,
494 459 530 514 tu
555 455 597 528 (in
618 456 751 514 oratione
771 456 815 516 M.
838 455 941 514 Manlii
963 453 1139 530 Capitolini,
1169 454 1218 512 ubi
1239 471 1305 512 ore·

237 564 346 621 ditores
368 561 554 636 alloquituri:
612 559 754 620 Sortem
779 562 942 636 aliquam
965 559 1078 630 ferte,
1118 560 1305 635 decapite

238 668 417 738 deducite,
440 667 535 742 quod
556 668 681 724 usuris
702 676 999 742 pernumeratum
1021 675 1085 726 est.
1118 666 1184 724 Hoc
1199 685 1302 724 verum

237 791 381 831 essenon
404 789 510 848 posse,
542 772 625 830 multi
645 781 812 842 senserunt;
846 790 940 846 nequa
970 771 1046 828 enim
1070 770 1210 830 incertam
1231 771 1303 828 eli·

237 897 342 953 qnem
375 887 483 934 sortem
511 877 588 934 ferre
614 877 743 934 Manlius
770 877 876 934 divites
904 877 1062 935 creditores
1085 875 1217 944 iubebat,
1245 877 1305 934 boe

236 991 290 1054 est,
312 983 444 1058 accipere
474 991 503 1040 et
526 1001 562 1040 ee
590 991 741 1040 contentos
773 1001 836 1040 esse
858 983 942 1057 (nihil
963 983 1039 1039 enim
1064 981 1143 1038 eliud
1164 991 1300 1040 sortem

236 1089 334 1146 forre
355 1089 392 1146 de
416 1087 558 1146 creditore
579 1088 687 1146 dictum
707 1087 870 1162 significare
890 1085 1016 1165 potest),
1037 1087 1089 1144 sed
1109 1105 1175 1144 eom
1195 1086 1305 1161 ipsam,

242 1213 308 1268 qum
330 1195 471 1269 cuiusque
493 1203 578 1250 esset.
621 1194 691 1252 Non
715 1195 790 1250 enim
811 1193 959 1269 postulat,
980 1201 1013 1250 ut
1034 1192 1189 1266 quicquam
1210 1192 1246 1248 de
1265 1209 1304 1250 ee

237 1299 370 1373 pecunie,
393 1317 480 1373 quem
502 1316 606 1374 reapse
627 1307 757 1356 mutuum
780 1299 931 1368 dederint,
953 1298 1088 1355 amittent
1115 1298 1192 1372 (sed
1215 1296 1302 1370 quid

239 1423 305 1479 ego
327 1422 408 1474 vos,
435 1404 478 1460 de
499 1413 624 1462 vestro
645 1403 877 1478 impendatis,
900 1401 1083 1474 hortorl),
1121 1404 1172 1459 red
1202 1411 1234 1460 ut
1262 1421 1303 1460 ne

237 1528 301 1566 curn
323 1509 418 1566 usuris
439 1509 514 1566 solvi
538 1527 603 1566 eam
624 1511 680 1568 sibi
702 1511 805 1580 velint;
828 1511 927 1584 itaque
949 1525 1067 1578 rasuras,
1089 1508 1114 1564 si
1136 1527 1200 1582 qum
1220 1509 1302 1566 eolu-

237 1623 273 1669 toe
295 1613 361 1685 sint,
382 1615 419 1671 de
440 1614 550 1690 cupite,
572 1615 627 1672 boc
649 1627 711 1686 est,
733 1617 769 1672 de
791 1634 921 1685 summe,
944 1633 1008 1688 quae
1028 1614 1111 1672 initio
1132 1612 1227 1683 fuerit,
1249 1615 1305 1670 de-

235 1717 303 1776 duci
324 1718 412 1787 iubet,
436 1729 467 1776 ut
488 1719 518 1776 id
538 1728 669 1790 tentum,
691 1721 770 1795 quod
791 1721 827 1777 iis
849 1720 978 1778 deductis
999 1728 1089 1776 restet
1108 1719 1214 1788 mutui,
1238 1721 1302 1776 sol-

236 1832 331 1880 vatur.
377 1823 593 1883 Hinonascitur
612 1825 759 1900 ipsuveru
773 1827 930 1900 scriptura:
952 1825 1095 1883 Sortem
1118 1825 1300 1904 reliqum

237 1928 350 1998 ferte;
379 1929 420 1986 de
442 1931 564 2006 cupite
592 1940 646 1991 etc.
696 1930 887 2007 (Empfanget
918 1931 971 1988 dea
996 1932 1071 1988 noch
1093 1931 1304 2006 rttckstdndige

237 2033 364 2110 Capitol,
390 2053 451 2091 was
472 2037 621 2094 wircklich
642 2056 701 2095 von
723 2055 819 2092 eurem
844 2035 959 2112 Capitol
982 2037 1057 2092 noch
1080 2039 1221 2106 aussteht3
1241 2036 1304 2094 zie-

237 2140 287 2196 het
310 2159 379 2197 vom
401 2142 608 2216 Hauptposten
629 2142 676 2200 die
698 2141 851 2198 bezehlten
872 2143 985 2200 Renten
1006 2140 1066 2216 ab.)

321 2242 393 2326 Cup.
413 2247 489 2315 ll,3
514 2247 693 2321 exprobrant
711 2246 862 2316 Maeliani,
884 2249 1056 2324 saginare
1077 2248 1219 2322 plebem
1241 2265 1305 2322 po·

235 2349 388 2424 pulcras
410 2369 505 2422 suos,
529 2361 567 2408 ut
588 2353 811 2428 iugulentur.
856 2353 969 2410 Vitiosa
990 2355 1045 2410 boo
1068 2353 1142 2422 dici,
1164 2351 1303 2408 Dukerus

235 2455 389 2524 intellexit3
417 2457 488 2516 nihil
510 2458 585 2514 enim
608 2456 686 2514 aliud
708 2475 727 2513 a
749 2457 853 2514 Latine
873 2457 1028 2515 scientibus
1050 2457 1207 2532 accipietur
1230 2455 1305 2512 uisi:

235 2562 313 2618 aeine
336 2562 526 2632 Lundsleute3
548 2581 616 2618 nam
638 2561 688 2635 qui
709 2561 739 2617 in
760 2563 909 2637 republica
929 2583 983 2638 pro
998 2564 1082 2639 plebe
1098 2564 1225 2634 stabant,
1249 2581 1304 2618 cos

235 2666 317 2742 plebs
344 2668 547 2743 populares
571 2667 753 2744 appellabat,
783 2685 842 2724 non
871 2669 1071 2744 populares
1093 2687 1186 2726 suos.
1230 2667 1303 2724 Non

236 2781 313 2830 recte
335 2783 433 2830 tamen
448 2773 587 2830 Duker-us
609 2791 694 2830 suos
715 2772 778 2830 tolli
799 2773 926 2842 volebat,
951 2774 1030 2848 quod
1051 2793 1137 2830 neruo
1149 2773 1304 2830 additurus

235 2887 307 2946 orat,
330 2877 379 2951 qui
401 2879 601 2953 populures
622 2878 891 2953 scriptumlegerat3
914 2879 1099 2953 nequeuntis
1120 2880 1149 2936 in
1171 2881 1226 2936 hac
1248 2897 1302 2934 ex-

234 2981 423 3058 probratione
456 2983 590 3058 impietas
621 2983 714 3059 plebis
742 2993 771 3040 et
801 2984 932 3059 ingratus
960 2985 1074 3040 animus
1103 2993 1221 3042 notetur
1249 2985 1302 3042 illo

233 3087 360 3163 partium
382 3088 511 3158 nornine;
533 3090 584 3146 sed
606 3108 695 3164 quum
718 3089 819 3146 Livius
840 3089 1016 3164 scripsisset:
1039 3091 1209 3165 saginare
1224 3090 1303 3166 ple-

235 3193 310 3250 bem
333 3211 418 3251 suos
441 3195 509 3266 (hoc
531 3202 584 3261 eat,
607 3194 655 3267 qui
677 3211 794 3252 suarum
817 3195 943 3271 partium
967 3205 1063 3253 essent
1083 3197 1197 3270 sibique
1217 3195 1301 3252 feve-

234 3295 320 3372 rent),
341 3299 434 3370 idem,
460 3300 510 3374 qui
532 3299 591 3356 alie
612 3298 719 3368 multa,
742 3318 922 3358 communem
946 3301 1176 3376 popularium
1199 3300 1302 3375 appel·

234 3402 372 3460 lotionem
397 3401 548 3474 eddidit¹).

252 3592 276 3660 ¹)
303 3595 429 3646 Eiusdem
450 3594 557 3658 originis
576 3603 615 3642 est
633 3595 658 3642 in
678 3595 728 3644 boc
746 3595 802 3658 ipso
820 3596 902 3659 cupite
920 3595 947 3658 (ξ
971 3597 999 3658 6)
1027 3610 1168 3660 pronomen
1194 3598 1303 3644 domon-

304 3691 438 3740 strativnm
460 3695 520 3735 ente
540 3685 672 3734 relativum
691 3701 769 3752 pravo
789 3703 850 3737 casu
868 3687 999 3744 additum,
1019 3703 1096 3752 quoru
1116 3689 1202 3738 Livius
1220 3689 1302 3752 scrip·

305 3782 391 3832 sisset:
411 3779 560 3837 remisso,
581 3779 665 3841 quod
685 3779 829 3841 erepturi
849 3789 951 3827 erunt.
982 3779 1047 3828 Cum
1062 3795 1101 3838 eo,
1116 3781 1183 3841 quod
1197 3780 1302 3828 codices

304 3874 400 3923 babent
414 3873 567 3934 (remisso
589 3871 618 3918 id
643 3870 730 3932 quod
750 3872 894 3934 erepturi
914 3872 1034 3934 erunt),
1064 3871 1206 3935 comparari
1225 3871 1265 3918 rol
1285 3887 1301 3920 u

305 3963 520 4014 Drakenborohio
538 3963 652 4026 potuisse
675 3963 707 4010 id
733 3963 816 4025 quod
836 3977 882 4026 pro
901 3963 957 4012 solo
976 3965 1061 4027 quod
1081 3963 1113 4012 od
1132 3963 1301 4026 praedicatum

304 4065 414 4106 totumve
434 4055 586 4104 seutentiam
605 4055 726 4112 relatum,
746 4055 837 4114 miror3
865 4055 903 4117 (in
923 4053 1089 4104 Alschefskio
1110 4054 1174 4103 nihil
1193 4055 1303 4118 miror3)
