2820 4646
615 279 673 338 623
1019 276 1076 326 Lib.
1089 276 1172 328 XLV.

112 466 221 523 codicis
255 467 378 543 vestigia
420 468 492 525 eatis
522 483 614 540 prope
651 463 762 521 accedit
809 463 950 522 correctio
986 473 1015 520 et
1055 481 1173 538 popu·

113 573 138 630 ii
174 574 326 630 Romani
361 575 439 632 dona
469 574 497 631 h.
528 571 546 626 l.
577 570 671 626 minus
705 570 857 626 commode
890 567 1091 644 appellantur,
1125 567 1175 625 ubi

115 679 298 755 imperatorie
320 681 415 738 exitus
438 687 467 736 et
488 677 596 734 reditus
623 687 838 751 comparantur,
861 675 891 732 in
907 693 965 749 qua
981 674 1174 750 comparatio-

114 804 152 841 ne
172 785 277 861 ipsius,
311 797 342 844 ut
362 796 447 852 rota,
481 784 523 842 ita
545 783 624 840 dona
646 792 721 839 sunt.
771 782 852 839 Idem
874 801 957 839 error
976 780 1023 838 hie
1043 789 1175 838 versatus

115 901 168 960 est,
190 909 247 965 quo
270 910 293 949 c.
321 896 366 963 14,
391 894 462 950 301
483 911 551 967 pro
573 888 683 946 facturn
704 897 748 944 est
769 907 818 962 pr.
863 887 963 945 Livius
985 887 1061 945 enim
1083 886 1175 961 scrip-

115 1005 208 1054 serat:
232 999 363 1056 meritn
385 998 480 1056 dona
501 1002 658 1077 portans
680 993 787 1062 redit;
813 993 880 1066 (nisi
902 993 966 1068 qais
988 1012 1026 1050 ex
1047 1011 1112 1068 que
1133 991 1175 1049 ei·

114 1105 200 1162 ficere
220 1122 293 1179 prro
317 1103 388 1174 vnit,
409 1113 441 1160 ut
461 1103 500 1160 sit
518 1099 772 1178 praeportans).
826 1099 885 1158 Sed
920 1109 1051 1175 superest
1071 1099 1176 1174 pusiiia

115 1227 176 1283 res;
198 1229 266 1268 nam
284 1219 497 1286 perpetrato
519 1207 644 1265 eodem
668 1225 721 1282 pro
742 1225 782 1262 eo
804 1205 908 1262 vitiose
930 1205 1035 1264 dicitur
1057 1209 1109 1278 (-
1126 1224 1176 1262 ne·

117 1336 173 1392 que
195 1317 269 1374 enim
293 1315 447 1391 quicquam
472 1312 550 1370 aliud
572 1311 706 1370 debello
729 1321 824 1368 aetum
847 1311 1055 1388 praecedit-J,
1078 1321 1106 1368 et
1127 1331 1176 1369 ne·

117 1423 243 1481 cessario
265 1431 405 1498 praeterea
426 1428 546 1495 propter
576 1419 729 1494 repetitum
757 1417 786 1474 in
808 1419 956 1476 sententiis
984 1418 1059 1476 inter
1080 1436 1111 1475 se
1131 1437 1177 1477 re·

116 1529 183 1586 latis
206 1527 342 1604 Capitolii
363 1545 468 1584 nomen
501 1524 646 1582 cobaerent
668 1525 744 1580 baec:
780 1524 905 1582 eodem
930 1525 964 1582 in
987 1523 1177 1601 Capitolio

119 1637 160 1710 (in
183 1655 241 1710 quo
263 1643 333 1691 vota
353 1627 559 1708 nuncuparit),
587 1631 770 1687 scribendum
798 1641 842 1686 est
864 1630 965 1704 igitur:
989 1641 1177 1707 perpetra·

116 1753 153 1799 to
177 1761 234 1810 eo,
257 1741 380 1797 eodem
404 1739 437 1795 in
461 1735 665 1811 Capitolio.
711 1736 867 1810 Sequitur,
891 1739 1028 1811 quoniam
1049 1737 1079 1794 in
1101 1741 1115 1806 5
1140 1739 1176 1795 12

118 1857 147 1904 et
173 1851 207 1906 13
229 1847 300 1904 nibil
320 1864 404 1904 novae
425 1842 633 1902 emendationis
656 1837 799 1912 affer01),
829 1842 1014 1902 manifestum
1044 1844 1178 1902 mendum

117 1955 148 2012 in
175 1959 190 2024 §
219 1957 268 2010 14:
302 1954 377 2010 Rex
412 1949 656 2008 Macedonum
694 1949 852 2005 Perseus
885 1969 961 2008 curn
994 1951 1180 2009 libariset

118 2061 225 2118 turba
260 2058 339 2115 alia
360 2055 612 2131 captivorum,
648 2055 767 2130 spolia
791 2055 1049 2129 Macedonum,
1086 2057 1180 2115 citra

119 2167 261 2226 fiumen
283 2160 557 2238 relinquentur?
599 2162 701 2237 Inepte
724 2161 798 2218 enim
821 2173 959 2236 tanquam
974 2181 1063 2238 grave
1079 2171 1179 2220 etnon

120 2273 270 2330 ferendum
293 2277 544 2337 commemoratur,
566 2267 661 2324 citra
682 2267 789 2325 flumen
817 2267 948 2342 captivos
970 2278 999 2326 et
1020 2269 1114 2344 spolia
1134 2287 1178 2325 re-

121 2380 227 2454 linqui3
258 2376 350 2451 magis
380 2375 417 2430 ad
444 2374 486 2432 rei
513 2373 714 2448 indignitatem
737 2374 954 2432 monstrandam
977 2375 1181 2432 accommoda·

122 2495 181 2542 tum
205 2493 294 2552 esset,
316 2482 340 2538 si
362 2481 569 2538 transflumen
597 2479 698 2536 relicta
720 2491 748 2536 et
769 2479 890 2554 propius
912 2480 1061 2538 admoveri
1082 2479 1180 2556 probi·

113 2591 183 2674 ¹bite
203 2591 374 2648 dicerentur.
417 2587 452 2644 In
474 2585 573 2643 codice
595 2595 639 2642 eet
658 2586 759 2644 circa
780 2580 955 2644 fluminis.
992 2585 1180 2646 Scribendum

123 2839 319 2847 —n--.

143 2965 165 3032 ¹)
195 2969 301 3020 Scleetie
319 2979 345 3020 et
364 2971 507 3020 coniunctis
526 2967 639 3034 Grynari,
659 2967 789 3028 Gronorii,
803 2969 944 3034 Kreyssigii
963 2968 1182 3018 emendationibus

194 3062 249 3110 hee
267 3063 365 3113 videtur
383 3063 466 3114 forma
481 3063 535 3112 eiua
553 3063 603 3112 ioci
625 3061 771 3111 efficienda:
791 3060 911 3112 Omnes
932 3061 1011 3112 ilias
1029 3063 1182 3110 victimas

195 3169 273 3218 quaa
292 3156 514 3205 traducendos
532 3157 564 3204 in
583 3154 746 3219 triumpho
764 3153 893 3203 locavit
907 3153 1041 3218 (sortasser
1061 3155 1121 3204 iarn
1140 3155 1183 3204 lo·

195 3248 303 3310 eavit),
323 3248 408 3297 aiios
427 3249 495 3296 aiio
518 3249 836 3299 cadentemacteta.
856 3245 1047 3307 Quintilla·
1067 3247 1183 3312 epulas

195 3351 342 3398 senatus,
356 3355 422 3404 quta
438 3341 524 3392 ...in
543 3338 716 3406 Capitolio
735 3341 887 3404 eduntur,
900 3341 945 3402 (-
966 3339 1185 3388 utrnmhomi·

196 3448 265 3482 narn
278 3433 466 3496 voluptatis
486 3447 587 3483 eausa
603 3449 641 3482 an
656 3430 1185 3494 deorumbominnrnquei-)ano-

196 3535 265 3576 tore
284 3528 371 3578 Serv.
392 3524 495 3575 Galba
513 3527 684 3576 turbaturi
703 3525 803 3576 eatis?
828 3525 921 3576 Restat
938 3525 1063 3574 dubitatio
1090 3523 1116 3572 in
1134 3523 1185 3574 iilis

196 3619 282 3668 alins
301 3619 366 3668 aiio
386 3619 530 3668 caedcnto
549 3619 617 3684 (cod.
638 3619 761 3681 deute).
791 3615 1072 3668 ironioailiabortatio
1092 3616 1185 3679 (mae-

197 3711 277 3772 tatc)
298 3712 352 3760 tolli
371 3726 421 3760 non
440 3713 536 3763 debuit.
585 3711 766 3760 Dedieavit
789 3727 835 3776 pro
854 3711 1034 3760 vindicavit
1052 3709 1099 3768 (rio
1117 3708 1184 3758 euim

179 3804 265 3867 prod,
281 3805 325 3852 ubi
344 3803 471 3853 ioeavit
488 3805 561 3869 poeni
584 3820 642 3854 curn
664 3803 808 3866 Gronorio)
829 3803 922 3853 frustra
935 3803 1097 3868 Kreyssigina
1115 3817 1185 3852 eorn-

197 3897 335 3946 mcndavit
372 3897 408 3946 Ut
428 3897 558 3961 potuerint
576 3899 684 3946 victima
703 3897 862 3946 traducendo
880 3912 932 3946 non
951 3896 1033 3947 solum
1053 3909 1186 3947 consecra·

198 3991 227 4049 ri,
246 3991 291 4040 aed
310 3991 386 4040 etiam
407 3991 519 4040 dedicari
539 3991 597 4052 dici,
616 3990 730 4039 nondum
752 4003 795 4039 cas
813 3987 910 4040 Paulus
930 3990 1085 4040 traduxerat
1123 3989 1187 4052 agt-

197 4091 247 4144 tur,
266 4093 294 4132 ut
313 4084 446 4134 traducere
464 4083 548 4134 liceat.
