2820 4646
601 245 656 301 591
1014 242 1158 295 Ltuxbv.
1242 269 1247 278 ·

98 427 368 504 indignantium
399 446 465 502 pro
492 445 529 484 se
552 425 754 484 acerrimus
776 435 855 484 eret
877 425 1041 500 clamor.)
1084 426 1160 487 Sub·

97 537 313 607 iicitur(§ib):
338 532 407 592 Sed
429 532 630 608 aliquoties
653 533 775 590 dicere
796 531 1031 609 incipientem
1055 551 1158 609 quum

99 641 259 702 lacrimoe
277 639 554 716 prepedisseut,
579 639 663 713 quie
685 639 764 714 ipse
787 639 909 698 dicere
931 638 1160 714 nequiitEu·

100 749 215 806 endro
237 745 405 805 Cretensi
427 745 550 814 editis,
573 763 648 818 qure
670 744 728 820 egi
745 764 821 803 curn
836 743 1069 803 multitudine
1090 745 1160 803 vel·

98 857 158 926 let,
180 855 221 912 de
245 851 379 927 templo
402 850 603 913 descendit.
648 850 680 910 si
707 849 814 908 offendi
845 861 874 910 te
895 852 975 910 dices
1003 852 1058 908 hec
1079 871 1161 928 repe·

98 961 214 1019 titione:
235 959 356 1016 dicere
378 957 619 1032 incipientem
657 999 707 1019 ...
745 957 831 1032 quie
859 959 983 1016 dicere
1012 957 1161 1049 nequiit,

99 1068 155 1126 erit
175 1067 318 1135 fortusse,
352 1061 401 1138 qui
426 1061 586 1138 elegantem
618 1083 682 1122 een:
713 1081 777 1122 esse
798 1064 910 1126 docent.
975 1064 1033 1124 Sed
1066 1073 1162 1122 temen

98 1191 184 1231 usum
205 1191 241 1229 ee
265 1169 379 1228 Livium
401 1185 459 1225 non
482 1187 561 1240 esse,
584 1170 678 1227 codex
703 1170 845 1240 ostendit,
874 1171 902 1228 in
935 1187 993 1246 quo
1015 1159 1162 1226 scribitur:

99 1279 184 1355 quia
215 1278 298 1353 ipse
324 1273 418 1332 scire
446 1274 599 1348 nequid,
622 1276 679 1334 boc
705 1284 761 1332 est:
802 1276 887 1350 quie
918 1276 997 1352 ipse
1018 1277 1162 1340 hiscere

99 1384 252 1459 nequiit.
295 1382 399 1454 Neque
426 1379 502 1436 enim
529 1379 559 1438 in
589 1400 624 1439 eo
649 1383 739 1440 verbo
762 1383 841 1458 apud
864 1381 984 1440 Latinos
1007 1381 1162 1456 quicquam

99 1501 145 1548 est
162 1489 252 1548 iocosi
275 1496 325 1545 aut
348 1485 432 1542 nimis
453 1485 576 1556 humile,
607 1487 659 1543 sed
680 1507 799 1562 prorsus
822 1487 978 1564 respondet
1002 1488 1045 1558 ei,
1084 1489 1162 1564 quod

101 1596 278 1656 Germanice
311 1593 404 1652 dices:
435 1592 501 1650 weil
534 1612 565 1650 er
586 1592 653 1650 kein
675 1593 762 1648 Wort
798 1591 1062 1668 hervorzubringen
1097 1611 1162 1650 ver·

99 1701 229 1774 mochte;
252 1697 317 1776 (cir.
339 1699 496 1770 XXXIX,
522 1699 582 1774 12).
628 1699 710 1756 Idem
732 1697 853 1756 verbum
877 1715 895 1756 e
915 1698 1034 1756 librario
1049 1697 1162 1756 oblitte-

99 1814 197 1862 ratum
218 1803 382 1862 videbimus
404 1803 503 1874 XLV,
519 1807 570 1877 37,
596 1808 642 1862 13.
730 1805 884 1862 Postremo
908 1807 922 1874 §
948 1809 995 1876 13,
1019 1805 1069 1862 ubi
1093 1803 1163 1862 scri-

99 1912 191 1970 bitur:
212 1913 376 1988 Threces
494 1911 620 1968 domos
642 1911 847 1992 dilapsiet
878 1910 958 1969 ulier
990 1909 1164 1969 militaris

100 2017 247 2094 generis
276 2017 409 2088 turber,
442 2033 526 2074 usum
547 2015 686 2091 loquendi
713 2027 742 2074 et
763 2036 824 2075 rem
847 2021 898 2092 (--
921 2035 980 2076 une
1005 2017 1079 2074 enim
1101 2025 1166 2076 eret

100 2120 223 2178 confuse
244 2121 347 2192 turbe,
367 2121 490 2198 dispersi
512 2122 655 2180 exercitus
676 2123 814 2199 reliquie,
839 2129 891 2196 -)
914 2121 1063 2202 postulare
1082 2131 1164 2198 puto,

101 2237 135 2286 ut
160 2227 316 2286 scribetur:
338 2239 373 2285 et
393 2227 470 2285 elie
490 2228 666 2286 militaris
688 2231 836 2305 generis
859 2230 975 2290 turbe.
1021 2228 1070 2286 Ex
1090 2239 1164 2286 tur-

102 2335 148 2392 be
169 2333 365 2392 Cretenses
387 2342 482 2391 ortum
505 2334 610 2410 opinor
631 2336 752 2394 turbe.
789 2337 871 2395 Alibi
894 2335 1036 2395 turbem
1058 2353 1165 2392 neve·

102 2439 179 2511 lom,
201 2441 397 2500 militarem
420 2441 523 2500 Livius
545 2435 654 2516 dicim)

541 2885 617 2958 Lib.
643 2885 758 2960 XLV.

188 3073 261 3152 Cep.
287 3080 322 3148 t,
355 3079 386 3134 6:
409 3075 455 3134 s:
476 3075 588 3133 aliter
609 3075 737 3132 editur
758 3074 939 3134 circensis
961 3079 1076 3138 turber
1097 3099 1165 3140 non

105 3181 222 3238 minus
244 3182 381 3240 similis
403 3183 482 3242 veri
503 3181 647 3240 lustitia.
692 3181 762 3240 Non
783 3191 861 3240 recte
883 3183 1094 3260 coniunguntur
1114 3189 1165 3246 ed·

104 3286 235 3345 verbium
259 3296 288 3346 st
309 3287 496 3346 adiectivum:
530 3287 643 3346 aliter
676 3331 707 3350 ..
735 3305 803 3344 uon
828 3287 946 3346 minue
967 3292 1045 3350 veri
1065 3293 1165 3353 simi·

103 3393 166 3464 lis,
189 3392 311 3451 alterum
332 3395 369 3450 de
391 3393 568 3452 uenationis
590 3393 688 3451 iorum
709 3393 828 3466 dictum,
850 3393 972 3453 eltemm
994 3397 1105 3475 deipss
1124 3419 1166 3474 re,

106 3517 195 3574 quum
218 3499 319 3558 eodem
340 3508 494 3575 utrumque
515 3507 628 3576 spectet
643 3499 701 3573 (Et
717 3498 831 3558 aliter
851 3517 914 3558 nec
938 3500 1053 3560 minus
1075 3505 1165 3564 reri·

104 3603 303 3677 similiter).
357 3607 404 3664 Ne
440 3607 547 3664 edere
578 3605 696 3681 quidem
730 3604 899 3682 simpliciter
925 3625 981 3682 pro
1012 3627 1166 3670 uerrere

104 3709 176 3785 poni
196 3711 285 3783 solet3
306 3713 385 3770 eliud
406 3723 450 3770 est
471 3712 548 3770 euim
570 3729 758 3770 numerum
781 3729 964 3786 cesorum,
983 3716 1036 3774 rei
1056 3727 1166 3792 geste:

124 4046 148 4116 ι)
175 4052 215 4102 De
235 4069 258 4106 r.
277 4058 319 4108 ⁴⁶,
339 4059 353 4102 5
373 4055 469 4104 dictum
488 4055 580 4106 ested
600 4067 623 4104 c.
646 4057 671 4114 ὁ,
690 4058 715 4105 2.
