2800 4646
595 255 653 312 195
1004 254 1063 304 Lib.
1086 253 1120 302 X.

79 433 267 510 procedant,
297 437 479 494 emendanda
510 437 719 496 sententiarum
747 437 893 494 distinctio
919 447 972 499 est.
1026 437 1158 496 Primum

82 540 166 596 enim
188 540 322 599 universe
343 543 540 618 significetur,
563 544 642 618 quod
664 553 767 618 postea
788 541 955 618 singulatim
976 542 1157 612 describitur,

84 645 132 702 his
166 645 278 704 verbis:
306 657 340 704 et
365 648 512 705 deorum
540 649 649 706 etiam
672 647 926 705 adhibuerant
947 667 1053 723 opes,
1084 649 1157 706 ritu

84 751 250 823 quodem
282 755 508 810 sacramenti
541 763 688 811 vetusto
723 753 825 814 velut
846 752 1009 810 initiatis
1034 754 1157 812 militi-

85 857 165 913 bus.
216 858 330 916 Deinde
366 858 459 934 ipsam
499 859 541 916 rei
574 857 797 933 descriptionem
829 857 870 914 sic
900 857 1001 916 Livius
1032 859 1157 916 orditur:

86 962 250 1020 Delectu
282 982 346 1038 per
380 983 482 1021 omne
504 965 692 1023 Samnium
723 961 851 1020 habito
874 963 1078 1039 novalege‚
1111 974 1158 1036 ut,

85 1068 152 1142 qui
171 1068 355 1126 iuniorum
380 1088 450 1126 non
467 1070 703 1127 convenisset
719 1069 762 1126 ad
781 1067 1048 1142 imporatorum
1065 1069 1157 1126 edic-

86 1185 164 1230 tum
188 1173 323 1248 quique
353 1175 496 1232 iniussu
524 1161 684 1240 ebis'set,
721 1183 832 1249 caput
860 1173 946 1230 Iovi
972 1184 1158 1232 sacratum

87 1288 180 1350 erat,
203 1289 274 1336 tum
297 1281 483 1339 exercitus
505 1281 622 1338 omnis
645 1279 886 1354 Aquiloniam
914 1289 967 1335 est
989 1280 1158 1340 indictus.

88 1385 157 1441 Iam
180 1395 311 1461 apparet,
336 1387 562 1454 mendumitlud,
585 1384 715 1460 quodie
739 1394 921 1442 sacratum
945 1395 1023 1440 erat
1044 1384 1158 1454 eminet,

88 1489 240 1545 levissima
262 1489 374 1565 Sigonii
395 1492 619 1569 interpolatione
641 1491 724 1562 (sac.
738 1497 848 1558 esset)
862 1490 912 1546 vix
934 1497 1073 1562 tanquam
1095 1490 1159 1564 pel-

88 1595 189 1652 lucido
219 1594 285 1652 velo
315 1598 538 1668 obumbratum,
571 1596 715 1672 pertinere
749 1595 836 1652 ctiam
871 1594 909 1652 ad
942 1604 1028 1666 tum;
1066 1613 1159 1668 neque

89 1701 169 1756 enim
188 1701 245 1756 hoo
266 1699 331 1758 loco
361 1703 450 1760 ullum
473 1703 614 1762 eiusmodi
639 1712 683 1758 est
709 1701 739 1757 in
760 1701 900 1776 temporis
922 1701 1071 1758 notatione
1092 1719 1159 1758 ora·

89 1804 180 1862 tionis
200 1806 323 1881 pondus,
346 1815 377 1864 ut
400 1809 536 1867 ablativis
559 1809 721 1878 (delectu
747 1838 780 1848 -
801 1806 940 1880 habito)
964 1815 1034 1863 tum
1056 1825 1160 1882 supar-

89 1909 161 1966 addi
193 1912 328 1985 potuerit.
376 1913 443 1971 Hoc
465 1914 598 1986 invento,
621 1914 672 1971 vix
693 1912 819 1970 dubitari
840 1921 950 1988 potest,
979 1913 1048 1987 quin
1080 1921 1161 1969 erat

89 2035 215 2091 prorsus
236 2017 393 2076 tollendum
416 2019 462 2090 sit,
485 2020 615 2076 additum
637 2021 714 2092 (cum
736 2018 820 2094 gravi
843 2018 989 2076 oblivione
1011 2027 1160 2076 construc-

89 2119 197 2198 tionis)
218 2122 256 2178 ad
279 2123 439 2182 orationem
462 2125 645 2200 explendam,
678 2143 767 2199 quum
790 2125 911 2181 verbum
934 2143 952 2180 o
974 2123 1058 2180 Livio
1079 2123 1160 2198 posi·

89 2238 154 2284 tum
171 2228 213 2284 sic
235 2237 310 2284 esset
331 2228 518 2300 distractum,
541 2239 574 2287 ut
594 2230 662 2288 inde
682 2238 849 2287 nosceretur
870 2238 956 2300 tum,
980 2247 1017 2285 ex
1039 2246 1159 2286 sacra·

90 2345 166 2390 tum
197 2341 268 2390 tum
291 2344 387 2392 autem
414 2334 579 2394 faciendum
601 2344 833 2402 sacraretur,
855 2335 912 2391 hac
932 2335 1080 2392 sentcntiae
1100 2334 1161 2392 ior-

91 2457 157 2494 ma:
186 2437 339 2498 Delectu
370 2472 409 2482 —
438 2441 569 2499 habito
601 2459 695 2499 nova
726 2439 823 2514 lege,
860 2448 914 2510 ut,
949 2439 1011 2514 qui
1033 2459 1160 2496 —non

91 2543 336 2602 convenisset
366 2577 424 2618 -‚
456 2559 564 2624 ceput
594 2546 677 2604 Iovi
704 2552 936 2613 sacraretur,
968 2543 1161 2600 exercitus

92 2649 211 2707 omnis
235 2659 289 2712 cet.
336 2651 377 2709 Iit
399 2662 613 2711 sacraretur
642 2649 824 2710 scribendum
848 2667 929 2720 esee,
951 2647 1038 2704 etiam
1060 2647 1162 2704 Weis-

92 2755 251 2812 senbornio
273 2755 303 2812 in
324 2767 449 2816 mentem
472 2761 586 2818 venisse
607 2757 703 2817 video.
747 2753 861 2812 Deinde
881 2753 1090 2828 eodemcapite
1105 2758 1119 2824 §
1135 2757 1162 2824 6,

94 2862 145 2918 ubi
168 2860 283 2918 editur:
306 2863 365 2937 qui
387 2882 424 2920 se
445 2864 480 2922 id
502 2883 643 2922 sacrum
666 2871 793 2938 petere
814 2857 1036 2916 affirmabat
1052 2879 1163 2918 exve·

93 2977 197 3024 tusta
226 2967 442 3028 Senruitium
473 2969 668 3046 religione,
700 2985 760 3024 non
783 2965 902 3036 dubito,
932 2964 1001 3039 quin
1023 2973 1164 3040 perpetuo

95 3071 203 3129 Latine
225 3071 404 3146 loquentium
433 3092 485 3132 usu
512 3075 549 3132 de
570 3073 740 3132 renovando
763 3071 883 3154 antiquo
907 3070 1038 3128 instituto
1062 3070 1165 3128 Livius

95 3177 248 3252 scripserit
269 3193 447 3254 repetere.
457 3175 484 3248 ¹)

186 3283 260 3358 Cap.
284 3287 334 3354 40,
358 3289 374 3342 u
399 3285 445 3357 (L.
467 3283 605 3360 Papirius
627 3282 747 3352 consul,
769 3291 926 3358 postquam
949 3281 985 3339 dc
1006 3301 1039 3339 re
1060 3300 1079 3338 a
1101 3300 1167 3356 per·

97 3387 171 3463 fuga
202 3389 331 3446 indicata
353 3391 391 3447 ad
413 3391 553 3466 collegam
574 3388 706 3446 nuntium
718 3388 820 3460 misit)
837 3389 916 3463 ipse
937 3387 1043 3462 signa
1064 3385 1167 3444 ocius

98 3493 266 3569 proferri
295 3494 413 3566 iubet,
442 3495 695 3570 subsidiaque
723 3493 800 3551 suis
836 3510 987 3568 quoeque
1012 3491 1106 3549 locis
1134 3499 1169 3549 et

99 3599 297 3676 praelautos
328 3601 510 3658 subsidiis
540 3601 781 3668 attribuerat3
814 3599 946 3656 dextro
976 3615 1090 3655 cornu
1112 3605 1168 3658 cet.

100 3705 218 3763 Vitiosa
248 3726 316 3782 que
336 3707 378 3764 ita
403 3707 537 3783 ponitur,
569 3715 601 3763 ut
629 3705 711 3763 brevi
739 3715 768 3762 at
798 3704 939 3762 universas
965 3702 1170 3780 significationi

131 3952 155 4016 Ι)
176 3955 240 4020 Cap.
261 3961 308 4015 89,
335 3961 365 4004 15
388 3957 425 4020 (in
443 3955 539 4021 Papirii
564 3955 741 4004 cohortatione
771 3953 894 4013 militum)
926 3951 1046 4001 mendum
1070 3964 1126 3999 ease
1144 3951 1172 3998 iu

175 4049 214 4098 hia
242 4049 339 4098 verbis:
375 4050 453 4098 deos
483 4047 692 4097 immortales
717 4045 835 4095 adesse
868 4053 1009 4109 proptor
1041 4041 1174 4091 totiena

928 4162 971 4206 1³·
