2800 4646
567 301 626 358 453
924 299 982 351 tis.
1001 301 1127 351 XXXIX.

64 480 103 538 in
131 480 278 555 equites
306 479 420 557 (eadem
451 484 593 543 varietate
621 483 841 544 constructionis
873 491 901 541 et
922 485 1042 558 numeri,
1070 504 1128 562 qua

66 586 229 658 XXXIV,
263 589 316 646 52:
347 588 382 646 in
414 589 555 666 pedites
587 591 718 663 divisi,
738 590 873 666 duplex
906 592 1127 662 centurioni,

66 693 208 770 triplex
230 695 359 770 equiti,
383 703 413 753 et
432 695 531 768 XLV,
544 699 597 756 st:
619 697 657 754 in
678 696 836 772 equitem
858 737 908 766 ..,
935 696 1127 773 peditibus

152 799 439 878 dividerentur),
460 802 728 880 etstipendium
744 801 877 878 duplex
898 802 1007 866 dedit.
1031 802 1127 877 Quum

66 905 119 962 illa
139 906 278 983 triplex
298 907 333 964 in
355 908 499 984 equites
520 927 574 966 suo
596 907 662 966 loco
685 915 766 965 mota
787 917 890 980 essent,
924 907 1053 966 additum
1076 918 1128 976 est,

67 1021 101 1068 ut
122 1013 298 1072 contrarium
321 1025 405 1086 esset,
427 1015 462 1073 in
483 1013 643 1091 pedites,
666 1031 720 1089 pro
742 1032 800 1088 quo
822 1033 880 1072 non
903 1022 981 1071 recte
994 1012 1128 1072 Draken-

67 1117 205 1176 borehius
235 1119 269 1176 in
301 1121 439 1180 milites
469 1120 556 1180 scribi
585 1119 694 1190 voluit,
723 1137 788 1177 cum
809 1119 916 1178 vitiosa
937 1119 1128 1186 abundantia;

66 1233 166 1280 cetera
185 1233 263 1282 recte
287 1221 493 1299 emendavit.¹)

153 1327 225 1405 Cap.
251 1333 297 1402 17,
321 1335 336 1390 7
371 1331 425 1403 (de
454 1330 717 1390 Bacchanaliorum
739 1330 915 1390 antistitibus
937 1332 1128 1407 comprehen-

66 1433 135 1508 sis):
165 1433 332 1511 fassique
352 1436 394 1493 de
415 1455 452 1494 ss
473 1437 608 1495 nullam
630 1455 765 1494 moram
785 1435 926 1494 iudicio
947 1435 1126 1494 iecerunt.

68 1541 188 1600 Rectius
209 1541 322 1600 codices
344 1542 444 1618 (etiam
466 1542 512 1618 M)
533 1542 686 1612 indicio,
713 1543 769 1600 hoc
790 1551 843 1613 est,
874 1542 1027 1618 quominus
1051 1551 1127 1601 cete·

67 1665 118 1705 ros
140 1665 258 1723 quoque
278 1647 444 1709 indicarent
496 1648 543 1706 De
577 1648 682 1706 iudicio
714 1649 840 1707 nondum
864 1649 1005 1726 agebatur
1026 1648 1127 1707 necei

65 1773 183 1813 moram
205 1752 301 1812 fucere
321 1761 427 1829 potest,
446 1753 495 1828 qui
516 1754 546 1811 in
567 1754 688 1812 vinculis
710 1749 795 1824 αι’)

65 1941 268 1954 ....---

86 2061 110 2130 ¹)
139 2061 203 2130 Cap.
223 2067 282 2124 8‚'t
308 2063 400 2128 (falsi
425 2071 540 2124 testes,
570 2063 658 2114 lalsa
686 2067 778 2128 signa
807 2065 1072 2126 testimoniaque
1099 2071 1129 2112 et

140 2158 267 2208 indicia
290 2171 328 2206 ex
353 2157 465 2207 eadem
494 2155 637 2206 cilicina
660 2157 807 2218 exibant)
833 2158 887 2206 iure
910 2155 1019 2208 offendit
1037 2157 1128 2205 eadem

140 2263 182 2300 res
200 2250 240 2300 bis
257 2251 341 2314 posita
367 2257 393 2299 ct
415 2250 578 2300 incommode
601 2250 700 2298 variata
717 2248 833 2311 (testes
852 2283 859 2298 .
879 2285 885 2297 .
904 2245 1126 2310 testimonia);

140 2344 184 2394 sed
204 2343 271 2407 quod
291 2349 556 2408 testamentaque
576 2341 745 2400 substituitur,
764 2341 844 2390 multo
862 2341 954 2390 melius
980 2341 1127 2390 testimo·

140 2436 196 2485 nia
212 2443 243 2484 et
260 2433 390 2483 iudicia
415 2449 491 2498 qnam
515 2439 716 2483 testamenta
740 2441 770 2482 et
788 2433 912 2482 indicia
930 2433 1126 2494 coniunguntur.

141 2527 185 2578 lle
209 2527 311 2592 quidem
340 2525 446 2576 offendit
477 2527 531 2576 bec
554 2526 686 2575 bominum
710 2539 845 2590 rerumque
869 2526 1000 2590 copulatio
1029 2522 1126 2585 (salsi

141 2628 260 2678 testea,
291 2619 385 2682 signa
410 2617 486 2682 cet),
515 2631 668 2681 vereorque,
693 2633 725 2668 ne
743 2619 829 2669 Livius
847 2619 908 2668 nibil
929 2617 1059 2683 scripserit
1076 2615 1126 2666 nisi

139 2714 209 2764 nac:
240 2713 295 2763 sed
333 2709 422 2760 laisa
454 2712 548 2775 signa
582 2711 844 2774 testimoniaque
871 2717 904 2760 et
936 2710 1063 2760 indicis
1089 2723 1127 2759 ex

141 2807 253 2855 eadam
279 2802 422 2853 cilicina
441 2804 589 2854 exibant
633 2804 733 2854 Enoria
757 2811 841 2853 tamn
864 2803 987 2866 originem
1009 2817 1062 2852 non
1087 2803 1127 2851 in·

141 2896 224 2946 renio.
272 2896 287 2958 5
315 2900 329 2944 t
353 2903 424 2945 recta
447 2896 568 2946 Duksrus
592 2897 734 2960 suspicatus
752 2909 809 2945 esse
825 2895 925 2944 videtur
942 2896 1040 2962 aliquid
1057 2895 1128 2946 exci-

142 2989 217 3050 disse,
239 2989 307 3052 quod
326 2989 363 3038 sic
381 2987 434 3038 fere
458 2988 627 3054 supplendum
652 2989 784 3038 existimo:
808 3003 905 3052 quum
929 2989 1036 3038 vinum
1061 2989 1128 3039 aui·

141 3095 207 3131 mos
225 3079 454 3146 [incendisset]
480 3089 512 3130 et
530 3095 595 3130 nox
613 3089 645 3130 et
669 3082 763 3132 mixti
788 3080 921 3132 leminis
944 3097 1045 3132 mares
1068 3117 1075 3130 .
1095 3118 1127 3131 ..

142 3173 321 3224 discrimen
339 3186 431 3222 omne
454 3174 586 3238 pudoris
610 3175 865 3224 exstinxissent.
907 3175 1000 3240 (Amor
1025 3174 1058 3223 ab
1079 3173 1128 3223 bac

140 3267 286 3331 promiscua
312 3263 418 3314 libidine
443 3265 543 3315 alienus
562 3273 609 3328 sat,
637 3268 731 3317 nedum
745 3269 891 3328 amores.)

83 3355 112 3425 ⁴²)
136 3358 216 3408 Plura
235 3357 338 3409 suntin
356 3356 406 3405 bac
424 3357 569 3418 vicinitate,
596 3361 733 3424 inquibus
751 3360 838 3410 mendi
861 3357 957 3407 indicia
975 3357 1039 3407 estis
1058 3365 1128 3406 certa

140 3452 198 3512 sint,
217 3450 362 3500 emendatio
374 3450 480 3510 incerta,
499 3465 556 3514 quas
573 3452 659 3517 perlici
673 3451 780 3502 tortasse
792 3457 886 3516 posset,
912 3451 934 3500 si
946 3451 1017 3514 ipsos
1031 3448 1127 3499 codicis

140 3543 168 3593 ld
191 3544 276 3608 apices
303 3543 388 3592 danari
414 3541 511 3593 liceret.
556 3543 620 3609 cap.
643 3549 687 3604 ts,
715 3551 731 3594 4
761 3557 814 3593 uon
839 3548 924 3607 potest
947 3555 1034 3590 verum
1061 3555 1126 3602 esse,

140 3637 209 3699 qnod
230 3635 289 3684 inde
308 3651 324 3684 a
341 3633 449 3685 Geleuio
467 3649 501 3684 cx
521 3637 551 3686 M
568 3638 619 3702 (et,
642 3638 747 3701 opinor,
767 3633 892 3701 Spirensi)
916 3634 1012 3683 editur:
1036 3634 1127 3683 iucu-

139 3737 212 3778 sata
234 3727 376 3792 persidia
398 3727 537 3789 AEbutii,
571 3730 625 3792 qui
647 3730 764 3794 optimi
791 3729 824 3778 iu
855 3741 891 3776 eo
918 3725 988 3790 ipso
1018 3725 1127 3774 meriti

139 3820 236 3870 talem
263 3823 398 3884 gratiam
421 3823 621 3873 rettulisset.
665 3822 731 3873 Nam
750 3829 779 3872 ut
796 3819 944 3880 concedam,
969 3817 1060 3868 Latius
1077 3817 1126 3868 dici

141 3913 281 3976 gratiam
301 3914 408 3964 meriti
427 3913 566 3976 referre,
586 3929 662 3965 nemo
681 3915 796 3965 bonum
815 3922 860 3963 aut
878 3913 1033 3978 optimum
1051 3911 1129 3961 meri·

139 4011 192 4054 tun
212 4019 258 4070 pro
277 4019 371 4070 magum
387 4006 561 4072 praelat-oque
579 4009 653 4058 dixit.
698 4007 787 4070 Neque
812 4015 898 4057 umen
922 4005 1070 4071 sinpliciter
1087 4019 1128 4054 ra-
