2800 4646
313 247 369 298 aa.
388 247 464 296 xx1.
673 303 679 322 Ι
775 250 834 306 ato

278 433 385 490 urbas
408 432 592 492 subiicere
621 431 687 509 (pro
709 429 891 507 subigere)
921 431 1092 492 defendatur
1112 453 1157 507 eo,
1179 437 1257 511 quod
1279 437 1337 494 da-

278 539 338 596 tivo
360 538 471 596 adiecto
501 537 604 596 dicitur
635 538 825 596 subiectus
852 528 1023 610 servitio,
1052 543 1240 602 subiectae
1268 543 1336 601 im·

277 645 390 720 perio.
432 645 505 704 Haec
526 653 556 702 at
576 643 690 714 similia,
718 642 767 718 qui
789 642 904 700 Livium
926 645 1012 703 edent
1031 649 1163 723 poet-hac,
1193 648 1250 724 ipsi
1279 667 1338 723 par
1395 627 1396 634 ἵ

277 769 309 808 ee
330 750 493 827 expediant.
539 749 604 808 Noa
626 750 664 807 ad
685 757 785 806 nostra
804 760 1021 824 praevertemur.

673 1029 752 1104 Lib.
778 1030 933 1130 xx1.¹)

357 1219 393 1276 In
412 1219 467 1276 hac
495 1237 611 1294 quoque
633 1219 741 1276 decade
765 1239 784 1276 a
805 1220 960 1279 verborum
985 1189 1211 1298 interpunctione
1233 1239 1334 1279 emen·

276 1324 373 1381 danda
394 1324 500 1381 ordiar.
543 1325 621 1384 Nam
643 1334 836 1402 praeterquam
858 1325 936 1402 quod
959 1327 1052 1395 *c.6‚
1073 1325 1088 1385 1
1112 1326 1251 1384 orationis
1273 1326 1334 1384 ela·

275 1431 375 1507 gantia
401 1431 486 1488 valde
516 1441 651 1507 angetur,
694 1431 791 1507 posita
825 1431 949 1507 primum
979 1431 1061 1488 brevi
1089 1433 1144 1490 hac
1175 1433 1334 1490 sententia:

275 1535 359 1596 Cum
382 1535 594 1612 Saguntinis
616 1537 750 1594 bellum
772 1538 927 1595 nondum
949 1547 1046 1608 erat,
1074 1549 1232 1597 ceterum
1259 1538 1332 1596 iam

274 1644 364 1702 belli
385 1659 513 1711 causa,
535 1641 638 1698 deinde
661 1642 802 1700 adiunctis
824 1643 980 1719 separatim
1002 1644 1051 1712 iis,
1073 1643 1176 1720 quibua
1191 1629 1332 1702 contine·
1359 1675 1367 1688 ·

276 1749 394 1820 tonilla
414 1747 482 1806 belli
503 1765 608 1819 causa,
635 1766 659 1805 c.
685 1749 713 1818 8,
737 1752 766 1818 5,
794 1759 949 1824 postquam
972 1749 1072 1808 Livius
1094 1750 1270 1828 Saguntinos
1292 1751 1332 1808 ad

276 1853 373 1911 omnia
394 1853 528 1911 obeunda
542 1851 730 1910 multifariam
752 1853 881 1910 distineri
904 1863 1023 1930 coeptos
1044 1856 1126 1928 dixit,
1147 1875 1268 1934 pergere
1289 1856 1333 1914 sic

274 1959 367 2016 oratio
383 1957 484 2016 debet:
507 1959 587 2017 Non
609 1959 855 2045 sufficiebant
875 1959 1008 2035 itaque.
1051 1963 1126 2020 Iam
1148 1961 1331 2020 ferieban-

272 2073 330 2122 tur
362 2065 536 2124 arietibus
566 2066 657 2124 muri
689 2075 744 2128 cet.
795 2065 927 2140 Itaque
965 2067 1003 2124 ad
1042 2067 1193 2144 aequantia
1235 2077 1331 2126 tsacto

273 2171 356 2228 nimia
378 2171 517 2229 dissolute
536 2171 654 2247 ponitur
673 2171 757 2229 illud:
778 2173 857 2230 Non
879 2171 1217 2250 sufficiebantque
1230 2173 1330 2231 Weis-

273 2277 426 2334 senbornio
449 2278 621 2336 coniecturae
643 2277 750 2336 inutilia
772 2297 861 2336 causa
882 2277 945 2336 fuit.

355 2381 427 2460 Cap.
454 2379 513 2452 10,¹
539 2385 557 2442 9
589 2383 632 2452 (in
663 2385 815 2442 Hannonis
846 2385 977 2443 oratione
1006 2386 1036 2443 iu
1066 2394 1167 2444 senatu
1189 2385 1328 2458 Punico),

272 2491 320 2548 uu
342 2491 383 2548 ue
406 2489 554 2548 scribitur:
576 2489 645 2548 stu
667 2491 845 2560 Tarento,
875 2489 909 2548 iu
932 2499 986 2548 est
1007 2491 1136 2564 naua,
1159 2509 1228 2548 non
1250 2477 1331 2549 aaa

271 2597 497 2655 tinueramus
530 2615 573 2653 ex
602 2595 767 2670 foedere,
808 2597 911 2668 sicut,
936 2615 1028 2654 nunc
1063 2597 1226 2672 Sagunto
1258 2617 1327 2656 non

271 2703 505 2762 abstinemus.
552 2682 730 2760 Vicerunt
756 2721 846 2778 ergo
876 2701 926 2761 dii
957 2703 1199 2778 hominesque
1228 2712 1258 2761 et
1390 2685 1396 2702 Ἰ

272 2818 421 2866 eventus
442 2807 531 2866 belli
553 2808 650 2865 sicut
671 2825 791 2882 aquus
812 2808 930 2880 index,
951 2809 1042 2867 unde
1063 2809 1121 2867 iua
1142 2809 1277 2878 stabat,
1294 2810 1326 2866 ei

270 2915 463 2972 victoriam
486 2913 601 2981 dedit,
636 2932 812 2989 quamquam
833 2915 903 2985 acio,
935 2933 1120 2991 quamsaepe
1143 2915 1243 2974 Livius
1264 2935 1327 2974 am·

273 3097 468 3106 ..-—-—-u-—n-·

290 3219 314 3284 ¹)
338 3219 401 3280 Qua
419 3220 445 3268 ia
465 3220 539 3270 libris
557 3220 631 3280 XXI,
657 3220 746 3280 ΧΧΙΙ,
772 3219 865 3270 xxm
883 3224 942 3270 ante
968 3235 992 3269 a.
1014 3225 1080 3270 18⁵4
1099 3221 1269 3281 emendaram,
1295 3235 1326 3270 eo

339 3328 406 3362 euno
430 3327 487 3362 cum
516 3313 673 3377 Iugerelevio
700 3313 901 3370 communicavi,
940 3314 984 3376 qui
1012 3313 1139 3378 plerisque
1162 3313 1189 3362 in
1211 3313 1325 3363 editione

340 3405 469 3470 discipulis
488 3405 615 3456 destinata
633 3407 725 3472 partim
750 3406 777 3454 in
795 3407 851 3470 ipsa
869 3406 983 3456 oratione
1000 3405 1093 3471 partini
1111 3407 1138 3454 in
1156 3405 1325 3456 adnotationi-

340 3497 388 3547 bus
407 3513 468 3548 ueua
487 3509 537 3560 est,
566 3499 592 3548 in
610 3513 662 3548 uno
680 3499 804 3548 etaltera
827 3497 885 3546 looo
912 3507 1016 3564 proptor
1032 3497 1220 3549 festinationem
1245 3499 1325 3548 edna

339 3591 401 3640 tatio
427 3592 459 3640 ad
480 3592 519 3654 id,
544 3593 612 3655 qaod
636 3591 663 3640 in
687 3598 758 3640 textu
775 3591 885 3656 positum
909 3599 961 3651 eet,
988 3593 1181 3642 accommodata
1205 3606 1258 3641 noa
1273 3601 1323 3652 eet;

338 3683 390 3732 alia
407 3683 515 3733 coneilio
534 3691 578 3733 eut
596 3697 658 3732 casu
669 3684 764 3733 omiaaa
776 3691 841 3733 sunt.
879 3681 923 3733 Ab
937 3683 1089 3746 legemlevio
1101 3683 1323 3735 Weissenboruiaa

339 3775 437 3838 aliquot
460 3791 530 3824 meae
554 3776 712 3825 coniecturae
736 3789 768 3824 ex
788 3775 828 3834 ile,
847 3788 903 3839 qua
929 3775 956 3824 in
983 3777 1191 3828 adnotationibus
1214 3793 1324 3828 comma·

339 3875 444 3916 morata
467 3875 553 3926 erant,
574 3868 690 3932 compsit.
724 3867 780 3930 Ego
797 3867 840 3916 hio
858 3881 947 3916 omnes
966 3871 1117 3933 repetendae
1144 3869 1256 3930 (atellala
1278 3885 1322 3920 no-

338 3959 415 4022 tatae)
443 3949 617 4022 rationesque,
648 3973 704 4023 qua
727 3960 762 4010 ibi
788 3961 889 4011 omieeaa
912 3969 957 4010 aut
979 3962 1057 4012 verbo
1080 3962 1227 4025 significata
1251 3973 1321 4023 aunt,

338 4051 504 4116 exponendae
530 4052 625 4117 putaui,
650 4053 698 4102 nini
717 4067 780 4116 quea
805 4051 837 4102 ab
860 4051 918 4102 aliie
937 4061 1076 4118 praeceptae
1092 4063 1184 4118 poetae
1200 4055 1321 4105 intellexi.
