2826 4640
570 271 629 328 49³
987 273 1044 326 nib.
1062 275 1135 324 XLI.

66 448 216 524 Gryneus
237 449 369 526 plurimis
398 451 470 510 locis
493 451 633 522 adhibuit,
660 455 890 514 emendationem
913 455 1083 533 prudentem
1105 469 1134 517 et

65 563 195 624 cautum,
219 573 277 612 non
299 555 446 628 timidam,
476 559 623 617 sementim
653 569 682 616 et
703 561 843 618 orationis
872 563 1002 638 pondera
1023 563 1134 622 exarm-

65 669 184 718 nantem
209 670 239 719 et
260 661 371 720 librarii
393 664 628 722 consuetudinem
651 665 896 738 considerantem,
925 685 984 728 non
1005 669 1135 744 ninguine
1186 675 1189 682 '

65 766 180 822 litterae
201 767 287 825 nimis
309 767 464 826 artificiose
485 780 514 826 et
543 751 674 828 contorte
704 780 870 832 sectantem.
925 774 1138 850 Relinquentur

65 871 109 926 sic
126 889 243 946 quoque
258 872 358 944 multe,
374 891 438 948 quta
448 873 641 950 suspicionem
656 874 784 933 hebeunt
794 876 910 949 iustam,
926 879 1134 938 correctionem

65 983 177 1032 certam
199 985 251 1034 aut
270 980 453 1054 probabilem
474 997 532 1038 non
555 980 703 1056 recipiant.

494 1419 573 1494 Lib.
607 1419 708 1493 XLI.

152 1608 249 1665 Huius
271 1607 337 1666 libri
361 1627 466 1666 novem
490 1609 586 1685 prima
606 1581 713 1685 capite,
737 1619 768 1666 ut
789 1609 859 1680 dixi,
881 1609 923 1667 ita
938 1609 1057 1686 Grynaei
1077 1612 1134 1668 fide

66 1713 207 1783 nituntur,
236 1725 278 1782 ut,
308 1715 378 1790 quid
399 1714 448 1772 ille
472 1715 502 1772 in
524 1715 631 1773 codicis
662 1715 804 1790 scriptura
826 1715 953 1784 mutarit,
976 1716 1130 1775 nesciatur.

66 1821 174 1895 ltaque
195 1819 225 1876 in
246 1819 282 1878 iis
297 1819 379 1893 locis,
400 1821 430 1877 iu
450 1821 555 1894 quibus
570 1821 697 1896 euspicio
717 1820 817 1890 oritur,
841 1839 944 1895 neque,
967 1821 1133 1878 codicemne

66 1945 105 1982 nn
129 1924 288 2001 Gryuaeum
310 1945 427 2002 arguas,
449 1926 524 1983 scias
546 1944 640 2000 neque
661 1925 746 1983 certis
769 1925 882 1983 indiciis
903 1926 1134 1984 emendationem

65 2031 186 2106 dirigas.
245 2031 293 2088 lta
315 2030 431 2090 difficile
460 2041 504 2089 eet
526 2030 621 2106 ipsum
645 2031 817 2088 correctioni
839 2031 992 2101 confidere,
1017 2030 1134 2090 difficile

66 2136 132 2194 aliie
160 2135 246 2194 fidem
278 2135 388 2206 facere3
419 2155 514 2212 neque
540 2145 638 2194 tamen
666 2137 825 2195 omittenda
851 2149 932 2208 sunt,
965 2155 1029 2212 quae
1056 2138 1136 2196 veris

62 2242 172 2300 similia
192 2241 335 2310 videntur,
357 2251 387 2298 et
409 2241 511 2300 saltem
534 2241 640 2298 menda
661 2243 799 2302 notanda.

110 2369 116 2380 ·
149 2345 223 2422 Cup.
250 2350 275 2418 l,
299 2349 316 2405 6
337 2347 400 2422 (ubi
422 2347 624 2406 describuntur
644 2348 784 2405 stationes
806 2349 843 2404 ab
865 2348 905 2404 A.
927 2347 1038 2404 Manlio
1060 2367 1129 2405 con·

61 2453 136 2524 sule,
159 2453 276 2510 leuium
299 2453 440 2528 ingresso,
464 2453 501 2510 ab
524 2453 659 2510 omuibus
674 2464 835 2510 castrorum
851 2453 983 2528 pertibus
1007 2453 1128 2510 circum-

61 2555 165 2633 dataeJ:
201 2558 235 2615 in
271 2558 423 2616 letriam
455 2576 601 2616 versum
635 2565 663 2625 (e
695 2559 788 2618 Gron.
812 2558 952 2627 coniect.,
986 2557 1029 2615 ed.
1056 2558 1128 2614 lin

61 2663 287 2738 latriamque
324 2670 438 2731 suum)
471 2663 681 2738 praesidium
717 2664 891 2742 stativum
934 2662 1128 2737 repentina

61 2770 195 2828 cohors
228 2767 453 2826 Placentina
485 2769 656 2844 opposita
682 2769 780 2825 inter
815 2787 912 2826 mere
939 2779 976 2825 et
1002 2778 1128 2826 caetra

60 2887 111 2944 et,
152 2885 192 2932 ut
230 2873 322 2932 idem
350 2873 597 2948 aquatoribus
624 2874 668 2931 ad
696 2873 855 2931 fluvium
884 2885 981 2930 esset
1008 2875 1127 2949 praeei-

60 2980 174 3048 dium,
197 2980 238 3040 M.
261 2979 437 3038 AEbutius
467 2978 549 3039 trib.
572 2978 640 3037 mil.
668 2979 834 3036 secundae
857 2977 1017 3053 legionis
1039 2979 1128 3037 duos

61 3085 272 3161 manipulos
300 3084 454 3142 militum
489 3083 653 3142 adiicere
683 3083 807 3142 iussus
835 3094 898 3144 eet.
955 3085 1025 3142 Non
1051 3085 1127 3142 idem

60 3192 119 3248 hoc
139 3191 305 3267 praesidium
327 3191 416 3248 fuisse
438 3189 522 3246 unius
542 3189 609 3260 loci,
630 3189 682 3246 sed
704 3189 761 3246 duo
784 3189 908 3260 diversa,
924 3199 953 3248 et
967 3209 1014 3248 res
1029 3199 1127 3248 oeten-

59 3297 103 3354 dit
143 3297 300 3373 additaque
336 3297 466 3354 locorum
506 3294 613 3352 mentio
650 3305 679 3352 et
712 3295 893 3370 apertissime
928 3295 1029 3354 Livius
1064 3295 1127 3370 ipse

60 3402 132 3462 dicit
149 3402 284 3480 proximo
307 3400 402 3476 capite
424 3401 451 3474 (ξ
476 3399 521 3476 3J:
544 3401 613 3458 duo
635 3400 741 3458 simul
762 3399 953 3476 praesidia,
975 3399 1126 3458 Placen·

61 3509 146 3566 tinne
181 3507 344 3565 cohortis
380 3515 415 3564 et
448 3506 718 3582 manipulorum
749 3505 915 3564 secundae
952 3503 1126 3580 legionis,

60 3613 331 3688 aggrediuntur
363 3611 428 3688 (clu.
459 3631 483 3669 c.
507 3616 541 3682 7,
569 3613 586 3668 9
610 3612 648 3669 de
668 3613 769 3670 eadem
793 3614 853 3684 re);
885 3611 984 3685 itaque
1004 3612 1126 3670 verbum

60 3717 223 3775 adiicere
259 3717 396 3776 inusitate
427 3719 554 3793 positum
590 3719 800 3794 reprehendere
832 3717 944 3776 omitto.
991 3717 1127 3793 Apparet

59 3823 147 3892 enim,
170 3823 283 3899 opinor,
307 3823 421 3882 Livium
444 3824 486 3883 sic
507 3823 568 3882 lere
590 3825 753 3900 scripsisse:
776 3835 825 3897 et,
849 3835 886 3882 ut
907 3826 991 3887 lten
1013 3842 1126 3899 equa-

61 3929 206 3987 torihus
228 3930 271 3987 ad
292 3927 444 3986 fluvium
467 3938 566 3987 asset
586 3929 811 4005 presidium.
833 3931 875 3988 M.
898 3929 1069 3990 AEbutius
1091 3976 1119 3990 ..

60 4035 151 4092 duos
179 4034 387 4110 manipulos
415 4034 570 4092 militum
609 4053 650 4098 cc
682 4035 817 4100 dleerc
840 4035 963 4093 iussus
989 4045 1060 4106 est;
1090 4036 1126 4093 do
