2826 4650
291 281 349 333 Lib.
367 279 401 329 ll.
767 283 804 338 58

339 464 411 543 Cap.
435 469 481 537 19,
504 468 536 523 7:
568 467 643 524 Nec
663 463 800 522 fefellit
820 465 967 522 veniens
989 461 1150 539 (AEbntius)
1172 465 1315 521 Tuscu-

256 573 374 630 lanum
397 557 534 640 ducem,
568 579 695 628 contra
722 589 824 644 quem
855 578 889 626 et
918 569 982 628 ille
1009 571 1141 627 incitat
1173 587 1314 643 equum.

257 679 425 736 Admodum
445 678 625 752 ineleganter
644 693 803 752 pronomen
819 676 969 734 relativum
991 677 1108 753 ponitur
1127 695 1184 734 non
1199 678 1315 733 'l'usou-

256 785 354 842 lanum
383 785 485 842 ducem
512 783 563 842 sed
592 781 744 840 AEbutism
771 781 949 856 significens3
983 783 1147 839 restituatur
1177 791 1258 840 recta
1285 793 1317 840 et

257 891 363 948 Latina
383 890 522 948 orationis
544 887 648 955 sonna,
670 897 702 944 ut
717 888 859 962 negativae
872 889 1018 946 sententie
1035 888 1189 946 affirmatio
1209 889 1314 946 eodem

256 1005 390 1071 spectans
413 994 576 1070 copulative
599 992 668 1066 (non
690 993 883 1067 adversative)
906 993 1092 1069 adiungatur,
1121 995 1145 1051 si
1176 995 1314 1052 lineolam

256 1101 404 1158 sustuleris
435 1099 531 1158 vocali
560 1109 696 1156 extremar
728 1098 906 1174 impositam:
950 1110 1149 1174 contraque
1180 1101 1316 1158 atille

256 1207 386 1264 incitat
413 1225 548 1282 equum.
607 1205 683 1283 (Lib.
711 1208 735 1275 l,
758 1208 796 1263 ta
819 1215 892 1263 extr.
916 1205 979 1265 cod.
1012 1205 1183 1281 archetypus
1211 1207 1316 1263 habuit

255 1333 318 1390 per
343 1332 442 1388 quem
465 1333 520 1390 pro
543 1331 694 1388 perque,
719 1320 750 1367 ut
772 1322 893 1387 apparet
914 1331 951 1368 ex
974 1313 1057 1372 MR>

341 1415 436 1494 'Cap
459 1421 508 1486 21,
527 1422 559 1475 i:
595 1418 704 1475 Tanti
724 1435 868 1474 errores
888 1417 1078 1492 implicant
1098 1428 1315 1494 temporum,

256 1557 311 1594 -,
347 1533 385 1581 ut
417 1543 479 1581 nec
512 1525 572 1600 qui
600 1525 766 1582 consules
802 1524 993 1581 secuudum
1029 1525 1217 1598 quosdam,
1250 1544 1316 1583 nec

257 1609 341 1704 quid
384 1648 526 1704 quoque
565 1647 656 1686 anno
701 1641 818 1688 actum
862 1631 923 1699 sit,
972 1629 1137 1706 digerere
1181 1632 1316 1706 possis.

256 1736 402 1792 Vitiosum
434 1753 497 1792 esse
524 1736 710 1810 quosdam,
743 1746 872 1793 senserat
892 1736 1043 1807 Baletus,
1078 1738 1132 1794 etsi
1159 1737 1198 1806 is,
1234 1739 1316 1811 quod

256 1861 368 1912 vereor,
391 1861 427 1898 ne
448 1841 545 1898 multis
567 1842 712 1912 acciderit,
741 1843 934 1899 secundum
957 1844 1128 1917 quosdam
1150 1843 1257 1917 accipit
1277 1843 1315 1899 de

256 1947 437 2018 auctoribus3
475 1947 579 2004 Latine
596 1947 782 2024 'loquentibus
803 1947 829 2006 is
850 1949 1042 2006 secundum
1065 1949 1315 2014 Liviumcon-

256 2053 311 2110 sul
335 2053 418 2123 tuit,
441 2052 489 2128 qui
503 2053 616 2110 Livium
636 2054 664 2110 in
680 2054 829 2136 consulatu
845 2065 959 2111 secutus
974 2064 1026 2124 est,
1037 2071 1095 2110 non
1111 2073 1195 2128 quem
1211 2053 1314 2110 Livius

256 2169 357 2215 auctor
379 2169 422 2215 est
443 2159 589 2216 consulem
610 2158 712 2228 luisse3
748 2159 797 2216 sed
831 2177 883 2216 ner
912 2179 984 2234 quos
1012 2161 1081 2217 oerti
1103 2159 1222 2234 quidam
1244 2177 1314 2215 auo-

256 2271 333 2320 tores
356 2265 487 2321 consules
509 2265 597 2321 suisne
619 2267 779 2335 traderent,
814 2284 867 2323 neo
897 2265 945 2340 qui
972 2265 1103 2324 consules
1131 2273 1198 2340 post
1217 2275 1314 2322 oertos

257 2363 404 2443 quosdam
422 2370 488 2445 [qui
504 2370 573 2427 nulli
588 2369 687 2448 orant)
709 2371 838 2441 fuissent,
861 2372 1043 2445 quaerebatur
1063 2389 1098 2428 ao
1116 2370 1314 2440 dubitabatur,

256 2475 307 2532 sed
321 2476 357 2532 de
372 2495 442 2534 vero
457 2478 604 2534 consulum
621 2477 730 2546 ordine,
742 2496 830 2552 quum
846 2485 978 2534 auctores
994 2478 1197 2552 discreparent.
1226 2477 1314 2550 Quod

257 2589 324 2638 ante
345 2582 450 2639 multos
470 2601 561 2640 annos
582 2583 788 2653 intellexeram,
809 2583 917 2658 duplex
937 2582 1051 2640 aLivio
1073 2583 1313 2656 interrogativum

256 2706 415 2762 pronomen
430 2687 556 2764 positum
572 2687 660 2746 fuisse
682 2689 749 2763 (qui
771 2689 902 2746 consules
924 2705 997 2762 quos
1017 2689 1107 2744 secuti
1128 2697 1233 2758 essent,
1255 2689 1313 2746 hoc

256 2803 308 2862 est,
336 2811 447 2868 quoae
471 2794 570 2851 ordine
601 2795 738 2851 consules
758 2795 962 2869 excepissent),
991 2794 1075 2854 video
1098 2793 1185 2850 ctiam
1208 2795 1312 2870 Haup-

256 2901 328 2958 tium
350 2899 600 2968 animadvertisse3
623 2901 673 2958 sed
695 2901 771 2974 quod
794 2899 985 2958 secundum
1009 2917 1181 2974 quosnam
1203 2899 1313 2966 scribit,

255 3007 285 3063 in
309 3008 364 3064 hac
391 3005 570 3082 pronominis
599 3007 791 3081 geminatione
816 3023 929 3080 semper
949 3005 1049 3063 eadem
1073 3006 1169 3064 forma
1188 3016 1313 3080 utroque

256 3114 321 3171 loco
343 3112 460 3188 ponitur
481 3111 579 3186 (quis
601 3131 717 3186 quem,
742 3121 822 3170 uter
843 3122 958 3170 utrum
981 3109 1206 3183 fraudaviti)
1229 3110 1312 3166 mini-

256 3237 359 3292 meque
380 3217 471 3274 altero
493 3215 557 3274 loco
580 3218 699 3293 gravior
714 3229 743 3276 et
757 3219 869 3295 plenior
889 3218 959 3294 poni
979 3227 1083 3294 potest,
1105 3217 1188 3291 quasi
1209 3217 1312 3292 magis,

257 3343 330 3400 quos
351 3324 450 3393 secuti,
473 3343 560 3398 quam
584 3324 634 3399 qui
655 3326 745 3383 secuti
767 3325 832 3394 sint,
854 3335 967 3400 agatur.
1011 3325 1173 3398 Scripserat
1199 3323 1312 3380 Livius:

257 3431 316 3505 qui
339 3429 507 3487 consules
530 3430 721 3488 secundum
745 3451 846 3506 quos3
874 3451 932 3489 non
954 3431 1164 3499 animadverso,
1190 3429 1312 3486 interro·

255 3536 385 3612 gativum
419 3554 496 3604 esse,
531 3535 678 3592 substituit
715 3537 818 3611 aliquis
851 3535 1039 3612 quosdam,
1072 3545 1201 3605 secutus,
1233 3535 1312 3608 quod

256 3653 393 3718 quattuor
413 3642 544 3700 versibus
566 3651 633 3700 ante
654 3643 767 3718 legitur,
791 3643 885 3718 apud
907 3642 1088 3716 quosdam.

340 3747 412 3823 Cep.
437 3749 485 3819 23,
509 3753 536 3805 7.
593 3749 762 3807 Non'iam
784 3746 865 3805 foro
887 3765 924 3806 se
944 3749 1119 3806 tumultus
1140 3744 1311 3817 sustinet,

256 3855 317 3911 sed
338 3855 474 3930 passim
495 3863 606 3912 totam
628 3856 743 3912 orbem
758 3855 936 3930 pervadit.
961 3853 1310 3929 SicpostAlsohefskium

256 3959 391 4017 Hertzius
413 3961 503 4018 edidit
523 3962 637 4018 codices
661 3973 690 4019 et.
720 3961 844 4037 optimos
868 3959 1001 4034 (MPLl)
1027 3969 1056 4016 et
1083 3959 1239 4017 deteriores
1266 3979 1311 4015 sc-

257 4083 360 4141 quens;
394 4066 463 4123 olim
492 4067 631 4124 edebatur
662 4066 838 4136 continet,
875 4067 951 4141 quod
979 4067 1008 4123 in
1030 4067 1074 4123 ΗΙ
1110 4084 1173 4123 esse
1199 4065 1311 4136 dicitur,
