2826 4640
590 268 649 324 515
994 267 1051 321 Lib.
1064 269 1149 320 XLII.

82 449 161 507 ruine
184 447 214 506 in
236 457 338 504 senetu
362 449 496 506 Romano
517 446 621 504 habite
640 455 686 506 est
703 448 846 510 adversus
860 468 957 526 regem
989 461 1150 520 externum,

81 554 257 630 optimatum
284 552 443 627 populique
474 551 601 628 pertiuru
631 553 793 612 dissensum
820 573 879 612 nou
907 557 1066 635 attingen83
1096 580 1149 620 nee

80 660 157 716 bene
190 657 385 733 populeris
418 675 453 715 ee
485 665 592 732 grets
621 659 770 734 populis
805 660 902 718 Asin
938 663 1030 737 (quod
1062 664 1149 742 louge

78 763 162 820 aliud
184 763 239 836 est)
272 761 495 838 coniunguntur.
550 764 586 821 In
608 763 708 822 codice
729 765 867 840 scripturn
891 775 1000 824 exstet:
1031 787 1148 844 popu-

78 869 194 926 larem
219 867 363 944 quidem
386 867 531 942 quidem
551 869 737 945 ingratum
756 871 995 946 populisusm
1011 891 1148 948 eoquo-

77 993 150 1048 que
171 982 226 1034 cet.
282 972 384 1030 Livius
416 972 487 1030 nihil
509 975 666 1049 scripserat
701 975 756 1032 nisi
791 976 866 1034 hece:
898 977 1148 1053 popularibus

77 1079 222 1154 quidem
264 1078 376 1146 (seinen
409 1079 617 1149 Lendsleuteu)
647 1088 795 1154 grutem
827 1080 920 1158 (nuru
942 1101 983 1140 eo
1005 1101 1148 1159 quoquc

76 1185 150 1242 iem
172 1183 280 1242 feror
300 1185 430 1242 Persei
452 1185 618 1256 venerat)
641 1185 847 1244 cretionem
870 1188 1011 1248 hebuit.
1059 1189 1146 1254 Ex·

75 1298 224 1366 gratem
246 1298 342 1347 ertum
363 1290 558 1366 ingratam.
606 1289 668 1347 Pro
682 1291 929 1366 populeribus
948 1311 1037 1368 quum
1057 1274 1146 1352 libress

73 1395 139 1452 rius
161 1395 238 1452 mele
258 1395 478 1471 popularem
501 1394 682 1469 scripsisset,
703 1394 850 1472 corrigere
871 1396 972 1454 volens
996 1397 1146 1474 populis

73 1501 211 1576 scripsit,
246 1518 324 1558 nevo
346 1501 467 1570 mendo,
489 1509 523 1557 ut
543 1499 613 1556 elibi
633 1517 693 1556 non
714 1519 783 1558 rere
806 1501 875 1569 (vid.
898 1520 927 1577 p.
954 1499 1039 1580 492).
1093 1503 1145 1560 Eo

74 1605 181 1662 referri
214 1615 339 1682 spperet
375 1605 414 1663 ud
444 1605 581 1664 Rhodum
616 1605 849 1680 popularium
886 1607 1002 1664 nemine
1036 1607 1145 1682 signifi-

72 1717 185 1768 estem.

161 1815 236 1894 Cep.
263 1820 316 1886 15,
350 1819 367 1874 5
404 1817 560 1890 (deloco,
590 1814 640 1872 ubi
670 1814 795 1872 Eumeni
817 1813 949 1890 Delphos
981 1816 1144 1874 escendenti

71 1921 217 1979 Euander
247 1929 276 1979 et
300 1920 349 1980 elii
381 1921 509 1980 insidiati
533 1921 626 1995 sunt):
659 1919 956 1978 discendentibus
982 1921 1026 1980 ed
1056 1931 1145 1980 tern-

71 2026 172 2101 plum
302 2027 467 2085 mecerin
499 2035 581 2084 eret
621 2025 665 2083 eb
695 2023 787 2081 lseve
818 2025 954 2083 semitae
993 2027 1143 2102 paulum

71 2137 228 2187 exstans
243 2149 261 2188 e
279 2131 615 2208 fundamente,qus
636 2129 774 2207 singuli
796 2131 1014 2193 transirent.
1044 2133 1145 2192 Mece-

70 2233 149 2292 riem
168 2235 287 2311 paulurn
310 2238 455 2296 exstitisse
477 2257 496 2296 e
517 2237 718 2306 fundamento,
749 2235 882 2312 profecte
904 2255 964 2294 non
985 2255 1059 2314 opus
1082 2249 1145 2298 eret

70 2340 143 2410 diei,
165 2343 216 2399 sed
239 2343 334 2418 qualis
355 2344 460 2401 semite
480 2343 596 2413 fuisset3
618 2363 672 2402 nee
694 2349 763 2418 epte
784 2341 860 2400 inter
879 2342 1057 2402 seruitnet
1071 2363 1144 2420 que

70 2447 268 2522 interponitur
289 2450 325 2507 de
357 2450 485 2508 mecerin
513 2449 661 2525 paulum
685 2457 842 2506 exstans
874 2467 893 2505 s
913 2447 1029 2518 fund,
1060 2451 1143 2524 quasi

71 2554 203 2611 macerie
215 2555 389 2612 transierint.
433 2557 469 2613 In
484 2556 584 2614 codice
595 2555 743 2614 scribitur:
766 2553 1144 2612 meceriersteblevis

71 2658 240 2717 semitern
263 2660 407 2736 paulum
431 2668 615 2719 extantem
638 2679 658 2718 s
679 2658 920 2717 fundamento
942 2677 1019 2732 que.
1049 2657 1142 2718 Scribi

70 2763 164 2836 igitur
184 2764 283 2822 debet:
316 2766 480 2824 mecerin
515 2775 597 2824 eret
619 2767 663 2824 eb
684 2765 775 2822 laevs
797 2763 841 2822 sd
862 2763 1028 2821 semitam
1050 2783 1143 2840 peu·

72 2867 145 2926 luru
169 2877 387 2931 exstantem.
434 2873 571 2947 Perssepe
603 2871 633 2929 in
656 2871 756 2930 codice
785 2887 804 2932 n
831 2888 885 2945 pro
916 2868 961 2926 ed
998 2870 1141 2931 scribitur.

72 2973 143 3046 (Ab
164 2974 255 3032 laeve
278 2977 312 3034 in
333 2979 499 3035 semitsm
529 2977 666 3034 Lstiuuru
687 2997 747 3035 non
768 2985 829 3046 est,
859 2975 904 3032 ab
923 2973 1013 3032 laeve
1034 2977 1142 3036 serni·

72 3089 147 3137 tern
170 3100 228 3138 non
251 3081 344 3140 minus
365 3084 524 3142 barbarum
543 3101 631 3156 quem
652 3081 741 3152 illud,
763 3081 843 3158 quod
864 3080 893 3138 iu
914 3079 1011 3151 VIII,
1036 3085 1093 3154 ts,
1124 3084 1142 3140 8

71 3187 238 3262 fingebatur
259 3187 390 3246 dextre
411 3189 529 3262 viam.)

160 3291 235 3368 Cep.
265 3295 314 3362 16,
337 3295 354 3348 9
378 3294 548 3368 (postquem
571 3291 663 3363 dixit,
695 3291 828 3350 Attalum
851 3291 936 3366 signe
957 3291 1071 3350 dedisse
1093 3311 1142 3354 cu·

74 3397 386 3474 piditstisrsgnendi):
406 3398 490 3472 Ques
511 3407 643 3474 postes
663 3416 735 3455 non
749 3395 1142 3468 fefellereEumeneur,

75 3513 111 3559 et
135 3522 354 3579 quemquem
377 3503 616 3562 dissimulare
639 3513 674 3561 et
694 3502 810 3560 tecite
830 3500 1022 3558 hebereid
1043 3502 1141 3577 peti.-

75 3629 141 3684 que
163 3617 355 3680 statueret,
377 3619 495 3668 tumen
517 3609 556 3667 iu
580 3609 696 3685 prime
712 3615 1141 3683 congressunonternpe·

75 3715 181 3784 revit,
199 3714 351 3788 quincet.
379 3713 483 3773 Otiose
494 3713 808 3792 postdissimulsre
823 3721 857 3769 et
878 3711 991 3769 tacite
1005 3713 1141 3770 hebere

76 3819 193 3878 additur
213 3819 370 3894 patique
392 3827 421 3876 et
444 3820 548 3878 vitiose
571 3820 658 3877 etiem
682 3819 799 3888 dicitur,
822 3837 889 3876 nsrn
914 3836 978 3894 quoe
999 3819 1057 3876 ism
1080 3795 1140 3878 Iec-

74 3933 106 3982 te
125 3933 206 3994 sunt,
228 3943 286 3980 nou
309 3923 456 3999 petimur,
494 3925 547 3982 sed
566 3923 659 3982 inulte
689 3943 752 3983 esse
774 3924 908 4000 petimur.
951 3925 1029 3982 Tum
1050 3943 1142 4004 preve

73 4037 141 4106 post
162 4047 237 4104 quse
260 4029 378 4105 ponitur
399 4029 443 4086 id.
491 4029 569 4087 Illud
591 4048 708 4105 quoque
732 4029 822 4105 quaeri
843 4035 959 4114 petest,
990 4031 1141 4090 dIceturne

890 4151 938 4205 ὅδ’
