2800 4646
247 273 304 324 Lib.
320 271 461 324 xxxvtt.
749 275 808 332 430

247 465 386 526 rsutur,
410 457 573 514 necessario
598 455 780 514 scribendum
801 463 872 531 puto
894 455 1128 529 conspicere;
1150 471 1219 511 nens
1241 453 1312 510 cir·

247 561 486 637 cumspicere,
516 563 572 620 boc
594 573 638 620 est
668 561 758 618 oculis
780 579 918 636 querere,
939 559 1025 618 facile
1044 567 1189 635 poterent,
1214 575 1312 634 neque

248 667 534 742 circumspectionem
547 668 642 743 celigo
664 666 747 738 tollit,
769 666 820 723 sed
834 675 1035 742 conspectum3
1058 675 1087 722 et
1097 664 1174 722 idem
1186 665 1311 722 verbum
1387 713 1388 716 ,

247 780 371 846 utroque
392 772 457 829 loco
477 791 540 830 esse
563 774 665 844 debet,
695 783 743 842 ut,
771 771 850 846 quod
873 790 909 829 uo
926 789 964 829 ex
986 771 1081 829 medie
1106 769 1224 845 quidem
1248 771 1313 828 scie

248 876 310 934 fieri
331 877 472 952 potuerit,
503 877 533 934 id
554 877 645 935 multo
669 880 764 936 minus
789 898 806 936 e
829 877 964 934 cornibus
987 876 1048 932 fieri
1069 877 1199 952 potuisse
1220 877 1312 954 signi·

247 983 358 1041 ficetur.
410 983 457 1040 De
478 983 591 1042 duabus
612 985 698 1042 simul
719 984 850 1060 partibus
872 981 1082 1056 conspiciendis
1112 1001 1169 1040 nou
1192 982 1313 1058 ponitur

248 1087 540 1162 circumspicere,

333 1193 406 1268 Cap.
432 1195 489 1262 42,
522 1195 539 1250 2
563 1194 607 1263 (in
638 1194 804 1250 narratione
832 1192 935 1267 proelii
962 1193 999 1250 ud
1021 1192 1234 1268 Magnesiam:
1267 1193 1311 1250 ed

248 1315 340 1372 quos
363 1295 492 1376 (equit-es
513 1297 734 1377 cataphractos)
756 1316 877 1372 quum,
899 1297 1094 1373 dissipetis
1115 1297 1310 1358 subsidiis.

249 1403 483 1478 pervenisset
510 1403 697 1479 equitatus
727 1405 926 1472 Romanus,
967 1423 1008 1460 ne
1046 1403 1197 1479 primum
1235 1403 1310 1478 qui-

248 1509 324 1566 dem
356 1509 526 1584 impetum
562 1528 648 1586 pers
686 1527 807 1565 eorum
847 1507 1112 1578 sustinueruut3
1148 1507 1310 1566 sliifusi

248 1623 349 1683 sunt,
391 1613 455 1670 ulii
485 1625 640 1691 propter
674 1615 896 1689 gravitatem
932 1624 1221 1688 tegumentorum
1257 1634 1310 1672 er-

250 1737 458 1793 merumque
485 1720 657 1795 oppressi
694 1716 815 1795 [sunt].
870 1717 902 1778 Si
934 1721 995 1776 hoec
1023 1737 1093 1776 vers
1125 1729 1210 1790 sunt,
1241 1739 1311 1796 psrs

249 1824 378 1898 equitum
400 1823 653 1898 cataphractorum
675 1823 813 1898 impetum
835 1823 1031 1881 sustinuerunt
1060 1843 1154 1899 neque
1181 1823 1238 1882 iusi
1261 1835 1312 1882 eut

250 1929 383 2003 oppressi
404 1935 483 1998 sunt3
518 1929 569 1986 sed
591 1929 660 2003 quid
680 1947 715 1984 ee
736 1947 805 2004 pars
829 1929 933 1986 deinde
955 1937 1006 1987 eut
1027 1927 1127 1987 fecerit
1148 1938 1201 1986 aut
1221 1947 1312 2005 pesse

249 2033 304 2101 sit,
327 2051 385 2088 non
417 2033 531 2094 dicitur.
590 2013 732 2110 Apparet
764 2051 932 2109 perversum
965 2053 1028 2091 esse
1059 2031 1128 2091 illud
1161 2033 1198 2090 de
1226 2043 1311 2109 parte

250 2136 363 2211 (alique
383 2139 505 2211 incerte)
535 2139 674 2214 impetum
696 2157 754 2196 non
776 2138 933 2196 sustinente
961 2157 1112 2214 pravoque
1147 2138 1214 2196 loco
1237 2138 1311 2197 divi-

251 2243 361 2300 sionem
395 2245 465 2301 fleri.
515 2245 678 2320 Scripseret
705 2244 820 2302 Livius:
926 2261 967 2300 ne
988 2243 1139 2320 primum
1165 2245 1310 2320 quidem

250 2349 420 2424 impetum
442 2349 715 2418 sustinuerunt3
743 2365 827 2422 pers
857 2366 980 2406 eorum
1008 2349 1082 2407 fusi
1113 2358 1214 2420 suut,
1246 2349 1312 2407 elii

251 2462 405 2530 propter
426 2455 649 2529 gravitatem
673 2462 725 2511 ete
779 2453 875 2526 Quum
905 2455 1010 2530 aliquis
1040 2455 1191 2531 vulgarem
1214 2455 1310 2512 distri·

251 2559 359 2616 buendi
380 2557 503 2616 formem
525 2559 725 2634 significasset,
747 2557 893 2632 adscripto
914 2558 950 2616 ad
970 2577 1056 2634 pers
1077 2577 1200 2618 eorum
1222 2579 1311 2618 voca-

253 2666 321 2723 bulo
343 2664 418 2734 alii,
429 2663 515 2738 idque
529 2663 558 2719 in
575 2671 738 2720 contextam
754 2663 913 2721 cretionem
932 2665 1066 2734 venisset,
1080 2683 1166 2740 pars
1188 2685 1312 2723 eorum

253 2771 290 2827 ad
311 2769 411 2844 priora
433 2777 556 2826 tractum
579 2769 844 2844 transpositumque
866 2779 918 2830 est.

337 2873 410 2948 Cap.
435 2876 491 2942 43,
525 2877 557 2930 9:
589 2871 755 2931 Ceterum
787 2872 1016 2948 fugientibus
1048 2877 1166 2933 maior
1196 2877 1311 2953 pestis

252 2977 476 3035 intermixtis
519 2977 715 3051 quadrigis
760 2979 1044 3054 elephantisque
1084 2991 1119 3038 et
1159 2983 1312 3040 camelis

253 3091 332 3139 eret
353 3091 386 3138 et
407 3099 472 3138 sue
492 3081 654 3154 ipsorum
679 3084 799 3152 turbs,
826 3101 931 3158 quum
953 3086 1087 3144 solutis
1109 3087 1311 3158 ordinibus,

252 3187 353 3244 velut
375 3187 474 3245 caeci
505 3203 613 3260 super
634 3187 732 3244 elios
762 3188 826 3244 elii
849 3197 998 3247 ruentes
1023 3191 1171 3249 incursu
1200 3193 1312 3250 bellu·

253 3312 351 3350 erum
377 3293 645 3350 obtererentur.
704 3293 878 3352 Necessario
909 3293 1066 3353 tollendum
1088 3307 1122 3354 et
1143 3307 1211 3356 autc
1233 3317 1312 3368 sne,

253 3397 332 3471 quod
355 3397 379 3454 si
399 3417 453 3473 pro
479 3395 645 3471 copulativa
674 3399 831 3474 accipitur,
862 3417 975 3458 omncm
1006 3411 1180 3460 structuram
1210 3405 1313 3461 evertit

254 3503 384 3576 (maior
403 3501 518 3578 pestis
533 3510 587 3558 est
609 3501 962 3562 alicuiintermixtis
984 3507 1178 3582 quadrigis
1201 3515 1313 3582 etque

253 3627 318 3665 sue
339 3609 471 3674 turba),
505 3606 528 3662 si
557 3625 610 3681 pro
634 3609 758 3680 etiem,
783 3620 810 3666 et
832 3629 925 3686 prere
947 3611 1012 3668 loco
1034 3611 1152 3686 ponitur
1172 3624 1241 3686 post
1262 3611 1314 3669 illa

254 3712 480 3770 intermixtis
513 3721 568 3771 cto.
595 3721 624 3767 et
654 3714 690 3769 ad
718 3716 887 3772 sententiam
919 3728 948 3772 et
977 3717 1225 3792 comparationem
1248 3737 1311 3776 cum

253 3817 377 3874 hostium
403 3816 604 3890 persecutione
630 3817 758 3894 ineptum
788 3831 845 3888 est;
871 3821 1053 3878 scribendum
1076 3822 1178 3897 igitur:
1211 3823 1313 3881 Oete·

252 3939 327 3978 rum
350 3919 581 3996 fugientibus
608 3923 881 3999 maiorpsstis‚
918 3926 1146 3984 intermixtis
1255 3944 1313 3984 ce-

254 4025 370 4093 melis,
401 4038 481 4083 crat
509 4045 574 4084 sua
605 4028 769 4102 ipsorum
802 4030 923 4099 turbe,
960 4049 1062 4106 quum
1094 4041 1148 4092 etc.
1198 4032 1311 4090 Deinde
