2810 4644
574 273 629 330 351
975 273 1030 323 Lib.
1048 272 1134 323 XXX.

74 475 182 534 genem
205 467 233 516 et
254 459 288 516 P.
312 457 482 533 Quindlium
505 457 616 512 Varum
640 454 731 528 Mque
753 453 950 530 Cornelium)
980 467 1134 534 postquam

76 565 184 624 dietum
211 575 263 634 est,
299 581 390 638 equos
412 564 613 621 Romanorum
636 560 854 637 elephantorum
877 572 995 638 aspectu
1017 565 1134 624 territos

75 688 184 728 vanum
197 679 329 745 equestre
352 665 620 736 auxiliumleeisse,
645 667 687 724 sie
707 667 850 742 pergitur:
875 677 910 724 et
930 679 961 725 ut
981 689 1133 746 remper·

75 775 212 832 mixtus
233 777 285 834 uti
308 775 459 852 cuspide
483 773 535 830 uti
557 773 760 830 comminus
782 772 907 849 gladio
937 774 1072 847 (eladio
1093 779 1132 852 P)

74 893 213 958 posset,
238 883 382 941 roboris
404 880 555 939 maioris
577 881 762 937 Romanus
783 897 892 953 eques
914 890 1002 950 erat,
1023 882 1076 940 ita
1096 884 1133 941 in

74 988 238 1046 ablatum
265 987 483 1064 paventibus
516 985 646 1061 procul
667 985 770 1060 equis
799 985 929 1042 melius
951 1004 993 1042 ex
1014 985 1131 1045 inter·

73 1094 175 1152 vallo
196 1092 356 1170 Numidae
376 1091 644 1150 iaculabantur,
697 1090 745 1150 Sie
776 1092 868 1167 (quod
897 1091 1012 1168 quidem
1035 1094 1072 1151 ad
1096 1113 1132 1152 ea

73 1201 211 1271 attineat,
249 1201 286 1258 de
318 1199 422 1274 quibus
463 1196 570 1274 agitur)
606 1196 719 1256 codices
749 1198 851 1275 optimi
885 1198 978 1272 iisque
997 1199 1130 1275 proximi

74 1307 225 1365 Edebstnr
244 1305 348 1380 vulgo:
369 1313 404 1362 et
423 1311 463 1362 ut
483 1303 704 1380 permixtum
732 1305 794 1363 Iao.
815 1302 983 1362 Gronovius
1004 1305 1130 1362 seriben-

75 1411 142 1468 dnm
170 1411 296 1487 putavit:
324 1421 359 1468 et
383 1421 423 1468 ut
450 1410 702 1474 intermixtus,
731 1407 998 1468 Weissenbornius:
1029 1422 1063 1467 et
1094 1419 1131 1468 ut

74 1536 145 1574 rem
169 1535 297 1592 gerens
318 1516 533 1592 permixtus,
553 1517 582 1573 in
605 1517 708 1591 quihus
730 1515 900 1573 coniecturis
921 1515 1054 1572 omnibus
1074 1517 1129 1575 hoe

73 1633 118 1680 est
141 1623 213 1692 vitii,
234 1623 312 1696 quod
333 1622 514 1699 participium
537 1622 715 1680 nominativo
740 1639 810 1678 casu
831 1621 1129 1696 positumneceesario

73 1728 311 1805 significationem
323 1747 433 1798 eorum,
455 1729 559 1804 quibus
580 1746 668 1804 eques
689 1728 905 1804 permiscentur,
924 1727 1053 1802 postulat
1065 1727 1128 1798 (de-

73 1837 198 1904 tivum);
220 1834 249 1891 in
269 1832 497 1890 Weissenbornii
519 1835 683 1892 coniectura
704 1843 844 1909 praeterea
864 1833 1018 1910 participia
1040 1834 1127 1892 inele-

73 1951 176 2017 ganter
199 1947 381 1998 concurrunt„
424 1937 613 1998 Scribendnm
635 1957 698 1997 esse
721 1939 839 2015 opinor:
871 1947 906 1996 et
926 1947 965 1996 ut
990 1939 1025 1997 in
1045 1959 1128 2016 per-

73 2047 197 2104 mixtis
220 2043 264 2122 (in
283 2045 334 2102 der
348 2045 607 2122 Handgemenge);
618 2065 690 2103 rem
700 2055 794 2102 ortum
808 2045 921 2102 videtur
934 2065 970 2103 ex
989 2067 1060 2122 per.
1091 2050 1127 2107 In

73 2153 214 2230 proximis
235 2161 331 2208 eutem
356 2151 462 2226 copula
483 2151 615 2217 meliore,
638 2169 725 2226 quam
748 2152 778 2208 in
800 2152 924 2227 vulgatis
946 2153 1127 2226 editionibus,

73 2261 139 2318 loeo
161 2258 307 2316 addendas
329 2257 389 2315 uhi
411 2257 563 2333 cuspide
584 2258 637 2316 uti
659 2257 822 2316 eominus
845 2267 878 2314 et
900 2257 1028 2332 gladio
1050 2277 1130 2334 pos·

72 2376 139 2425 set.
182 2365 281 2439 [Quod
302 2363 351 2423 W.
372 2361 483 2438 posuit:
512 2362 667 2438 cuspide
687 2362 758 2433 uti,
796 2363 849 2420 uti
881 2381 965 2420 eom.
997 2363 1131 2439 gladio,

74 2471 245 2549 pravissime
265 2468 438 2545 geminando
460 2467 612 2543 insignitur
632 2468 774 2542 verbum.)
869 2468 963 2526 Paulo
985 2478 1052 2544 post
1066 2471 1130 2543 (12)

73 2578 102 2634 in
124 2575 169 2634 his
182 2571 300 2634 'verbis:
322 2576 410 2632 Tum
431 2574 582 2650 primum
604 2573 659 2649 (sie
680 2574 903 2633 recteDukerus
924 2592 978 2649 pro
999 2574 1128 2650 prima)

73 2693 258 2740 commota
283 2681 441 2738 hostium
462 2679 577 2748 acies,
611 2679 719 2737 simul
751 2681 914 2738 omnibus
934 2679 1130 2756 peditibus,

73 2799 112 2846 ut
132 2806 282 2846 eversos
303 2787 428 2844 videre
449 2785 684 2860 elephantos,
715 2787 759 2844 ed
788 2786 991 2862 augendum
1020 2805 1130 2864 pavo-

73 2911 147 2952 rem
169 2913 212 2952 ao
232 2892 424 2952 tumultum
449 2891 596 2962 effusis,
614 2910 730 2962 vereor,
752 2910 803 2962 ne,
830 2892 908 2966 quod
937 2893 966 2950 in
994 2893 1067 2951 libro
1090 2894 1132 2964 X,

77 3003 128 3070 28,
150 3003 167 3059 8
190 3001 328 3058 accidisse
349 2998 511 3074 suspicatus
532 3015 616 3068 sum,
638 2997 801 3073 peditum
823 3017 928 3056 nomen
956 3019 1010 3078 pro
1032 3000 1131 3076 equi·

75 3117 146 3164 tum
168 3107 292 3182 positum
313 3105 351 3163 sit
372 3105 548 3180 (omnihus
571 3103 783 3179 equitibus).
836 3105 915 3162 Nam
940 3115 968 3163 et
997 3104 1131 3164 effusis

75 3223 108 3270 et
129 3213 242 3270 adiecta
264 3211 313 3268 illa
337 3211 379 3269 ad
403 3211 604 3295 eugendum
631 3227 708 3284 pav.
731 3219 765 3266 et
787 3221 871 3270 tum.
905 3209 995 3268 multo
1017 3210 1133 3285 aptiore

76 3319 114 3376 ad
134 3319 245 3394 equites
265 3328 331 3376 sunt
361 3319 426 3387 (cfr.
449 3324 464 3389 ξ
484 3323 520 3376 4:
553 3325 760 3391 equestrem
789 3316 987 3392 procellam
1018 3317 1131 3374 exui·-

79 3435 208 3482 temus
231 3433 389 3500 oportet,
412 3425 443 3482 si
475 3425 625 3482 turbere
656 3465 686 3484 ..
713 3422 907 3496 volumus);
936 3420 1063 3498 peditum
1085 3440 1133 3478 om

78 3531 157 3588 nium
190 3529 305 3588 ordines
327 3531 368 3588 sie
391 3530 511 3588 dissolvi
540 3549 598 3586 non
620 3528 733 3586 sinebat
754 3529 893 3586 Romanas
915 3525 1023 3584 militiae
1043 3527 1132 3598 ratio;

77 3646 223 3713 postremo
252 3635 317 3693 ille:
347 3643 387 3692 ut
416 3653 568 3694 aversos
599 3633 724 3692 videre
743 3633 982 3708 elephantos,
1011 3651 1075 3708 quae
1096 3633 1132 3691 de

78 3743 221 3818 peditibus
242 3759 345 3817 parum
367 3749 435 3816 apte
456 3715 598 3807 dicuntur,
619 3739 756 3816 quoniam
777 3739 905 3814 peditum
921 3739 1131 3816 (hastatorum)

79 3849 109 3904 vi
131 3865 242 3905 evemae
262 3847 353 3905 belua
363 3857 455 3918 erant,
470 3848 632 3918 ostendunt,
643 3846 737 3904 redire
757 3845 951 3904 narrationem
963 3845 1000 3902 ad
1012 3846 1132 3922 equites,

78 3971 151 4028 quos
161 3953 250 4029 paulo
261 3963 328 4012 ente
335 3953 436 4012 Livius
443 3953 660 4030 elephantorum
669 3951 772 4010 terrori
782 3971 840 4010 non
848 3951 986 4010 restitisse
992 3953 1132 4029 exposuit.

160 4057 234 4134 Cap.
258 4061 314 4130 2³,
347 4063 365 4118 l
396 4061 439 4134 (in
461 4058 603 4118 sententia
634 4057 671 4130 Q.
694 4057 803 4116 Metelli
836 4059 872 4116 de
893 4077 965 4134 paee
987 4079 1005 4117 a
1026 4059 1132 4118 Poenis
