2800 4646
588 281 647 339 ⁴129
933 281 989 332 Lib.
1007 281 1150 332 xxxvn.

84 471 311 538 prevertere
333 465 376 522 ad
395 462 718 536 traiiciendesque
741 461 866 538 copias
885 465 1052 522 consulis
1074 465 1151 539 (Sci-

84 568 183 642 pionis
209 567 444 647 Hellespontum)
478 570 568 644 iere,
593 575 703 642 etque
726 586 766 625 eo
790 586 933 644 quoque
953 568 1070 628 iuncti
1099 570 1150 628 oi-

84 673 188 744 ficio‚
211 683 285 732 tum
308 676 445 734 demum
466 674 629 734 Rhodum
654 673 810 730 rediere.
853 675 979 732 Prorsus
1000 693 1092 751 prave
1107 677 1150 734 di·

84 779 161 838 citur
183 791 418 853 prevertere,
439 799 497 836 non
520 779 629 849 addito,
650 779 689 835 ad
710 778 779 852 quid
802 781 1009 854 praeverterint
1054 782 1151 839 Parti·

83 885 242 960 colaque
271 904 325 944 nec
356 887 386 944 in
416 887 518 944 Bnec
549 884 578 941 in
600 883 833 942 Drakenborcbii
855 886 1002 944 codicibus
1025 885 1152 958 (decem)

82 987 150 1047 fuit
186 989 329 1048 Detracta
340 989 429 1066 igitur
443 1009 503 1048 une
526 989 622 1048 littera
634 989 816 1047 scribendum
830 999 890 1050 est:
912 991 1047 1049 Rhodii
1068 1009 1152 1066 prae·

83 1103 236 1152 vertere
269 1095 313 1153 ad
339 1095 584 1152 traiiciendas
627 1093 752 1168 copias
796 1095 960 1152 consulis
997 1097 1071 1168 ire,
1095 1105 1152 1153 at-

85 1217 154 1272 que
176 1208 230 1257 etc.

171 1302 244 1379 Cap.
267 1306 324 1374 ³5,
347 1307 364 1362 3
407 1304 448 1378 (in
469 1301 608 1362 Antiochi
638 1301 799 1378 legatorum
821 1305 954 1362 oratione
992 1305 1027 1362 de
1049 1305 1151 1380 pece):

84 1425 157 1479 eas,
179 1427 254 1483 ques
275 1409 310 1466 iu
331 1408 423 1466 Asia
445 1408 534 1477 sint,
568 1407 743 1464 civitates
777 1409 984 1485 (Lampsacum
1011 1418 1038 1465 et
1060 1409 1153 1466 Alex·

85 1513 221 1570 andriam
243 1513 406 1584 Troadem)
429 1513 576 1570 tradere
599 1511 722 1588 (regem)
747 1525 914 1588 paratum
937 1533 1037 1584 esse,
1068 1523 1102 1570 et
1122 1513 1153 1570 si

85 1637 180 1694 ques
202 1619 299 1676 alies
320 1618 493 1688 Romani,
523 1617 619 1693 quod
641 1635 789 1675 suerum
813 1621 979 1694 partium
1001 1619 1153 1690 fuerint,

84 1723 279 1782 vindicare
309 1723 352 1780 ab
373 1723 529 1798 imperio
559 1722 667 1798 regio
699 1723 824 1784 velint.
873 1722 975 1784 Codex
994 1726 1041 1782 M:
1064 1742 1153 1799 ques

85 1847 239 1886 suarum
261 1827 419 1903 partium
441 1828 652 1898 ediderant,
673 1828 890 1902 quodiurevix
912 1831 1031 1888 credunt
1052 1849 1089 1887 ex
1111 1829 1153 1888 el·

85 1945 150 1992 tero
172 1933 222 1991 illo
235 1943 330 1990 ortum
343 1913 739 2008 esse;quodeutemali‹'1uid
761 1935 815 1991 sub
832 1935 887 1992 bac
899 1937 1043 2010 scripture
1063 1935 1154 1992 lutere

85 2040 196 2110 dicunt,
217 2038 297 2108 nihil,
319 2037 431 2112 opinor,
451 2037 532 2108 latet,
551 2038 606 2096 nisi
628 2039 706 2114 quod
728 2039 894 2098 unalitlern
912 2049 1023 2096 mutata
1044 2048 1153 2096 rectum

86 2155 202 2220 tempus
224 2142 430 2200 restituendum
452 2151 509 2200 est:
531 2143 725 2214 ediderint,
748 2145 776 2203 h.
789 2163 826 2216 e.,
846 2152 1069 2220 quastanquam
1085 2161 1154 2200 sua·

86 2269 152 2306 rum
174 2249 299 2324 partium
322 2247 542 2308 nominaverint.

179 2352 253 2430 Cap.
276 2356 311 2411 tl
325 2355 365 2424 ,2
392 2351 441 2428 (de
463 2353 545 2411 caelo
569 2354 630 2412 eius
652 2353 723 2423 diei,
747 2354 862 2429 quoad
885 2353 1067 2428 Magnesiam
1089 2369 1154 2409 cum

86 2457 237 2516 Antiocho
267 2466 427 2535 pugnatum
454 2457 532 2534 eall:
579 2457 724 2516 Nebula
754 2458 934 2516 matutina
966 2467 1154 2514 crescente

88 2561 149 2618 die
178 2562 306 2620 levata
337 2563 371 2620 in
400 2565 511 2622 nubes
535 2562 734 2638 caliginem
757 2563 873 2633 dedit3
908 2563 1033 2619 humor
1062 2562 1153 2632 inde,

88 2667 134 2722 ab
156 2675 284 2725 austro
306 2669 421 2738 velut,
451 2667 619 2745 perfudit
641 2667 770 2726 omnia.
819 2668 888 2725 Non
907 2667 1003 2743 placet
1024 2666 1153 2741 caligi-

87 2790 167 2828 nem
188 2771 284 2844 dare‚
306 2774 359 2831 etsi
381 2783 458 2832 recte
479 2775 631 2832 imbrem
652 2773 741 2830 dare
762 2773 854 2828 nubes
875 2771 979 2830 dicitur
999 2780 1028 2827 et
1049 2769 1154 2828 similia

88 2875 127 2932 de
149 2875 192 2946 iis,
216 2895 279 2951 quae
302 2879 385 2954 quasi
401 2899 417 2937 e
431 2880 512 2938 eaelo
535 2888 605 2935 nata
630 2885 737 2934 exeunt
757 2883 787 2932 et
799 2876 945 2934 interram
957 2877 1153 2952 perimentum

87 2981 161 3038 sslud
183 2982 227 3039 sb
250 2991 378 3040 austro
400 2983 500 3040 velut
520 2983 568 3040 vel
592 2982 681 3040 mirus
702 2983 859 3040 verborum
883 2981 956 3039 ordo
979 2981 1154 3056 (postposito

88 3085 206 3161 velut)
240 3086 409 3144 mendosum
432 3087 543 3164 arguit,
575 3104 668 3160 neque
696 3097 766 3163 apte
794 3087 951 3144 admodum
973 3083 1153 3159 comparatio

88 3198 143 3250 est.
199 3189 234 3246 In
257 3191 289 3248 M
316 3191 454 3266 scriptum
475 3201 552 3250 erat:
582 3191 617 3248 in
652 3189 810 3247 nubibus
832 3189 931 3246 dedit
952 3187 1154 3262 caliginem,

89 3313 130 3352 ex
151 3311 209 3368 quo
230 3295 382 3370 perspicue
403 3293 480 3354 effici
501 3296 632 3354 videtur:
654 3294 803 3352 Nebula
824 3325 861 3337 ·-
886 3293 1010 3351 levata
1031 3293 1066 3350 in
1087 3310 1153 3348 nu-

89 3399 200 3456 bibus
221 3401 328 3462 sedll
371 3399 576 3476 Celiginem
599 3410 654 3461 cet.
695 3397 924 3474 Opinoriuisse:
948 3395 1153 3470 caliginem

87 3506 218 3562 humor
235 3505 319 3562 inde
347 3505 389 3562 ab
422 3514 552 3562 austro
574 3509 720 3566 secutas
751 3501 923 3578 perfudit
943 3499 1077 3568 omnim
1099 3498 1153 3556 atsi

89 3609 222 3670 mallem:
243 3607 448 3683 Caliginem
479 3609 562 3668 inde
583 3610 712 3666 humor
734 3609 777 3666 ab
800 3616 946 3675 austro,
968 3623 1021 3662 nec
1043 3611 1153 3662 certum

89 3721 144 3784 est,
159 3731 217 3770 non
229 3715 283 3770 has
295 3731 412 3788 quoque
434 3733 522 3772 voces
538 3715 679 3788 (humor
702 3711 800 3786 iude)
811 3711 841 3768 in
854 3710 955 3768 Mulio
977 3709 1078 3768 ordine
1099 3727 1152 3784 po·

88 3819 162 3874 sitas
181 3817 279 3880 fuisse.
325 3817 420 3875 Paulo
442 3827 510 3894 post
531 3822 560 3888 (ς
584 3823 629 3889 l),
660 3818 711 3876 ubi
732 3827 789 3875 est:
820 3817 940 3893 Regii,
971 3825 1042 3872 tam
1076 3815 1153 3872 late

88 3923 185 3992 soie,
214 3941 256 3979 ne
288 3941 331 3978 ex
352 3923 474 3980 medio
507 3924 656 3998 quidem
688 3941 911 3980 cornuasue
943 3919 1153 3994 circumspi-

86 4047 171 4086 cere
200 4036 393 4103 potersnt‚
426 4027 553 4084 nedum
588 4025 742 4084 extremi
774 4025 869 4084 inter
900 4043 936 4084 ee
967 4025 1153 4101 conspice·
