2822 4648
303 263 361 311 nn.
380 263 414 312 v.
763 266 820 323 ttc

257 448 331 505 libro
354 467 380 506 c.
405 451 459 518 36,
496 453 511 505 7
536 447 731 524 (consulem
754 448 789 504 in
811 451 946 522 cestra)
970 449 1096 506 correxit
1122 449 1181 507 iem
1202 451 1327 508 Grono-

256 549 363 629 vius¹).

347 658 420 734 Cup.
443 661 493 728 52,
521 667 530 715 t
557 659 598 729 (in
620 657 735 715 Camilli
764 659 896 716 oratione
923 671 1025 717 contre
1057 663 1208 719 consilium
1231 662 1325 720 Veios

258 764 428 840 migrandiJ:
462 769 545 826 Haec
569 767 660 824 culti
684 765 917 840 neglectique
944 767 1103 824 numinis
1123 777 1228 825 tauta
1250 787 1325 825 mo-

258 881 429 929 numents
455 873 489 929 iu
524 875 631 930 rebus
652 871 819 929 humanis
841 882 1051 943 cernentes,
1080 875 1210 948 ecquid
1241 892 1324 931 sen·

258 977 357 1046 titis,
380 977 561 1051 Quirites,
582 987 756 1052 quantum
786 976 934 1034 vixdum
957 997 973 1034 e
994 977 1206 1054 naufragiis
1228 981 1325 1055 prio-

257 1082 308 1138 ris
343 1083 455 1158 culpae
497 1085 687 1157 cladisque
729 1091 957 1156 emergentes
996 1101 1165 1156 paremus
1199 1083 1325 1142 nefus?

258 1188 366 1244 Rerum
394 1199 498 1246 events
525 1189 741 1246 documenta
770 1187 874 1242 divinae
902 1187 1060 1244 voluntatis
1099 1207 1162 1245 esse
1192 1201 1325 1265 possunt,

259 1305 488 1352 monumenta
519 1312 666 1367 nunquam
697 1303 749 1349 sut
780 1303 847 1348 sunt
868 1303 919 1348 cut
954 1293 1151 1368 appellentur,
1186 1295 1326 1367 quonium

259 1400 364 1456 nullius
387 1401 429 1457 rei
460 1398 629 1456 memoriam
652 1408 844 1466 conservent,
887 1397 938 1452 scd
963 1397 1028 1472 ipse
1050 1399 1243 1456 monumentis
1264 1409 1326 1456 trc-

258 1505 364 1562 dnntur
384 1503 516 1580 posteris.
565 1502 678 1559 Deinde
709 1503 779 1559 nihil
813 1521 884 1560 sane
906 1503 943 1558 ad
965 1503 1010 1572 id,
1043 1503 1079 1558 de
1103 1523 1161 1578 quo
1184 1504 1326 1562 Camillus

262 1610 344 1680 dicit,
368 1621 418 1666 eut
441 1610 477 1666 ed
500 1609 587 1664 ullum
611 1626 671 1664 rem
693 1607 872 1680 pertinebat,
905 1619 1091 1664 monuments
1113 1609 1326 1668 documentave

259 1725 375 1771 exstare
395 1715 519 1771 numinis
543 1725 571 1770 et
593 1713 662 1769 culti
683 1723 712 1768 et
733 1713 870 1786 neglecti;
893 1713 957 1787 quis
979 1714 1053 1769 enim
1077 1712 1106 1769 id
1124 1713 1325 1771 admonendus

259 1830 331 1890 eret,
344 1821 414 1876 deos
426 1831 455 1876 et
476 1819 531 1876 coli
544 1831 573 1875 et
593 1819 700 1892 negligi
721 1818 825 1892 posse?
848 1818 882 1875 ld
891 1819 1041 1875 Romanos
1051 1816 1190 1874 Camillus
1201 1821 1327 1893 putabet

259 1935 288 1980 et
309 1925 419 1980 discere
440 1925 569 2000 potuisse
590 1933 619 1980 et
638 1923 801 1980 meminisse
826 1923 940 1991 debere,
963 1932 1102 1996 quantam
1125 1924 1183 1980 vim
1197 1925 1228 1980 in
1237 1927 1326 1982 rebus

258 2031 393 2087 humenis
423 2033 544 2088 heberet
573 2047 679 2086 numen
709 2027 815 2084 cultum
843 2028 1042 2102 neglectumvc
1064 2038 1093 2084 et
1114 2029 1152 2086 ob
1176 2049 1241 2086 ecm
1263 2049 1325 2088 rem

258 2137 415 2212 propitium
437 2138 589 2206 metumve,
610 2137 666 2192 hoc
688 2143 746 2202 est,
768 2149 876 2204 magua
898 2151 961 2189 esse
982 2133 1011 2188 iu
1033 2142 1187 2208 utrumque
1211 2145 1325 2210 purtem

259 2247 440 2303 momentu
461 2241 585 2298 numinis
607 2240 675 2296 culti
696 2239 885 2312 neglectique.
938 2237 986 2296 Sic
1022 2238 1111 2313 igitur
1140 2241 1326 2299 scribendum

263 2355 315 2415 est,
350 2347 466 2404 snblctu
489 2346 702 2420 permutatione
723 2363 782 2400 uon
802 2341 985 2417 infrequenti.
1035 2345 1326 2415 (Monumentum

260 2471 316 2528 pro
339 2459 554 2509 momentum
583 2453 613 2507 in
645 2450 744 2507 codiee
773 2449 931 2522 archetypo
965 2447 1054 2504 fuisse
1080 2448 1109 2506 in
1131 2451 1205 2508 libro
1227 2453 1253 2522 l,
1277 2457 1328 2523 47,

262 2563 290 2630 6,
308 2559 463 2616 ostendunt
483 2557 657 2624 MPHlLl;
679 2554 756 2610 idem
777 2555 806 2610 in
829 2554 920 2622 XXI,
933 2558 960 2624 4,
978 2555 994 2610 2
1020 2554 1150 2613 declarat
1168 2576 1327 2616 consensus

259 2665 367 2723 codicis
390 2662 549 2722 Colbertini
576 2671 604 2717 et
625 2659 749 2717 Medicei
770 2659 970 2733 aliorumque,
998 2661 1135 2734 quoniam
1157 2663 1326 2719 Puteeueus

259 2771 339 2828 illam
360 2777 473 2844 portem
495 2784 553 2822 non
575 2765 686 2838 habet.)
730 2765 770 2821 Et
790 2765 876 2821 video
897 2784 983 2835 nunc,
1004 2765 1035 2822 id
1055 2766 1141 2824 etiam
1164 2767 1224 2824 Iac.
1243 2769 1327 2824 Peri·

260 2875 375 2932 zonium
397 2872 585 2940 intellexisse;
607 2888 700 2944 neque
723 2879 819 2926 tomen
831 2871 1040 2928 emendationis
1061 2871 1166 2928 iniuria
1187 2871 1328 2946 neglectis

260 2977 538 3036 commendationem
558 2977 653 3033 delere
675 2975 763 3032 volui.

348 3083 421 3158 cap.
445 3085 499 3152 53,
525 3086 541 3138 5
572 3081 614 3150 tin
636 3081 739 3138 eadem
762 3079 925 3150 orationejz
958 3080 1003 3137 Et
1025 3079 1127 3138 Gelli
1157 3093 1326 3139 evertere

258 3198 460 3266 potueruut
480 3189 638 3258 Romam,
661 3205 765 3260 quarn
785 3185 937 3242 Romani
958 3185 1157 3244 restituere
1183 3207 1254 3255 non
1276 3188 1327 3244 vi·

259 3297 442 3353 debuntur
463 3287 648 3368 potuisse?
708 3290 789 3347 Nihil
823 3290 917 3364 potuit
948 3291 1112 3364 perversius
1142 3293 1327 3369 interrogari.

280 3573 302 3640 ¹)
339 3577 368 3631 C.
389 3583 430 3637 ts,
451 3582 465 3624 5
485 3585 553 3625 recte
575 3575 788 3626 Drakenborchlo
808 3575 834 3622 in
853 3583 963 3622 mentem
983 3574 1065 3630 venit,
1084 3575 1247 3624 scribendum
1268 3591 1326 3626 esse

332 3665 1142 3725 chiisadducerecxccrcitum‚nonabducerc.
1187 3667 1246 3716 Non
1268 3671 1326 3732 sgi-
1408 3685 1410 3689 ·

331 3769 371 3810 tur
390 3763 421 3810 de
440 3760 593 3810 removendo
611 3775 626 3807 u
644 3759 716 3807 Veiis
735 3759 856 3815 exercitu,
881 3759 925 3806 sed
944 3757 975 3805 dc
998 3757 1152 3806 arcessendo
1178 3769 1204 3807 et
1221 3762 1327 3825 propius

331 3855 363 3901 orl
382 3867 439 3902 eum
460 3853 545 3901 locum
564 3852 738 3910 admovendo,
765 3849 807 3897 ubl
827 3847 951 3898 Camillus
970 3857 1031 3898 eret.
1068 3847 1131 3911 Cap.
1153 3855 1200 3908 51,
1223 3855 1234 3898 l
1255 3854 1326 3913 quod

330 3946 502 3994 coniecernm:
522 3943 667 3992 milliens
689 3951 761 3990 scto
779 3941 959 4005 populique
978 3942 1082 4004 iussu,
1101 3940 1328 3995 Weissenbornius

329 4039 407 4086 ctiam
426 4037 543 4100 repperit.
