2826 4650
315 262 372 310 nis.
391 261 440 312 111.
773 301 775 304 .
796 269 834 324 80

279 455 307 502 et
329 447 713 506 certissimuemendotione:
730 459 768 506 ut
783 449 1093 524 decemvtr0s‚qui
1116 451 1187 526 ipsi
1209 452 1355 512 decem-

278 553 435 610 viratum
457 553 647 634 petissent,
670 562 732 610 aut
753 554 827 614 soii
850 553 963 610 outhi
985 554 1137 611 maxime
1157 575 1355 634 oppugne-

277 667 365 714 rent.
408 658 587 715 Eudemum
609 667 687 716 recte
709 659 857 716 contrarie
878 658 953 714 inter
975 677 1006 714 se
1027 658 1200 717 referuntur.
1243 665 1354 720 Restat

276 764 306 820 in
339 764 441 820 eadem
468 765 501 821 L.
532 763 743 839 Maluginensis
779 764 913 822 oratione
943 763 1021 820 uliud
1052 766 1186 824 mendum
1218 773 1247 836 (ξ
1283 768 1351 842 11);

277 870 319 926 sic
351 870 426 926 enim
461 869 540 942 apud
561 869 834 926 Drakenborchium
857 869 1003 926 sciibitur:
1036 881 1203 928 ceterum
1231 875 1352 930 nemi-

277 993 371 1042 nem,
401 975 543 1032 maiore
577 991 662 1030 curu
694 975 889 1049 occupetis
916 975 1063 1045 animis,
1099 995 1224 1034 verum
1257 996 1350 1048 esse,

276 1079 528 1154 praeiudicium
548 1079 602 1136 rei
631 1089 739 1136 tantae
762 1079 921 1140 adferre.
949 1059 1047 1139 ‘Sibi
1070 1083 1286 1156 placere‚de
1308 1103 1351 1140 eo

277 1195 332 1243 cet.
381 1184 417 1240 Id
451 1203 573 1259 pravum
605 1203 669 1242 esse
702 1195 730 1242 et
752 1186 824 1242 ordo
848 1187 1003 1244 verborum
1027 1189 1140 1262 arguit,
1167 1189 1350 1246 neminem

277 1291 372 1364 inepte
392 1289 422 1345 in
444 1290 555 1347 initium
578 1291 726 1348 sententiae
741 1299 877 1358 retracto,
901 1299 930 1347 et
950 1292 1032 1349 verbi
1052 1293 1182 1368 pravitas
1204 1292 1290 1368 (nihil
1305 1307 1350 1352 est

276 1395 351 1451 enim
374 1393 526 1452 adferre
549 1397 746 1472 praeiudicium
774 1395 830 1470 rei)
853 1403 881 1452 et
902 1397 1031 1466 codices,
1062 1399 1092 1454 in
1123 1399 1228 1473 quibus
1251 1401 1350 1458 omni-

276 1501 344 1570 bus,
366 1519 488 1574 quorum
518 1502 633 1576 quidem
661 1503 760 1576 alique
789 1509 833 1558 est
854 1504 1012 1559 auctoritas
1035 1505 1244 1573 (MRPHlLl,
1267 1510 1350 1576 cet),

275 1607 414 1680 scriptum
435 1616 479 1663 est
498 1607 652 1676 auferri3
679 1626 856 1682 quamquem
879 1609 958 1682 quod
969 1611 1025 1666 hoc
1034 1611 1127 1684 ipsum
1136 1609 1348 1670 Weissenbor-

275 1711 339 1768 nius
361 1711 390 1767 iu
405 1697 530 1769 editione
539 1714 745 1771 Teubneriana
756 1714 856 1781 tenuit,
868 1714 1004 1770 Hertzius
1020 1725 1115 1772 autem
1130 1715 1211 1773 inde:
1233 1737 1312 1775 nem
1321 1719 1347 1775 i-

275 1835 351 1872 nem
373 1817 630 1891 praeiudicium
657 1819 710 1875 rei
732 1828 840 1876 tantae
860 1818 1009 1877 auferre
1037 1820 1147 1892 effecit,
1166 1841 1224 1880 non
1247 1825 1346 1880 minus

276 1941 362 1997 quam
392 1921 540 1980 adferre
567 1925 705 1980 vitiosum
729 1933 785 1992 est;
816 1943 883 1981 nam
912 1925 1059 1982 auferre
1088 1927 1342 2002 praeiudicium

274 2030 299 2086 is
324 2029 439 2085 demum
460 2028 515 2085 dici
538 2038 642 2104 potest,
665 2031 715 2104 qui
736 2030 830 2086 victor
852 2050 870 2086 a
891 2031 985 2088 iudice
1008 2031 1129 2088 discedit
1143 2051 1208 2088 cum
1224 2045 1343 2090 senten-

275 2135 316 2191 tia
342 2134 398 2190 sibi
427 2133 546 2190 adrem
573 2145 677 2209 postea
708 2135 892 2192 iudicandam
923 2137 1000 2206 mili,
1035 2138 1115 2193 cuius
1144 2137 1215 2193 nihil
1246 2139 1343 2195 simile

270 2243 299 2298 h.
321 2240 340 2296 l.
361 2238 482 2314 cogitari
503 2249 607 2313 potest.
650 2241 700 2313 (In
723 2242 816 2298 alteru
838 2241 962 2298 editione
974 2241 1226 2299 Weissenbomius
1248 2244 1342 2319 scrip-

270 2347 490 2404 sitzceterum
507 2345 653 2403 minime
670 2379 710 2390 —
724 2365 847 2404 verum
871 2365 950 2404 esse
963 2347 1213 2422 praeiudicium
1231 2359 1345 2406 tuntee

270 2453 323 2509 rei
353 2449 509 2520 auferri,
554 2451 653 2509 relicto
684 2471 733 2522 eo,
767 2453 845 2526 quod
873 2453 999 2509 maxime
1021 2471 1144 2527 pravum
1167 2465 1245 2522 erat,
1268 2457 1342 2512 mire

270 2567 410 2635 preterea
442 2557 586 2614 minime
622 2567 651 2615 et
684 2577 807 2614 verum
837 2559 1004 2633 distractis.)
1059 2559 1148 2616 Viam
1172 2561 1233 2617 ven’
1255 2562 1342 2618 inve-

268 2663 365 2721 niendi
387 2663 513 2720 ostendit
534 2663 766 2738 antiquissimum
798 2663 952 2736 vestigium
974 2665 1004 2720 in
1026 2664 1092 2722 cod.
1119 2665 1152 2720 M
1180 2677 1340 2739 servatum,

268 2771 297 2826 in
327 2787 386 2843 quo
408 2787 427 2824 c
447 2768 542 2844 prime
564 2787 652 2825 manu
675 2788 733 2826 non
754 2769 944 2839 neminem,
967 2769 1018 2825 scd
1040 2769 1174 2826 nemini
1197 2773 1338 2847 scriptum

269 2885 331 2944 est,
363 2875 440 2948 quod
470 2873 562 2929 ultera
597 2891 700 2930 munus
731 2875 760 2931 in
788 2875 858 2931 illud
880 2875 1011 2933 mutavit.
1071 2875 1194 2950 Scripsit
1222 2877 1343 2935 Liviust

269 2978 643 3047 Ceterum—etenim,
673 2981 811 3037 maiore
839 2999 924 3038 cure
959 2981 1150 3054 occupetis
1187 2982 1339 3050 animis,

267 3104 391 3142 verum
421 3103 517 3150 esse,
553 3084 810 3158 praeiudicium
838 3095 948 3143 tantae
975 3087 1028 3144 rei
1058 3087 1144 3149 haut
1172 3087 1272 3158 ficri,
1294 3121 1338 3129 -

268 3189 338 3247 sibi
359 3189 506 3266 placere
531 3199 585 3248 etc.
634 3191 683 3248 Ex
703 3193 800 3261 haut,
823 3191 902 3267 quod
923 3193 952 3248 in
975 3192 1039 3248 cod.
1060 3191 1218 3266 archetypo
1248 3195 1339 3251 scribi

267 3295 382 3352 solitum
395 3313 467 3360 esse,
490 3296 595 3354 MetP
617 3299 780 3368 ostendunt,
804 3298 962 3373 saepissime
975 3307 1070 3352 ortum
1092 3304 1136 3352 est
1158 3307 1219 3354 eut
1241 3307 1286 3370 (ut
1304 3300 1338 3356 in

268 3403 293 3458 P
316 3420 340 3457 c.
363 3401 417 3470 43,
442 3403 458 3456 4
481 3411 544 3458 aut
569 3402 746 3476 inultum).

351 3509 449 3580 Atque
479 3507 523 3563 he
545 3507 660 3581 quidem
678 3517 737 3563 tres
766 3525 886 3582 prorsus
909 3515 995 3563 certae
1017 3507 1232 3564 emendationes
1254 3519 1338 3578 sunt;

266 3613 336 3670 illud
358 3611 502 3670 difficilius
535 3614 572 3669 ed
604 3612 856 3688 persuadendum,
897 3613 975 3687 quod
996 3613 1025 3668 in
1048 3613 1103 3669 hoc
1125 3613 1220 3688 cupite
1244 3631 1337 3688 supra

267 3725 281 3789 ξ
304 3721 340 3788 2,
363 3718 412 3776 ubi
434 3718 542 3774 editur:
565 3719 686 3774 oratio
709 3716 779 3774 tuit
799 3717 970 3792 precibus
1002 3735 1106 3792 quum
1140 3718 1260 3793 iurgio
1284 3719 1335 3774 si-

266 3819 373 3894 milis,
395 3823 576 3881 scribendum
597 3823 673 3894 dico,
696 3823 940 3897 quemadmodum
956 3823 1092 3898 primum,
1115 3833 1146 3880 ut
1157 3824 1280 3894 videtur,
1302 3826 1333 3882 in

266 3929 390 3987 editione
401 3929 584 3987 Ascensiena
606 3947 631 3986 u.
650 3932 725 3986 1513
750 3929 917 3987 coniectura
939 3931 1124 3986 emendatum
1147 3939 1204 3988 est:
1238 3931 1334 3989 simi·

256 4034 352 4110 tior,
380 4033 512 4092 retractis
533 4033 654 4102 litteris,
677 4053 741 4108 quae
763 4043 884 4110 propter
905 4053 1029 4110 sequens
1052 4036 1195 4097 orantis
1218 4036 1334 4095 ondssae
