2810 4644
572 315 656 376 ,341
898 343 903 352 -
992 311 1157 364 aarum.

1098 411 1113 440 0

186 498 259 576 (lap.
284 503 312 570 5,
334 497 366 556 8:
407 498 552 556 Interim
574 497 680 573 Mago
702 496 837 557 militas
859 497 978 558 Gallis
1000 497 1160 554 dimissis

101 606 192 663 olam
219 623 282 681 per
313 619 419 679 agros
453 621 573 661 eorum
613 603 778 662 mercede
813 603 1026 663 conducere.
1086 602 1160 660 Haec

102 711 193 768 verbe
231 709 392 786 significant
432 707 536 768 Gallos
568 707 703 766 dimissos
737 727 800 768 esse
832 728 885 785 per
916 728 1003 787 agros
1037 685 1159 764 militum

102 816 200 874 naama
222 816 302 873 cuiue
322 815 430 891 gentis3
451 813 523 871 nihil
538 813 613 870 enim
635 813 714 870 aliud
733 825 785 885 est,
808 835 866 892 quo
887 816 917 873 in
937 817 993 874 hac
1016 814 1158 890 scriptura

102 921 245 980 referatur
265 939 400 979 eorum.
454 921 589 994 Apparet
608 930 758 996 praeterea,
787 939 806 978 a
827 921 954 996 Magone
975 939 1033 978 non
1054 919 1159 979 Gallos

101 1028 237 1086 dimissos
263 1043 340 1096 ease,
370 1026 421 1084 sed
448 1025 567 1084 Poenos
595 1025 634 1082 ad
666 1024 771 1085 Gallos
793 1025 1005 1084 conducendos.
1047 1025 1159 1082 Veram

102 1135 276 1211 scripturam
291 1133 399 1190 habent
413 1131 544 1190 codices:
567 1131 719 1189 Interim
741 1132 849 1208 Mago
872 1132 1006 1189 milites
1021 1129 1160 1199 Gallos,

100 1239 265 1297 dimissis
296 1238 387 1296 clam
420 1257 484 1314 par
509 1257 616 1315 agros
638 1255 760 1295 eorum
784 1237 973 1312 (Gallorum),
995 1235 1160 1294 mercede

101 1345 314 1404 conducere.
356 1343 473 1402 Feiellit
494 1341 619 1400 editores
641 1342 682 1414 (et
703 1343 851 1401 librarium
873 1361 963 1401 unum
986 1351 1015 1399 at
1036 1341 1157 1398 alterum

102 1447 302 1524 recentiorem)
325 1449 469 1526 participii
491 1447 635 1506 ablativus
666 1447 708 1523 (in
729 1448 897 1507 mittendi
918 1448 1008 1506 verbo
1030 1458 1060 1504 et
1080 1463 1159 1503 com·
1225 1461 1229 1470 ·

102 1557 216 1632 positis)
238 1555 381 1614 interdum
403 1556 474 1612 dure
496 1555 537 1612 sic
558 1554 679 1631 positus,
700 1565 741 1625 nt,
769 1555 848 1614 nulla
869 1555 998 1614 subiecta
1018 1551 1160 1611 sententia

102 1661 226 1720 relativa
248 1661 383 1737 (missis
405 1661 487 1736 qni),
517 1660 653 1719 audiatur
680 1661 840 1720 subiectum
868 1661 1010 1720 inlinitum
1040 1657 1160 1732 (homi-

103 1767 223 1838 nibus,
247 1767 418 1842 aliquot),
446 1777 479 1824 ut
499 1765 525 1836 1,
556 1768 605 1836 31,
633 1767 668 1827 2:
700 1767 822 1826 missis
851 1767 950 1826 adid
972 1763 1160 1822 visendum

101 1871 323 1948 prodigium,
344 1882 373 1930 et
394 1873 563 1944 X,ta,1a:
585 1873 732 1944 Fabius,
755 1873 919 1932 dimissis
941 1873 986 1931 ad
1006 1889 1161 1947 queren-

102 1979 184 2036 dum
213 1979 361 2054 college
390 1997 534 2055 corpus,
565 1979 687 2056 spolia
720 1979 879 2037 hostium
912 2023 941 2039 ..
973 1975 1161 2046 cremavit,

101 2093 133 2140 et
152 2083 308 2156 XXXIII,
333 2090 380 2156 ll,
410 2088 441 2142 1:
475 2084 670 2160 missisque
691 2085 880 2143 Larissam
912 2085 956 2142 ad
989 2101 1161 2142 commen·

102 2189 220 2246 tarioe
241 2191 361 2265 regios
383 2191 655 2251 comburendos.
706 2189 897 2250 Coniunctum
919 2192 975 2249 hoo
996 2209 1061 2247 cunr
1084 2188 1159 2245 indi·

97 2293 190 2353 cativi
222 2295 350 2354 eiusdem
376 2297 458 2356 verbi
483 2314 556 2368 usu,
583 2299 660 2372 quod
692 2297 824 2356 absolute
853 2297 998 2354 mittere
1031 2295 1073 2353 ad
1096 2294 1159 2352 ali·

100 2419 204 2475 quem
238 2414 266 2460 et
298 2403 340 2460 ad
373 2403 514 2478 aliquid
543 2401 748 2462 iaciendum
782 2403 898 2473 dicitur,
930 2402 1006 2459 unde
1034 2399 1159 2476 passive,

99 2525 170 2564 raro
192 2507 334 2584 exemplo,
355 2509 470 2578 XLIV,
493 2511 542 2580 33,
568 2515 584 2567 t
608 2509 739 2586 ponitur:
775 2507 860 2568 Cum
882 2507 1004 2566 eodem
1036 2507 1080 2563 ed
1104 2526 1160 2582 pe-

100 2613 243 2671 cuniam
267 2615 518 2692 accipiendam
541 2615 744 2673 missisunt
771 2613 916 2687 (homines
937 2612 1071 2687 aliquot).

187 2717 259 2796 Cep.
279 2722 325 2790 18,
351 2723 385 2776 17
408 2720 671 2792 Weissenbornius,
700 2739 758 2796 quo
780 2717 840 2776 iere
857 2717 1022 2776 inclinabat
1043 2717 1160 2776 Grono-

99 2823 176 2894 vius,
199 2825 312 2884 oodioes
333 2837 447 2884 secutus
469 2827 570 2885 edidit:
600 2829 827 2903 aliquantum
857 2823 927 2880 iam
949 2823 1161 2882 altitudinis

98 2930 268 2988 excitata
290 2941 395 2990 erant
415 2932 569 3004 moenia;
593 2943 680 2992 antea
693 2932 833 2990 edebatur
855 2929 898 2986 ed
920 2929 1160 3006 aliquantum.

101 3033 343 3109 Aliquantum
368 3038 497 3112 genitivo
519 3039 632 3098 adiecto
654 3039 683 3096 in
704 3053 842 3095 mensura
863 3035 1054 3112 significanda
1075 3056 1161 3096 accu-

98 3139 199 3198 sativo
220 3159 289 3200 casu
311 3153 389 3201 recte
408 3143 478 3220 poni
501 3153 612 3220 potest,
643 3163 701 3201 non
729 3144 823 3200 minus
854 3142 929 3200 enim
955 3153 1032 3201 recte
1064 3143 1090 3213 Ι,
1113 3145 1162 3214 25,

107 3251 118 3304 l
149 3247 294 3305 scribitur:
316 3249 544 3324 aliquantum
565 3249 680 3325 spatii
710 3247 963 3324 ..aufugerat
986 3267 1073 3324 quam
1095 3249 1163 3319 XL,

103 3351 156 3420 28,
176 3355 208 3410 t:
241 3354 408 3431 exiguum
436 3355 610 3431 temporis
641 3355 765 3430 aliqua
792 3354 906 3412 forma
928 3373 1053 3431 pugne
1083 3353 1161 3416 tuit.

103 3457 165 3516 Sed
186 3459 393 3518 altitudinis
417 3479 522 3518 nomen
543 3479 600 3518 non
623 3461 716 3538 magis
743 3477 798 3536 pro
820 3477 955 3516 mensure
977 3459 1047 3534 poni
1068 3469 1164 3535 potest

101 3581 194 3638 qnam
211 3563 370 3624 latitudinis
390 3565 613 3642 longitudinisvc
647 3565 714 3643 (hoo
736 3575 793 3634 est,
815 3573 957 3622 cer-terum
980 3563 1066 3640 spatii
1087 3563 1163 3640 regi-

102 3687 202 3740 onum,
221 3689 294 3746 quas
315 3689 390 3728 nunc
411 3680 470 3728 tres
485 3671 677 3729 dimensiones
699 3671 902 3748 appellamus),
922 3689 977 3728 nec
992 3670 1050 3728 dioi
1071 3688 1163 3748 mag·

102 3795 186 3834 nam
208 3777 439 3835 altitudinem
452 3775 610 3844 (multum
632 3777 858 3850 altitudinis)
880 3795 1050 3835 crescere
1071 3777 1164 3852 (qnod

99 3891 208 3940 contm
228 3881 386 3940 rectissime
418 3883 522 3940 dicitnr
552 3901 715 3960 magnum
746 3881 906 3959 spatium
928 3881 1086 3958 lugere),
1113 3883 1164 3942 sed

102 3999 218 4048 tantum
250 3989 287 4046 in
316 3989 547 4048 altitudinem
576 4008 756 4062 crescere,
785 3989 820 4046 in
847 4007 1009 4066 magnam
1031 3988 1103 4060 alt,
1129 3989 1164 4047 in

101 4095 254 4153 multum
275 4093 500 4167 altitudinis;
534 4113 627 4171 neque
658 4096 688 4152 in
716 4114 752 4153 ea
775 4114 807 4153 re
834 4095 894 4154 alia
914 4105 959 4154 est
986 4094 1085 4153 Latini
1105 4113 1167 4154 ser·
