2826 4650
590 283 628 338 49
1003 279 1060 327 Lib.
1080 277 1100 326 1.

75 466 212 523 classis
248 465 516 542 quinquaginta
552 462 702 520 millium
735 481 876 520 censum
915 481 993 520 esse
1022 463 1140 520 voluit

77 573 150 636 tboc
172 581 226 640 est,
247 572 272 628 si
283 571 475 628 enarrandum
493 578 546 640 est,
567 569 659 626 tertiae
676 569 775 626 classis
795 587 909 647 censum
930 569 1139 644 quinquaginta

77 677 206 734 millibus
229 687 370 746 constare,
392 675 635 752 quemadmodum
655 677 696 745 X,
717 677 754 733 36
777 675 1003 750 captivorum
1024 695 1138 732 nume·

77 803 138 840 rus
162 801 243 840 esse
264 793 400 858 septem
423 781 573 838 millium
596 779 700 836 dicitur
720 789 749 836 et
766 781 844 856 apud
858 779 1023 838 Cornelium
1040 782 1139 856 Nepo-

77 903 135 946 tem
160 889 309 964 lphicr.·2
337 889 520 945 exercitus
542 904 709 943 numerus
740 904 818 942 esse
849 886 1034 943 duodecim
1066 885 1140 942 rnil-

79 995 165 1052 lium
189 1005 218 1050 et
239 995 268 1051 id
290 1013 381 1070 genus
404 1013 462 1051 non
485 1000 604 1070 peuce),
626 992 711 1048 video
733 991 791 1048 iarn
804 993 945 1049 Rhenano
966 993 994 1048 in
1018 1003 1140 1050 mentem

79 1101 203 1158 venisse.
249 1103 298 1169 (ln
321 1102 420 1159 codice
441 1103 597 1176 archetypo
620 1099 722 1155 luisse:
758 1098 886 1154 Tertia
907 1097 1038 1154 classii
1058 1096 1093 1152 in
1116 1097 1141 1152 L

79 1206 233 1263 millium
251 1214 317 1274 cet,
333 1226 368 1262 ex
380 1207 563 1264 MRPHlLl
583 1215 612 1262 et
626 1204 800 1261 deteriorum
813 1203 955 1260 nonnullis
965 1202 1140 1277 intelligitur.

78 1313 186 1369 Fuisse
198 1313 340 1388 suspicor,
362 1311 472 1384 quiunt
495 1311 529 1367 in
551 1311 663 1367 tertia
686 1309 803 1366 classe
825 1309 911 1366 scribi
925 1309 1020 1377 vellet,
1042 1327 1141 1382 quem-

78 1417 238 1474 admodum
261 1417 391 1492 sequitur
412 1417 489 1492 opud
511 1417 626 1474 Livium
648 1417 682 1472 in
706 1425 838 1490 quarto
859 1415 993 1489 classe,
1027 1423 1078 1471 aut
1101 1415 1141 1470 sic

77 1521 267 1598 intelligenda
290 1524 381 1580 verba
404 1524 591 1598 significarem
625 1524 666 1580 sic
689 1522 865 1596 adscriptum
893 1521 928 1577 in
958 1520 1061 1576 deiude
1084 1520 1142 1576 olio

78 1629 144 1686 loco
167 1629 306 1685 insertum
330 1629 417 1699 esse.)

164 1733 262 1809 'Can
286 1737 335 1808 to,
360 1738 375 1790 7
400 1734 462 1801 (ubi
485 1733 649 1790 referuntur
667 1733 771 1790 Tulliae
793 1733 910 1788 minoris
932 1751 995 1788 cum
1020 1733 1053 1788 L.
1067 1732 1142 1788 'sur-

81 1838 191 1914 quinio,
213 1839 311 1894 mariti
327 1839 426 1906 fratre,
448 1839 556 1896 sororis
575 1839 679 1896 morito
695 1845 872 1906 sermonesJ:
896 1847 985 1894 etse
1008 1837 1143 1894 rectius

80 1942 228 2000 viduam
260 1953 295 2000 et
323 1945 422 2002 illum
457 1945 632 2002 caelibem
666 1945 824 2000 futurum
858 1943 972 2000 luisse
1000 1953 1143 2000 conten·

80 2049 166 2106 dere
192 2051 418 2120 (contendebat)
449 2069 551 2126 quam
580 2069 655 2108 cum
683 2049 814 2125 impari
839 2049 954 2125 iungi,
983 2061 1019 2105 ut
1050 2049 1143 2105 elon-

80 2155 326 2230 guescendum
348 2157 470 2214 alienu
490 2157 640 2231 ignavis
662 2164 767 2213 esset.
817 2154 889 2228 Quae
910 2154 947 2210 sit
967 2155 996 2210 in
1014 2155 1058 2211 his
1077 2174 1144 2229 pra-

82 2260 169 2328 uitas,
198 2261 361 2336 apparebit,
393 2263 417 2319 si
440 2263 467 2318 in
490 2271 598 2318 rectam
625 2261 785 2318 orationem
808 2259 1052 2330 transtulerimus3
1085 2262 1146 2319 hec

81 2365 159 2422 enim
182 2366 250 2422 erit:
287 2368 332 2424 Et
353 2386 418 2442 ego
439 2368 576 2425 rectius
598 2367 707 2424 vidua
728 2377 763 2423 et
784 2377 820 2424 tu
843 2366 987 2424 caelebs
1011 2367 1148 2423 luisses

83 2480 129 2536 t:
162 2471 322 2530 futurum
358 2473 489 2540 luisse)
531 2493 634 2548 quam
679 2492 754 2530 cum
795 2473 926 2548 impuri
968 2472 1148 2546 iungimur

83 2584 129 2648 (ε.-
155 2575 289 2652 iungi),
321 2589 357 2636 ut
377 2578 703 2653 elanguescendum
726 2597 752 2635 a.
776 2579 844 2654 ign.
867 2579 923 2635 sit.
980 2578 1072 2652 Atqui
1093 2597 1147 2653 pro

84 2703 135 2752 eo,
165 2683 244 2756 quod
266 2691 322 2739 est:
355 2701 474 2757 quom,
503 2687 596 2758 quod
618 2703 709 2742 nunc
731 2684 864 2741 factum
888 2693 955 2754 eet,
985 2683 1148 2758 iungere·

85 2807 176 2857 mur,
199 2787 278 2844 nullo
298 2789 385 2846 nrodo
407 2789 463 2846 dici
483 2799 593 2865 potest:
617 2810 720 2865 qnam
742 2791 937 2865 iungimur;
966 2808 1060 2863 neque
1086 2790 1148 2846 iun-

83 2895 230 2970 gebantur
246 2912 331 2964 nnnc,
353 2895 404 2950 sed
424 2895 512 2952 iuncti
534 2905 630 2965 erent3
653 2896 752 2970 itaque
774 2916 810 2953 ne
831 2897 1063 2972 iungeremur
1086 2896 1148 2970 qui-

84 3000 152 3056 dem
184 3013 295 3056 rectum
320 3010 409 3068 esset,
437 3001 488 3058 sed
515 3001 643 3071 iuncti,
671 3002 701 3058 id
725 3011 782 3074 eet,
813 3004 841 3059 in
869 3003 988 3077 obliquo
1010 3003 1149 3070 oratione,

85 3107 240 3162 iunctos.
288 3105 411 3162 Accedit
432 3105 470 3162 od
498 3107 553 3163 hoo
578 3107 716 3164 orationis
744 3107 860 3178 vitium,
894 3107 971 3182 quod
992 3108 1022 3164 in
1050 3108 1150 3176 codice

84 3213 247 3286 archetypo
277 3227 336 3266 non
367 3221 478 3282 esset,
511 3213 561 3270 sed
589 3231 668 3268 osse
696 3213 834 3289 scriptum
854 3213 942 3270 luisse
964 3223 1078 3270 constet
1099 3225 1149 3280 tex

84 3317 263 3376 ttt’ltttt.
291 3314 481 3372 deterioribus
513 3324 660 3392 quoque),
688 3337 724 3375 ex
748 3337 805 3392 quo
829 3327 865 3374 ut
892 3319 1059 3376 mendosum
1087 3339 1150 3378 csse

85 3425 237 3500 arguitur,
268 3441 322 3497 pro
352 3439 409 3496 quo
439 3423 468 3478 in
500 3423 691 3481 deterioribus
713 3424 860 3482 codicibus
886 3425 991 3499 partim
1013 3425 1149 3500 scriptum

85 3541 130 3588 est
153 3528 263 3596 haud,
292 3528 397 3602 purtim
420 3539 490 3585 aut.
550 3531 597 3603 (ln
620 3531 752 3588 Rhenani
775 3531 961 3587 adnotatione
984 3549 1065 3588 error
1095 3541 1151 3597 cett

159 3800 326 3862 intelligendo
344 3803 483 3863 putaverit,
503 3809 530 3850 ut
549 3801 651 3852 Servius
669 3803 768 3849 (licetur
787 3803 866 3850 tertie
886 3801 972 3850 classis
991 3817 1045 3850 esse
1064 3803 1151 3863 (tertio

160 3895 242 3942 elcese
270 3891 404 3956 contineri)
431 3894 539 3942 voluisse
564 3910 652 3942 omncs
677 3908 777 3956 usque
804 3897 842 3942 ed
867 3895 888 3942 L
913 3894 1018 3942 millium
1040 3909 1151 3942 censum,

159 4001 217 4036 enm
236 3994 369 4043 conatum,
401 3999 433 4033 nc
458 3985 508 4034 ulia
528 4000 731 4041 commemorem,
751 3995 847 4034 evertet
864 3987 898 4033 in
917 3987 1061 4050 praepositio
1080 3988 1151 4034 iunu-

160 4079 215 4126 dito
234 4075 418 4139 significatione
436 4077 530 4140 posite.
559 4080 583 4126 in
603 4079 779 4128 descendendo
798 4079 942 4142 presertim.

146 4185 253 4222 [titulun
268 4185 360 4222 tamn.
368 4183 422 4221 liti.
937 4178 950 4216 4
