2826 4640
611 299 668 354 503
1019 299 1076 348 Lib.
1095 297 1166 348 xm.

194 479 267 557 Cap.
293 483 350 550 20,
377 485 394 540 8
432 482 494 558 (ubi
528 484 564 540 de
585 482 733 540 Antiocho
755 481 908 558 Epiphane
938 482 1045 559 agitor)
1075 483 1169 541 editur

110 603 169 641 non
208 585 326 643 Latine:
362 586 633 645 Mnnificentiae
666 607 755 646 vcro
791 588 825 645 in
863 588 951 645 deos
982 587 1040 646 vel
1066 589 1167 646 Iovis

110 690 275 767 Olympii
304 692 478 768 templum
506 694 668 751 Athenis
784 705 910 770 potest
940 695 1047 752 testis
1074 713 1167 770 essc;

110 797 300 878 nequeenim
322 797 461 874 templum
488 800 596 857 testis
629 809 672 858 est
707 799 799 866 (ouius
830 799 966 858 vocabuli
999 800 1108 858 nullum
1138 799 1167 856 in

110 903 211 962 codice
237 904 390 980 vestigium
412 915 456 960 est
482 913 633 981 totumque
656 905 785 982 Grynoeo
808 906 958 981 debetur),
973 877 979 890 ¹
992 907 1044 964 sed
1079 907 1168 964 docu-

110 1019 237 1067 mentum
259 1019 310 1067 aut
331 1019 555 1073 monumentum.
599 1011 694 1070 Panlo
716 1021 783 1088 post
813 1013 840 1086 (ξ
866 1014 915 1086 10)
946 1013 987 1070 sic
1009 1013 1103 1070 oratio
1123 1013 1167 1070 in·

109 1117 243 1193 terpungi
265 1117 364 1174 debet:
388 1115 693 1190 Spectaculorum
716 1135 861 1192 quoque
883 1117 1000 1176 omnis
1020 1119 1167 1194 generis

109 1221 390 1297 magnificentia
422 1225 633 1299 superiores
663 1242 770 1300 reges
801 1221 907 1292 vicit,
940 1223 1167 1300 reliquorum

109 1329 165 1384 sui
186 1329 298 1386 moris
320 1339 354 1386 et
378 1329 486 1405 copia
506 1329 714 1388 Graecorum
749 1328 953 1403 artificum
983 1330 1167 1405 gladiato·

108 1453 185 1491 rum
218 1453 343 1492 munus
373 1437 541 1493 Romane
572 1434 859 1492 consuetudinis
889 1434 1007 1510 primo
1041 1453 1167 1511 niagno

109 1558 185 1596 cum
213 1549 363 1597 terrore
390 1540 574 1597 hominum
684 1539 798 1598 dedit.
849 1541 1043 1616 Appositione
1064 1541 1168 1599 adinu-

107 1647 186 1722 gitnr
206 1645 441 1720 reliquorum,
463 1646 519 1703 hac
540 1646 696 1703 sententia:
719 1645 832 1722 reliqua
852 1647 1020 1722 spectacula
1040 1647 1085 1704 sui
1105 1667 1167 1704 mo-

109 1752 149 1809 ris
185 1761 215 1809 et
247 1751 332 1827 copia
354 1751 525 1810 Graecorum
557 1750 699 1808 artificum
727 1751 815 1808 dedit.
872 1752 948 1808 Tum
971 1752 1168 1810 scribendum:

108 1859 243 1916 deinde
278 1857 412 1933 saepius
448 1857 566 1914 dando
593 1867 627 1913 et
660 1857 763 1914 modo
785 1857 1007 1916 vulneribus
1042 1869 1168 1928 tenus,

109 1964 212 2022 modo
239 1964 318 2022 sine
339 1964 534 2032 missione,
566 1961 674 2018 etiem
709 1961 900 2020 familiare
933 1963 1054 2021 oculis
1084 1984 1168 2041 gra-

107 2081 255 2146 tumque
275 2069 310 2127 id
332 2069 583 2144 spectaculum
605 2067 707 2125 iecit.
762 2066 860 2143 Vulgo
883 2069 992 2138 editur,
1014 2071 1096 2126 utin
1118 2089 1168 2128 co-

107 2177 171 2234 dice
193 2185 249 2233 est:
286 2176 365 2233 sine
398 2174 573 2232 missione
595 2174 725 2243 etiam,
758 2181 791 2228 ot
824 2171 1013 2233 familiare
1046 2177 1168 2234 oculis

111 2293 176 2354 etc,
198 2300 289 2358 prava
309 2281 412 2357 positis
433 2275 628 2356 particulis.¹)

194 2388 268 2464 Cap.
292 2388 349 2454 22,
376 2390 408 2454 6,
442 2385 491 2442 ubi
520 2386 614 2443 editur
650 2387 697 2459 (de
727 2385 837 2442 Perseo
859 2403 923 2442 curn
949 2386 1076 2443 exercitu
1098 2387 1168 2443 Del·

110 2495 185 2569 phos
206 2493 302 2551 subito
316 2491 477 2568 proiecto):
499 2492 579 2550 sine
600 2493 731 2550 damno
753 2490 966 2566 iniuriaque
988 2509 1168 2567 agrorum,

109 2619 176 2676 per
199 2617 289 2674 quos
310 2599 383 2655 iter
403 2597 502 2668 fecit,
524 2599 558 2655 in
580 2617 727 2674 regnum
749 2597 877 2667 rediit,
898 2597 926 2654 in
948 2597 1064 2668 codice,
1089 2609 1121 2655 ut
1138 2599 1167 2655 in

109 2703 252 2780 proximis
273 2704 470 2779 superioribus
493 2715 522 2762 et
543 2703 728 2779 sequentibus
751 2703 891 2774 versibus,
913 2703 1082 2761 membrana
1103 2723 1168 2760 mn-

111 2809 194 2867 tilate
215 2809 317 2867 littera
349 2809 462 2885 aliquot
488 2830 547 2868 non
574 2821 705 2880 exstant;
741 2808 783 2865 sic
804 2817 900 2866 autem
921 2809 1068 2868 scribitur:
1090 2811 1169 2867 sine

111 2915 241 2972 damno
264 2915 437 2990 iniuriaq.
459 2936 476 2972 s
501 2935 581 2975 rum
604 2917 721 2992 (desunt
738 2914 848 2989 aliquot
862 2915 976 2991 littere)
998 2935 1063 2992 per
1086 2935 1169 2992 quo·

110 3039 186 3078 rum
208 3019 281 3078 iter
302 3020 401 3091 iecit,
416 3022 452 3078 in
474 3039 537 3097 reg
563 3041 579 3075 ι
602 3020 719 3094 (desunt
742 3019 854 3096 aliquot
874 3021 990 3090 litteroe)
1014 3023 1096 3084 edit.
1118 3024 1168 3082 Li-

109 3123 174 3182 vius
186 3126 334 3202 scripsisse
346 3128 472 3185 ridetur:
493 3127 572 3184 sine
598 3126 725 3183 damno
747 3125 923 3203 iniuriaq.
938 3130 1168 3205 populorum,

109 3250 174 3306 per
195 3251 347 3308 quorum
364 3229 487 3309 [fines]
502 3232 572 3289 iter
592 3231 692 3303 fecit,
714 3232 752 3288 in
776 3251 924 3308 regnum
944 3235 1066 3296 rediit.
1099 3237 1168 3294 Non

109 3336 179 3394 solis
201 3339 279 3415 egris
299 3338 457 3414 periculum
479 3349 550 3397 erat.

194 3441 267 3518 Cap.
291 3446 347 3514 23,
371 3447 389 3502 6
421 3443 463 3519 (iu
484 3444 616 3502 oratione
637 3441 800 3502 Callicratis
833 3443 862 3500 in
891 3443 1013 3500 concilio
1042 3443 1166 3501 Acbteo·
1190 3513 1193 3519 Ι

108 3567 173 3606 rum
195 3559 297 3607 contre
316 3549 427 3607 litteras
451 3549 551 3609 Persei
571 3548 676 3624 regis):
710 3547 800 3606 Nam
831 3548 891 3624 qui
912 3546 1066 3622 regibus
1090 3547 1167 3604 Me·

108 3654 284 3713 cedonum
311 3655 653 3730 Macedonibusque
673 3652 768 3729 ipsis
796 3653 934 3712 linibus
955 3651 1168 3710 interdixis-

126 3988 154 4056 ι)
182 3991 246 4057 Cap.
266 3997 313 4050 21,
334 3997 348 4040 lt
368 3991 465 4040 excidit
482 4005 603 4040 numerus
623 3989 749 4038 sociorum
774 3988 869 4052 legioni
894 3989 1053 4040 sudditorum:
1078 3989 1169 4051 equi·

178 4085 265 4134 tibus
285 4081 454 4150 [sociorum
473 4099 489 4131 a
508 4081 644 4132 milibus
661 4082 815 4146 peditum,
837 4095 853 4126 s
872 4077 1063 4146 equitibus}
