2820 4646
607 263 665 318 607
790 278 794 286 ·
1016 260 1074 308 Lib.
1083 259 1168 312 m.

107 453 160 500 est.
206 441 288 500 Nihil
308 441 374 498 dico
396 441 432 497 de
452 439 636 512 inanissimis,
656 441 750 516 qualis
770 459 846 498 nuno
867 440 948 499 locus
972 451 1025 510 ost,
1046 441 1091 499 bis
1107 460 1168 499 em·

105 545 434 622 begibustAutumni
455 555 600 619 tempus
622 554 709 614 eret,
731 546 833 603 ouius
855 546 1035 620 temporis
1057 547 1167 622 initio

106 650 299 728 profectus
335 659 397 707 est.
453 647 656 724 (Superiores,
698 651 742 707 sd
774 659 842 707 ente
876 650 1168 710 circumeundum

105 755 232 826 subluto,
252 757 308 813 boc
329 771 394 812 cum
416 753 552 811 statuit
573 753 792 824 coniunxerant,
815 754 887 812 mire
907 753 1005 830 posits
1025 755 1169 831 perticuls

105 869 158 930 ut,
180 878 216 916 ne
241 859 300 917 elie
324 857 573 936 commemorem.)
616 858 712 931 Quom
727 857 832 932 pusille
853 875 900 914 res
923 867 1047 932 qusntss
1067 860 1168 918 turbes

105 963 202 1020 deditl
223 964 292 1023 Uno
312 963 409 1020 littere
429 962 531 1020 addite
546 963 645 1020 omnis
665 971 737 1037 epte
755 971 784 1018 et
805 979 879 1018 sens
899 971 998 1020 erunt:
1019 965 1168 1021 Autum-

104 1066 243 1140 nifere
263 1076 402 1144 tempus
432 1076 530 1138 eret,
559 1068 662 1124 cuius
693 1067 871 1142 temporis
901 1067 1010 1124 initio
1034 1067 1078 1125 ud
1100 1067 1168 1126 cir·

106 1171 343 1230 cumeundnm
371 1172 551 1231 Grreciem
687 1171 741 1233 ull
763 1170 903 1228 statuit.
962 1173 1168 1248 Praeposito

105 1277 242 1336 cestris
263 1285 317 1335 etc
370 1277 435 1334 Ism
463 1286 542 1336 recte
574 1275 700 1351 primum
730 1283 844 1350 tempus
873 1275 968 1350 ipsum
989 1275 1169 1351 significatur

104 1393 136 1439 et
164 1380 315 1440 consilium
341 1389 408 1438 ente
438 1389 556 1456 ceptum
588 1381 625 1437 de
659 1379 720 1438 eius
751 1381 891 1457 temporie
927 1391 1012 1456 perte
1047 1382 1168 1453 uteude3

105 1486 211 1544 deinde
225 1485 262 1542 sd
272 1484 481 1560 profectionem
495 1467 647 1542 transitur.
688 1482 820 1561 (XLIV,
833 1486 882 1555 35,
894 1487 912 1543 9
934 1495 971 1543 ut
992 1486 1169 1544 audieret

103 1609 160 1668 pro
181 1589 236 1647 uti
259 1589 432 1648 sudierst
462 1591 597 1648 scribitur
625 1591 654 1647 in
685 1590 800 1660 codice;
831 1607 1008 1664 quemquem
1038 1574 1108 1664 qffid
1137 1591 1168 1650 in

104 1695 159 1754 teli
182 1713 279 1752 errore
303 1694 436 1770 exemplo
458 1694 556 1765 uteri)

190 1798 265 1875 Cep.
288 1801 338 1869 28,
362 1801 395 1856 2:
437 1802 518 1858 Arx
548 1816 691 1874 quoque
725 1807 760 1856 et
788 1799 944 1856 isthmus
976 1801 1167 1876 praebuere

105 1904 357 1981 spectaculum
388 1903 435 1979 (L.
459 1903 583 1962 AEmilio
605 1902 777 1962 Corinthum
807 1902 945 1975 visenti),
976 1924 1041 1964 erx
1071 1907 1169 1966 iuter

106 2009 228 2067 omniu
248 2009 283 2066 in
304 2009 494 2066 immunem
519 2008 761 2066 altitudinem
782 2007 898 2075 edito,
924 2019 1071 2068 scatens
1092 2009 1168 2068 fon·

105 2115 220 2184 tibus,
243 2113 398 2171 isthmus
420 2112 492 2169 duo
512 2112 643 2178 merie,
670 2112 714 2168 eb
744 2129 878 2169 occssu
904 2123 941 2170 et
971 2123 1054 2173 ortu
1075 2116 1167 2174 solis

103 2217 288 2288 finitima,
321 2217 414 2274 ortis
444 2217 618 2274 faucibus
645 2216 833 2274 dirimens.
892 2217 1016 2275 Frustrs
1045 2237 1167 2293 quaeres,

104 2322 174 2398 quid
207 2321 264 2379 sibi
294 2320 385 2379 velint
415 2321 465 2378 ills
494 2321 592 2378 iuter
614 2321 737 2379 omnis
770 2331 799 2378 et
829 2339 894 2396 quse
915 2321 953 2378 sit
973 2323 1034 2380 hese
1056 2323 1169 2380 numeri

102 2427 293 2502 significetim
325 2425 397 2484 nibil
417 2426 494 2483 enim
515 2426 545 2483 in
567 2425 746 2484 altitudinem
771 2426 865 2484 editur
885 2425 941 2483 nisi
961 2427 1037 2486 iuter
1059 2427 1167 2496 omnis,

103 2551 169 2607 que
189 2532 266 2590 olrcn
279 2541 356 2595 sunt.
398 2529 587 2588 Manifestum
609 2549 672 2588 esse
692 2531 805 2605 opinor,
828 2530 969 2588 excidisse
992 2531 1168 2590 vocabulum

103 2637 300 2712 scriptumque
320 2634 388 2692 olim
418 2633 521 2692 subse:
551 2635 651 2692 inter
681 2635 792 2711 plens
814 2635 942 2693 omnis.
991 2633 1027 2692 Id
1051 2633 1167 2693 demum

103 2715 293 2798 memorabile
323 2747 383 2808 est,
415 2739 491 2796 inter
511 2739 611 2796 omnis
641 2740 719 2798 ciros
742 2739 832 2815 plenu
864 2758 959 2798 urcem
992 2747 1167 2813 preruptam

104 2845 185 2921 erigi,
234 2843 387 2919 Loquendi
418 2861 510 2918 genus
540 2843 723 2902 notissimum
757 2853 819 2914 est;
858 2843 934 2902 Livii
954 2842 1035 2901 locos
1056 2841 1168 2916 uliquot

103 2947 357 3007 Weissenbornius
382 2947 421 3004 sd
451 2947 607 3018 XXVIII,
640 2950 730 3018 ⁴²2³
763 2948 895 3024 collegit:
918 2948 976 3017 III,
1010 2951 1038 3018 6,
1061 2951 1088 3018 7,
1109 2947 1168 3018 ΙΧ,

111 3057 159 3124 13,
182 3057 210 3122 6,
231 3053 323 3120 XXI,
345 3054 395 3123 32,
417 3054 446 3122 9,
466 3052 605 3122 XXVII,
631 3056 680 3122 17,
702 3055 731 3108 9.
782 3053 951 3129 (superiore
974 3053 1069 3129 cupite
1090 3058 1105 3124 ξ
1130 3057 1167 3112 10

105 3158 136 3216 in
149 3158 249 3216 codice
265 3156 507 3214 nonsuntverbu
529 3157 641 3233 petiit
662 3158 746 3216 inde
766 3157 951 3234 Oropum.)
986 3158 1082 3216 Psulo
1102 3165 1169 3234 post

104 3267 132 3333 (ς
151 3265 212 3335 4)e
233 3261 340 3319 codicis
361 3260 490 3337 vestigio
513 3261 804 3337 (memorabilem
827 3281 868 3318 oc
885 3262 1088 3332 silentium,
1109 3280 1168 3320 non

104 3364 306 3443 silentium)
334 3365 410 3424 effici
439 3367 570 3425 videtur:
608 3385 678 3424 non
712 3385 860 3444 operum
899 3365 1167 3441 magnitudIne,

105 3471 169 3529 sed
190 3470 394 3547 discipline
413 3471 674 3547 institutisque
695 3471 972 3528 mentorebilem
987 3488 1029 3528 ec
1049 3471 1168 3527 visen·

105 3577 195 3636 dum.
246 3574 354 3651 Oppidi
375 3575 490 3650 quidem
513 3594 637 3646 nomen,
673 3575 810 3651 ignobilis
836 3574 995 3652 presertim
1025 3583 1054 3632 et
1074 3573 1168 3649 perri,

104 3681 155 3739 illo
176 3681 241 3738 loco
262 3679 406 3755 interponi
427 3681 537 3754 nequit.
587 3680 702 3738 DeInde
735 3680 764 3738 in
787 3681 887 3738 codice
911 3679 1046 3737 scribitur
1066 3681 1098 3748 (§
1121 3675 1168 3755 5)=

188 3783 394 3861 Olympium
415 3784 597 3851 escendit,
630 3785 691 3842 ubi
726 3795 760 3843 et
793 3784 871 3842 slis
903 3783 1048 3857 quidem
1068 3800 1168 3858 spec·

105 3890 217 3946 teudo
238 3899 273 3946 et
292 3887 375 3946 viss
395 3888 519 3947 Iovem
541 3899 596 3946 oet.
618 3887 738 3966 (vulgor
760 3897 794 3945 et
812 3888 886 3946 elie
907 3887 1048 3963 quidem
1069 3906 1169 3964 spec·

105 3993 218 4051 tundo
238 3994 318 4051 viss
344 4003 378 4051 et
407 3994 551 4064 Iovem,
584 3991 915 4074 prsvstooniunctioue
946 3991 1169 4066 pertimlsrumc
