2800 4646
594 273 653 328 457
953 269 1009 320 Idb.
1022 269 1150 320 xxm.

87 462 172 513 recte
209 453 378 513 Gronovius
408 453 496 512 scribi
524 449 652 510 iusserit:
687 471 792 528 quum
822 471 884 511 eos
920 454 956 512 in
987 455 1150 531 legiones

88 567 273 635 quattuor
294 559 594 636 descripsissent,
618 575 794 633 quamquam
815 557 845 614 in
866 575 985 617 numero
996 559 1150 636 legionum,

87 665 118 723 si
140 683 205 723 eum
226 664 289 740 ipse
310 663 411 722 Livius
431 665 545 741 posuit,
573 663 688 722 erravit.
745 664 824 722 Nam
845 663 918 722 duas
948 665 978 722 in
998 667 1150 744 Hispaniis

87 770 183 829 fuisse
214 769 357 846 legiones,
391 770 521 846 singulas
555 771 585 828 iu
625 779 749 844 unaque
776 769 941 845 provincia,
977 771 1039 848 ipse
1079 772 1152 830 dixit

88 875 288 946 XXXVIII,
309 876 348 932 36
372 874 572 952 significatque
599 876 716 934 minime
737 875 859 932 obscure
881 875 938 933 hoo
957 877 1032 936 libro
1055 896 1080 936 c.
1103 880 1151 946 ³0,

96 984 143 1040 12.
195 981 254 1040 Sed
283 989 423 1057 practerea
455 999 492 1038 cx
513 981 590 1040 Livii
622 981 851 1056 Latinorumque
871 999 925 1040 usu
956 983 997 1051 (in
1031 1001 1150 1042 numero

88 1089 258 1146 excurrens
278 1105 331 1164 per
351 1085 524 1144 vocabulum
546 1087 626 1163 plus
648 1085 849 1162 significando)
864 1087 1045 1146 scnbsndurn
1065 1096 1150 1164 puto:

87 1193 392 1270 quoplusquam
415 1191 696 1268 quinquemilia
724 1236 751 1252 ..
780 1201 886 1250 essct.
946 1193 1017 1250 Dixi
1052 1195 1088 1252 de
1116 1213 1152 1256 eo

88 1319 125 1357 rc
145 1299 312 1358 adolescens
343 1297 373 1353 in
403 1298 662 1357 Emendationibus
689 1297 886 1357 Ciceronianis
913 1298 1093 1374 (Academic.
1123 1309 1151 1358 et

87 1406 159 1463 libr.
180 1405 216 1462 de
237 1402 326 1480 legg.)
349 1423 380 1480 p.
406 1405 454 1474 72,
475 1405 525 1464 ubi
545 1405 595 1467 lib.
617 1406 694 1476 XL,
716 1408 772 1475 36,
799 1407 835 1461 ¹0
860 1424 877 1462 e
898 1403 1044 1462 codicibus
1065 1405 1150 1463 resti-

86 1509 230 1568 tuendum
257 1527 321 1568 esse
349 1510 461 1569 ostendi
487 1529 556 1585 quo
586 1510 745 1586 amplius
778 1510 870 1584 (quod
900 1510 1151 1570 Weissenboruius

86 1617 251 1694 probavit).
265 1611 290 1690 ¹)
333 1616 469 1674 Adsum
491 1617 610 1674 modum
633 1635 708 1674 nunc
730 1615 824 1673 editur
851 1615 882 1672 in
903 1613 963 1673 Cic.
984 1615 1069 1674 Vsrr.
1092 1617 1152 1688 III,

93 1725 154 1793 16,
186 1723 223 1780 42
258 1741 295 1778 ex
316 1720 483 1779 melioribus
515 1721 677 1792 codIcibus,
699 1733 820 1798 excepto
844 1729 942 1779 tamen
962 1721 1150 1798 palimpsesto

88 1827 251 1886 Vaticano:
290 1844 358 1902 quo
390 1827 472 1902 plus
502 1827 657 1885 sumitur
691 1846 796 1902 quarn
820 1827 980 1886 debetur.
1039 1827 1151 1886 Contra

87 1935 267 2016 ducentos
288 1931 414 2008 plures
437 1935 504 2006 (hoc
525 1943 577 2004 est,
598 1932 728 1990 ducentis
751 1933 834 2009 plus)
858 1934 1028 2010 recipere
1048 1935 1152 1992 dicitur

89 2041 212 2114 (XXII,
234 2041 283 2111 2³,
307 2041 348 2114 7).
1145 2104 1147 2108 Α

175 2143 247 2222 Cep.
271 2149 328 2214 47,
350 2147 368 2202 9
402 2145 444 2216 (in
469 2163 609 2221 responso
631 2153 748 2201 senatus
771 2143 920 2202 Demetrio
942 2145 1070 2222 Philippi
1092 2145 1151 2203 lilio

89 2254 188 2326 dato):
204 2253 321 2310 Multa
342 2261 377 2308 et
397 2250 634 2308 dissimulare
658 2257 694 2306 et
714 2249 891 2307 obliuisci
911 2259 945 2308 et
965 2251 1043 2326 peti
1064 2269 1149 2326 praa·

88 2358 205 2416 tcrita
226 2369 389 2415 senatum
415 2374 540 2432 posse,
562 2365 597 2413 et
630 2356 779 2414 credere
806 2355 930 2424 ctiam,
962 2356 1149 2415 Demetrio

89 2461 307 2518 credendum
330 2479 419 2523 esse.
473 2462 556 2520 Mirm
586 2463 631 2519 heu
662 2464 801 2539 ambages
833 2472 899 2520 sunt
926 2460 1063 2536 loquendi
1084 2479 1148 2519 cum

89 2567 257 2642 importuna
278 2567 405 2625 eiusdem
426 2568 508 2626 verbi
529 2567 712 2644 repetitione3
733 2567 891 2626 rectissime
912 2565 1025 2624 codices
1040 2567 1113 2624 ch.
1130 2571 1147 2624 4

92 2683 123 2731 ct
158 2673 256 2731 Mead.
298 2675 315 2730 2
350 2674 401 2740 (dc
422 2674 454 2732 M
487 2674 610 2745 tacetur)
640 2674 748 2731 habent
776 2681 901 2730 tantum:
933 2683 967 2730 et
1003 2671 1149 2730 credere

90 2778 201 2836 etism
219 2777 410 2836 Demetrio
432 2778 544 2852 (multe,
566 2779 603 2836 de
624 2767 743 2854 multislss
786 2779 942 2855 Polybium
964 2777 1096 2854 (XXIV,
1120 2781 1148 2848 2,

91 2869 126 2954 9)
156 2884 215 2941 iem
237 2883 493 2942 Drakenborchins
523 2884 719 2960 comparavit:
750 2871 931 2964 α’νιόκρισιν
963 2880 1085 2945 ἔδωκεν
1114 2873 1148 2964 (ἦ

92 2976 303 3071 σύγκλητος),
328 2978 411 3051 διότι
442 2987 518 3070 περὶ
547 2979 688 3051 πάντων
713 2987 767 3052 καὶ
792 2985 862 3051 τῶν
882 2988 1069 3072 εἰρημένων
1089 2978 1149 3051 ὑπ’

91 3083 200 3158 αὐτοῦ
222 3092 364 3156 καὶτῶν
385 3085 650 3179 ἀνεγνωσμένων
665 3092 846 3180 Δημητρίῳ
868 3085 1029 3184 πιστεύει.
1077 3095 1148 3173 (lni-

90 3203 134 3260 tio
155 3201 240 3259 buius
261 3203 364 3278 capitis
385 3201 478 3260 oratio
505 3204 547 3261 sic
582 3203 812 3280 interpungenda
837 3214 889 3274 est,
911 3203 1070 3279 significato
1091 3203 1148 3260 lovi

92 3287 636 3386 anacolutho:Respcndendum.
689 3309 875 3368 Demetrio
899 3319 989 3370 eret.
1036 3308 1146 3382 Quum

91 3414 187 3472 haud
219 3413 332 3472 facilc
365 3426 461 3472 esset
570 3415 766 3490 complecti
792 3415 870 3487 (nec
896 3415 1055 3475 enlm...
1084 3433 1148 3490 per

91 3521 248 3597 gratiam
270 3521 625 3591 iudicatis),-nihil
646 3521 773 3579 horum
794 3538 910 3595 neque
926 3520 1145 3578 Demetrium

92 3719 291 3730 ——-—...

111 3868 133 3937 ¹)
163 3876 212 3926 Illo
231 3877 289 3926 loco
306 3885 429 3943 praterea
444 3892 502 3927 com
521 3875 616 3938 Pighio
639 3877 758 3927 addenda
783 3884 822 3926 est
840 3875 985 3941 propositio
1013 3875 1054 3940 (ic
1070 3877 1146 3925 dua-

164 3967 454 4035 burlsglouibus);
483 3985 543 4020 nam
571 3969 698 4034 legioni
726 3983 795 4021 carc
825 3968 964 4033 amplius
992 3975 1147 4030 quattuor

165 4062 256 4112 milla
273 4063 422 4127 peditum
438 4077 514 4114 nomo
531 4063 605 4116 dixit.
