2826 4640
234 233 290 284 Lib.
306 231 404 284 XLlII.
743 237 801 294 552

236 421 265 488 3,
288 421 316 488 6,
339 417 389 475 ubi
410 425 488 476 recte
511 417 620 476 oditur:
652 427 686 476 et
713 437 791 494 qua
820 419 933 477 missa
962 428 1067 476 erent
1088 419 1132 477 ad
1154 419 1308 487 bellum,

236 524 267 582 iu
288 523 363 594 eod,
385 523 493 581 omisso
516 541 606 599 qun,
623 531 683 581 est:
705 531 740 580 et
761 523 872 581 missa
892 529 1000 580 eruut
1026 524 1069 581 ad
1090 525 1259 605 bellum.)

326 627 398 706 Gap.
422 631 457 700 8,
485 630 503 686 6
526 628 569 700 (in
591 646 733 706 responso
754 629 834 688 iussu
856 635 975 686 senetur
998 625 1241 690 Chalcidensibus
1263 632 1307 690 le·

180 743 183 748 ’
235 734 311 809 gatis
336 735 433 809 datc):
466 753 536 792 oon
569 743 607 792 ut
638 751 681 792 ee
717 753 736 792 a
767 731 1052 810 magistratibus
1072 735 1167 794 socii
1188 745 1308 812 atque

235 840 340 898 amici
361 849 588 916 paterentur.
632 835 749 896 Codicis
780 837 925 913 scriptura
952 837 994 894 sic
1021 846 1153 898 notatur:
1184 860 1204 899 a
1225 860 1307 899 ms-

234 945 459 1022 gistratibus
482 943 722 1018 utsociatque
751 943 883 1013 amici,
915 961 952 1000 ex
974 961 1034 1016 qua
1061 943 1185 1004 efficitur
1206 947 1237 1004 id
1261 947 1307 1023 ip-

235 1069 308 1122 sum,
330 1051 410 1126 quod
434 1049 571 1108 Dukerus
593 1049 760 1108 coniectura
779 1047 932 1124 precepit:
960 1065 979 1104 e
1004 1049 1306 1122 magistratibus

234 1155 309 1214 suis
330 1155 427 1214 socii
454 1164 565 1230 atque
600 1153 720 1214 amici.
775 1153 827 1211 Bis
849 1170 907 1209 uuo
931 1171 945 1213 s
972 1171 1027 1228 pro
1048 1153 1157 1230 duplici
1178 1158 1304 1235 scripto,

234 1262 269 1320 ui
290 1261 405 1320 transiit
425 1261 455 1318 iu
476 1270 523 1322 ut.

241 1433 247 1444 ,
318 1365 393 1444 Cap.
418 1369 464 1438 ll,
487 1367 521 1423 2:
547 1367 680 1424 Patres
795 1363 941 1438 legatos
971 1364 1007 1421 iu
1037 1365 1303 1426 Macedonium

235 1476 277 1536 M.
299 1473 471 1532 Fulvium
502 1471 678 1530 Flaccum
708 1479 743 1527 et
763 1469 805 1527 M.
827 1467 1017 1527 Caninium
1040 1471 1214 1531 Rebilum
1237 1473 1335 1532 mi·'

235 1588 369 1648 serunt,
393 1577 457 1654 qui
479 1585 683 1652 comperta,
706 1593 781 1650 quas
803 1584 1018 1650 agerentur,
1039 1575 1249 1650 referrent,
1271 1591 1306 1637 et

235 1693 272 1742 ut
292 1686 332 1743 A.
363 1681 552 1740 Hostilius
577 1681 705 1738 consul
732 1679 890 1738 comitio
921 1680 1139 1740 oonsulibus
1168 1685 1303 1743 aubro-

234 1789 364 1865 gandis
386 1788 442 1846 ita
463 1787 635 1857 ediceret,
659 1787 713 1845 uti
735 1785 1043 1844 mensslauuario
1065 1788 1216 1846 comitis
1241 1791 1303 1848 lra-

235 1893 313 1952 beri
338 1902 500 1970 possent,
523 1901 560 1950 et
582 1906 622 1950 ut
642 1893 758 1968 primo
781 1907 923 1966 quoque
945 1899 1107 1966 tempore
1126 1892 1163 1950 in
1183 1895 1301 1952 urbem

235 1999 386 2056 rediret.
446 1999 594 2072 Perquam
620 1997 773 2056 infeliciter
798 1997 846 2054 hic
868 1994 1013 2071 Gryneus
1036 2015 1097 2055 rem
1119 1998 1228 2073 gessit,
1264 2001 1301 2056 ed

236 2104 317 2163 cuius
355 2120 468 2160 errores
500 2103 688 2178 corrigendos
717 2103 787 2162 nihil
814 2119 933 2180 prorsus
965 2102 1066 2159 auxilii
1099 2101 1302 2178 Kreyssigium

235 2209 440 2269 Beklrerumve
462 2208 593 2266 attulisse
614 2207 713 2269 miror.
763 2209 895 2266 Primum
916 2225 1036 2282 prorsus
1056 2208 1223 2267 incredibile
1245 2219 1300 2280 est,

131 2353 133 2356 -
236 2335 324 2391 quum
346 2333 392 2373 res
412 2315 492 2372 haud
513 2331 661 2390 prosperce
682 2315 712 2372 iu
734 2312 909 2372 Macedonia
929 2322 1039 2384 essent,
1060 2315 1227 2386 consulem,
1249 2317 1301 2392 qui

235 2422 276 2480 ibi
297 2431 383 2494 esset,
407 2421 444 2478 ab
467 2419 594 2477 exercitu
617 2429 771 2477 avocatum
793 2437 872 2489 esse,
893 2425 926 2475 ut
947 2418 1065 2476 comitia
1086 2420 1188 2477 Rome
1208 2421 1300 2479 babe-

234 2537 288 2600 ret,
310 2545 399 2602 quum
423 2533 500 2584 esset
520 2525 549 2582 in
571 2525 659 2582 ltalia
682 2525 744 2582 sine
768 2525 845 2582 bello
867 2525 942 2593 (ce,
970 2519 1062 2600 1-3)
1086 2524 1160 2582 alter
1181 2528 1299 2598 consul:

235 2651 439 2707 necunquam
469 2631 644 2708 reperietur,
667 2649 756 2706 quum
784 2630 868 2687 elteri
898 2631 1010 2688 consuli
1031 2630 1119 2688 Italia
1147 2633 1299 2706 provincia

237 2749 320 2809 esset,
342 2739 425 2797 elteri
446 2737 552 2796 bellum
576 2745 661 2794 extre
681 2735 813 2804 ltaliam,
837 2753 896 2792 non
918 2736 956 2793 ab
978 2735 1028 2792 illo
1050 2736 1168 2794 comitia
1188 2738 1299 2808 habita,

237 2845 286 2918 qui
306 2843 336 2901 in
358 2843 446 2901 Italia
468 2851 552 2900 esset.
597 2841 704 2899 Mirum
727 2841 756 2898 id
778 2860 905 2916 quoque,
935 2842 1014 2916 quod
1036 2841 1138 2900 consul
1166 2842 1242 2899 redit
1271 2855 1300 2900 et

236 2949 353 3007 comitia
374 2949 464 3006 hebet
484 2965 583 3006 mense
604 2949 761 3016 Ienuerio,
788 2949 877 3025 legati
901 2947 938 3004 de
959 2966 995 3004 ee
1016 2967 1048 3005 re
1070 2946 1108 3005 ad
1131 2965 1197 3004 eum
1220 2949 1298 3005 misai

237 3061 342 3112 exacto
383 3053 497 3111 demum
538 3053 695 3112 admodum
720 3054 882 3112 Februario
916 3053 1038 3110 redeunt
1065 3041 1096 3128 ¹(§
1119 3050 1160 3128 9).
1203 3053 1298 3110 Huius

235 3158 390 3236 pravitatis
412 3169 515 3218 auctor
537 3159 681 3236 Gryneus
704 3167 761 3232 est;
783 3177 851 3215 nam
873 3158 903 3216 in
928 3159 1027 3217 codioo
1051 3157 1185 3215 omnibus
1196 3157 1298 3216 littaris

235 3266 353 3324 alterius
374 3265 500 3324 consulis
529 3283 636 3322 nomen
661 3261 811 3320 scribitur:
842 3265 886 3322 Et
907 3273 945 3322 ut
974 3267 1014 3322 A.
1035 3262 1180 3322 Atilius
1202 3282 1298 3322 cons.

235 3375 386 3448 Apparet,
408 3372 500 3430 virum
523 3369 670 3444 egregium
693 3387 728 3427 eo
750 3370 902 3446 deceptum
927 3387 1008 3439 esse,
1041 3369 1119 3445 quod
1147 3369 1210 3426 hec
1231 3387 1298 3426 cou-

234 3477 332 3536 iuucta
352 3487 420 3534 sunt
440 3495 504 3534 cum
527 3473 672 3532 mentione
693 3475 855 3550 legatorum
870 3475 901 3532 in
915 3475 1118 3533 Macedoniam
1133 3474 1297 3544 missorum,

234 3591 263 3640 et
283 3591 426 3659 prreterea
447 3581 554 3638 duritia
576 3580 731 3656 orationis;
755 3599 822 3638 nam
845 3599 882 3638 ex
904 3580 968 3638 illo:
998 3589 1126 3656 petros
1233 3580 1297 3637 mi·

234 3697 365 3744 serunt
388 3688 426 3744 ed
449 3687 572 3744 alterum
596 3687 756 3744 membrum
779 3686 895 3742 cuditur
925 3686 1192 3757 decreverunt,
1220 3686 1296 3761 quod

233 3810 324 3868 genus
357 3793 456 3867 figurae
479 3781 549 3853 u’rrd
575 3787 703 3861 κοινοῦ,
725 3801 757 3849 ut
778 3811 815 3849 ex
836 3792 921 3849 unius
943 3791 985 3849 rei
1003 3791 1125 3848 dacretae
1136 3791 1298 3866 pluriumve

233 3897 293 3953 suis
314 3897 412 3954 verbis
434 3897 711 3955 commemoratione
734 3907 867 3956 sumatur
897 3896 1059 3956 communis
1080 3895 1187 3954 decreti
1208 3895 1297 3972 signi·

235 3999 331 4055 ficatio
364 4001 402 4056 ed
425 4019 548 4074 eamque
570 4003 806 4060 accommodetur
832 4011 871 4060 ut
892 4001 1074 4072 coniunctio,
1110 4019 1169 4058 nou
1199 4017 1296 4058 rerum
