2800 4646
590 281 645 338 231
956 281 1013 329 Lib.
1032 279 1117 329 xx11.

87 463 331 521 iumentorum
354 464 489 522 itinere
512 471 589 520 toto
617 471 892 539 prostratorum
925 463 1051 521 acervi
1077 472 1153 520 taa-

89 579 178 638 tom,
206 570 301 643 quod
323 577 493 626 exstaret
523 587 632 643 aqua,
655 565 903 642 quaerentibus
926 568 969 624 ad
995 568 1152 643 quietem

89 674 196 749 parvi
225 671 404 747 temporis
436 673 683 730 neceesarium
723 672 843 729 cubile
880 673 1026 732 dabant.
1084 673 1153 730 Duo

90 789 214 852 apparet
235 777 372 852 distingui
392 778 590 852 requiescendi
622 795 745 852 genere,
779 795 867 852 super
899 779 1061 836 cumulatas
1091 798 1154 836 ser·

90 883 171 939 cines
194 895 223 940 et
244 901 331 957 super
351 883 543 940 iumentorum
567 883 727 950 cadavera3
760 881 811 938 sed
842 883 884 940 sic
912 893 1057 955 narratur,
1090 894 1154 942 tan·

91 1005 179 1060 quam
220 987 338 1058 iisdem,
369 988 419 1063 qui
442 989 571 1046 sarcinas
593 987 783 1058 currtularant,
816 987 945 1045 iumenta
966 990 1060 1048 cubile
1082 1009 1154 1066 prse-

91 1091 214 1150 buerint.
281 1093 347 1150 Hoc
383 1093 587 1150 animadverso
627 1092 767 1150 orationis
807 1091 878 1149 vitio
915 1095 1052 1152 Dukerus
1088 1105 1155 1152 ante

91 1197 335 1256 iumentorum
367 1199 526 1256 desiderari
553 1200 610 1256 vel
636 1199 768 1275 scripsit3
801 1198 1063 1270 Weissenbornius,
1086 1218 1154 1256 ora·

91 1303 199 1358 tionem
222 1303 283 1360 sine
305 1304 372 1361 alii
395 1305 440 1362 vel
456 1315 518 1361 aut
539 1305 610 1361 dure
633 1303 803 1361 continuari.
846 1303 992 1361 Nimirum
1007 1304 1036 1362 id
1059 1304 1153 1378 ipsum

90 1419 154 1464 aut
175 1408 382 1466 restituendum
405 1419 458 1478 est,
480 1410 668 1484 interceptum
693 1410 731 1465 ob
753 1409 838 1466 trium
862 1420 1057 1467 extremarum
1078 1409 1153 1466 litte-

90 1531 189 1570 rarum
226 1513 307 1572 verbi
341 1515 602 1573 incumbebant
632 1514 846 1588 similitudinem
872 1514 1154 1588 (incumbebant,

90 1630 154 1676 ant
175 1619 439 1696 iumentorum).
494 1619 581 1694 Quod
603 1628 742 1694 proeterea
765 1619 893 1676 dicturus
915 1638 1004 1688 eram,
1026 1619 1153 1676 scriben-

90 1725 159 1782 dum
194 1743 267 1795 esse,
302 1726 418 1783 sublata
448 1726 551 1783 litteras
586 1745 600 1785 s
634 1724 842 1798 geminatione:
882 1723 1081 1782 cumulatis
1117 1724 1153 1780 in

91 1848 188 1904 aqua
219 1830 394 1900 sarcinis,
423 1831 577 1908 occupavit
599 1829 758 1888 Finckhius
782 1827 933 1900 (Zeitschr.
958 1827 973 1884 f
1004 1828 1033 1889 d.
1055 1827 1154 1885 Alter·

90 1935 266 1992 thumswiss.
295 1937 371 1994 1855
394 1955 422 2012 p.
453 1939 532 2009 tes).
577 1936 618 1992 In
640 1953 754 2009 aquas
776 1933 917 1992 cumulari
943 1933 1068 1992 fortasse
1098 1933 1154 1990 dici

90 2049 220 2114 possent,
244 2059 308 2115 quae
326 2041 356 2096 in
387 2040 539 2098 conclusas
571 2059 662 2115 aquas
684 2042 721 2096 ad
743 2040 837 2096 locum
866 2047 958 2096 totum
981 2040 1154 2116 explendum

90 2144 316 2214 coniicerentur3
358 2165 422 2220 quas
460 2146 489 2202 in
528 2165 671 2220 aquarum
702 2145 829 2219 undique
858 2145 1153 2220 circumstrepentium

90 2250 199 2325 exiguo
222 2249 286 2308 loco
309 2262 489 2324 extruuntur,
520 2271 556 2308 ea
586 2252 619 2308 in
642 2270 739 2326 aqua
766 2251 957 2310 cumulantur.
1001 2251 1155 2307 Postremo

90 2354 223 2413 Creverii
253 2375 369 2432 quoque
398 2357 428 2413 in
459 2358 515 2414 hoo
536 2357 631 2432 capite
652 2357 752 2414 scitam
786 2355 1015 2412 emendationem
1039 2356 1156 2430 indigns

88 2461 253 2536 neglectam
277 2463 525 2532 commendemus;
557 2481 624 2520 nam
655 2481 745 2537 supra
775 2467 801 2530 (5
825 2465 868 2528 6),
898 2461 949 2518 ubi
969 2461 1030 2517 baen
1054 2460 1154 2534 legun·

89 2577 152 2625 tur:
175 2565 276 2624 Galli
298 2585 413 2641 neque
434 2568 617 2625 sustinere
647 2586 684 2624 se
705 2567 873 2643 prolapsi
895 2585 1010 2640 neque
1032 2583 1155 2622 assur·

89 2690 177 2747 gere
207 2691 250 2728 ex
281 2673 520 2747 voraginibus
553 2683 742 2749 poterent,
775 2674 799 2730 is
832 2671 989 2741 intellexit,
1023 2669 1154 2727 homines

89 2777 221 2834 nondum
244 2777 398 2853 prolapsos
420 2797 483 2835 sees
505 2779 645 2836 sustinere
667 2778 792 2848 studere,
826 2797 914 2852 quum
936 2776 1066 2853 prolapsi
1089 2775 1155 2846 sint,

89 2893 152 2939 tum
184 2899 350 2956 assurgere;
385 2883 482 2958 itaque
511 2884 590 2941 iacta
619 2883 845 2959 transpositione
872 2883 1053 2941 scribendum
1077 2899 1155 2939 esse:

90 3006 209 3064 neque
239 2989 421 3046 sustinere
451 3007 489 3046 se
522 3008 638 3064 neque
667 2987 835 3065 prolapsi
873 3007 1070 3064 assurgere
1100 2997 1154 3044 cet.

89 3093 244 3162 Immutati
278 3095 379 3151 eodem
407 3096 494 3152 modo
527 3095 707 3171 apertissime
738 3113 842 3152 vocum
869 3093 977 3152 ordinis
998 3095 1099 3169 (quum
1121 3092 1155 3148 li-

89 3199 207 3256 brarius
239 3199 376 3256 omissam
404 3200 528 3274 primum
560 3200 671 3258 incuria
703 3216 804 3254 vocem
835 3208 903 3273 post
923 3200 1087 3274 proximem
1112 3198 1154 3254 in·

90 3313 216 3374 sereret)
247 3303 276 3360 in
308 3304 458 3361 Puteaneo
488 3315 517 3362 et
546 3303 612 3362 inde
643 3305 672 3361 in
705 3303 807 3360 ceteris
839 3303 906 3374 (nisi
936 3304 985 3361 ubi
1015 3304 1155 3361 correctio

89 3407 227 3480 accessit)
250 3411 394 3484 permulta
416 3421 483 3468 sunt
505 3411 648 3486 exempla,
678 3410 807 3467 velutin
829 3409 885 3466 hoc
906 3408 971 3484 ipso
993 3409 1066 3466 libro
1089 3428 1113 3469 c.
1137 3410 1154 3466 8

90 3523 165 3570 extr.
197 3521 249 3581 (aa
281 3515 477 3589 penatibus
512 3533 577 3589 pro
601 3516 702 3582 urbe,
735 3533 823 3589 quum
854 3513 1036 3572 scribendum
1066 3521 1155 3570 esset:

88 3637 158 3696 pro
180 3619 270 3676 urbe
291 3638 331 3676 ac
352 3619 453 3695 pem),
485 3623 533 3690 tt,
568 3620 715 3695 (liband
738 3620 822 3693 quia
844 3620 951 3676 dubie
972 3639 1040 3695 pro:
1072 3618 1156 3693 quia

89 3727 121 3784 b.
144 3725 199 3798 d.),
222 3725 310 3794 tat
343 3723 472 3795 (solum
494 3743 563 3781 non
585 3745 654 3801 pro:
688 3745 715 3785 n.
739 3727 819 3786 solt
854 3736 883 3782 et
918 3729 951 3783 10
985 3724 1156 3802 (seinter

89 3847 161 3906 pro:
185 3830 282 3887 iuter
304 3826 363 3902 se),
393 3831 441 3899 35,
476 3833 631 3905 7(quem
652 3831 722 3888 iam
755 3849 824 3886 non
857 3841 983 3900 antea,
1017 3829 1094 3905 quod
1126 3827 1155 3884 in

88 3935 270 3994 editionibus
291 3935 438 4005 retinetur,
470 3954 647 4010 quamquam
673 3934 926 3994 Weissenbomius
947 3953 1070 4011 pravum
1094 3951 1157 3991 esse

85 4041 191 4110 sensit,
221 4059 289 4116 pro:
318 4059 418 4115 quem
441 4059 511 4098 non
534 4041 603 4098 iam
631 4037 766 4118 antea),
800 4042 854 4110 39,
888 4043 921 4098 17
946 4039 1058 4118 (cives
1083 4039 1156 4098 sibi
