<?xml version="1.0" encoding="UTF-8"?>
<!DOCTYPE html PUBLIC "-//W3C//DTD XHTML 1.0 Transitional//EN"
    "http://www.w3.org/TR/xhtml1/DTD/xhtml1-transitional.dtd">
<html xmlns="http://www.w3.org/1999/xhtml" xml:lang="en" lang="en">
 <head>
  <title>
</title>
<meta http-equiv="Content-Type" content="text/html;charset=utf-8" />
  <meta name='ocr-system' content='tesseract 3.04.00' />
  <meta name='ocr-capabilities' content='ocr_page ocr_carea ocr_par ocr_line ocrx_word'/>
</head>
<body>
  <div class='ocr_page' id='page_1' title='image "./emendationesliv02madvgoog_0372.png"; bbox 0 0 2810 4644; ppageno 0'>
   <div class='ocr_carea' id='block_1_1' title="bbox 601 253 660 311">
    <p class='ocr_par' dir='ltr' id='par_1_1' title="bbox 601 253 660 311">
     <span class='ocr_line' id='line_1_1' title="bbox 601 253 660 311; baseline 0.017 -1"><span class='ocrx_word' id='word_1_1' title='bbox 601 253 660 311; x_wconf 79' lang='grc'><strong>333</strong></span> 
     </span>
    </p>
   </div>
   <div class='ocr_carea' id='block_1_2' title="bbox 101 432 1167 4110">
    <p class='ocr_par' dir='ltr' id='par_1_2' title="bbox 101 432 1167 4110">
     <span class='ocr_line' id='line_1_2' title="bbox 101 432 1160 508; baseline -0.005 -13"><span class='ocrx_word' id='word_1_2' title='bbox 101 435 326 508; x_wconf 82' lang='lat' dir='ltr'><strong>AEtolorum,</strong></span> <span class='ocrx_word' id='word_1_3' title='bbox 350 449 410 496; x_wconf 85' lang='lat' dir='ltr'><strong>tum</strong></span> <span class='ocrx_word' id='word_1_4' title='bbox 432 437 462 495; x_wconf 91' lang='lat' dir='ltr'><strong>in</strong></span> <span class='ocrx_word' id='word_1_5' title='bbox 484 437 655 508; x_wconf 77' lang='lat' dir='ltr'>XXXVII,</span> <span class='ocrx_word' id='word_1_6' title='bbox 678 437 726 506; x_wconf 79' lang='grc'><strong>18,</strong></span> <span class='ocrx_word' id='word_1_7' title='bbox 753 437 771 492; x_wconf 84' lang='grc'>6</span> <span class='ocrx_word' id='word_1_8' title='bbox 793 433 975 491; x_wconf 88' lang='lat' dir='ltr'><strong>substitutum</strong></span> <span class='ocrx_word' id='word_1_9' title='bbox 998 432 1160 490; x_wconf 88' lang='lat' dir='ltr'><strong>subiecit</strong></span> 
     </span>
     <span class='ocr_line' id='line_1_3' title="bbox 101 538 1158 618; baseline -0.004 -19"><span class='ocrx_word' id='word_1_10' title='bbox 101 561 157 618; x_wconf 92' lang='lat' dir='ltr'><strong>pro</strong></span> <span class='ocrx_word' id='word_1_11' title='bbox 180 544 348 601; x_wconf 86' lang='lat' dir='ltr'><strong>subtexit</strong></span> <span class='ocrx_word' id='word_1_12' title='bbox 370 555 398 601; x_wconf 93' lang='lat' dir='ltr'><strong>et</strong></span> <span class='ocrx_word' id='word_1_13' title='bbox 418 543 574 614; x_wconf 86' lang='lat' dir='ltr'>XXXIX,</span> <span class='ocrx_word' id='word_1_14' title='bbox 607 547 636 613; x_wconf 77' lang='grc'><strong>1,</strong></span> <span class='ocrx_word' id='word_1_15' title='bbox 669 539 911 600; x_wconf 81' lang='lat' dir='ltr'><strong>8nctissimre</strong></span> <span class='ocrx_word' id='word_1_16' title='bbox 931 559 985 616; x_wconf 87' lang='lat' dir='ltr'><strong>pro</strong></span> <span class='ocrx_word' id='word_1_17' title='bbox 1007 538 1158 596; x_wconf 88' lang='lat' dir='ltr'><strong>nobilis-</strong></span> 
     </span>
     <span class='ocr_line' id='line_1_4' title="bbox 102 645 1157 725; baseline -0.005 -19"><span class='ocrx_word' id='word_1_18' title='bbox 102 649 229 721; x_wconf 79' lang='lat' dir='ltr'><strong>sImae)‚</strong></span> <span class='ocrx_word' id='word_1_19' title='bbox 251 649 355 708; x_wconf 64' lang='lat' dir='ltr'><strong>duride</strong></span> <span class='ocrx_word' id='word_1_20' title='bbox 377 649 503 725; x_wconf 80' lang='lat' dir='ltr'><strong>antiqnae</strong></span> <span class='ocrx_word' id='word_1_21' title='bbox 527 657 556 706; x_wconf 89' lang='lat' dir='ltr'><strong>et</strong></span> <span class='ocrx_word' id='word_1_22' title='bbox 570 665 647 705; x_wconf 78' lang='lat' dir='ltr'><strong>verae</strong></span> <span class='ocrx_word' id='word_1_23' title='bbox 660 647 808 722; x_wconf 73' lang='lat' dir='ltr'><strong>scripturae</strong></span> <span class='ocrx_word' id='word_1_24' title='bbox 826 646 856 702; x_wconf 90' lang='lat' dir='ltr'><strong>in</strong></span> <span class='ocrx_word' id='word_1_25' title='bbox 873 645 1081 722; x_wconf 87' lang='lat' dir='ltr'><strong>Bambergensi</strong></span> <span class='ocrx_word' id='word_1_26' title='bbox 1097 663 1157 702; x_wconf 88' lang='lat' dir='ltr'><strong>ser·</strong></span> 
     </span>
     <span class='ocr_line' id='line_1_5' title="bbox 101 751 1159 829; baseline -0.004 -18"><span class='ocrx_word' id='word_1_27' title='bbox 101 763 187 824; x_wconf 72' lang='lat' dir='ltr'><strong>vate,</strong></span> <span class='ocrx_word' id='word_1_28' title='bbox 199 771 264 829; x_wconf 74' lang='lat' dir='ltr'><strong>qnae</strong></span> <span class='ocrx_word' id='word_1_29' title='bbox 276 754 305 811; x_wconf 93' lang='lat' dir='ltr'><strong>in</strong></span> <span class='ocrx_word' id='word_1_30' title='bbox 316 754 489 829; x_wconf 86' lang='lat' dir='ltr'><strong>Moguntino</strong></span> <span class='ocrx_word' id='word_1_31' title='bbox 502 773 560 812; x_wconf 93' lang='lat' dir='ltr'><strong>non</strong></span> <span class='ocrx_word' id='word_1_32' title='bbox 573 751 697 811; x_wconf 86' lang='lat' dir='ltr'><strong>inerunt.</strong></span> <span class='ocrx_word' id='word_1_33' title='bbox 719 752 904 826; x_wconf 77' lang='lat' dir='ltr'><strong>Quamquam</strong></span> <span class='ocrx_word' id='word_1_34' title='bbox 915 752 989 810; x_wconf 90' lang='lat' dir='ltr'><strong>enim</strong></span> <span class='ocrx_word' id='word_1_35' title='bbox 1001 751 1159 828; x_wconf 74' lang='lat' dir='ltr'><strong>permultae,</strong></span> 
     </span>
     <span class='ocr_line' id='line_1_6' title="bbox 102 857 1160 935; baseline -0.002 -19"><span class='ocrx_word' id='word_1_36' title='bbox 102 877 169 934; x_wconf 80' lang='lat' dir='ltr'><strong>ques</strong></span> <span class='ocrx_word' id='word_1_37' title='bbox 188 877 265 917; x_wconf 89' lang='lat' dir='ltr'><strong>nunc</strong></span> <span class='ocrx_word' id='word_1_38' title='bbox 291 879 307 917; x_wconf 91' lang='lat' dir='ltr'><strong>e</strong></span> <span class='ocrx_word' id='word_1_39' title='bbox 336 859 399 918; x_wconf 90' lang='lat' dir='ltr'><strong>solo</strong></span> <span class='ocrx_word' id='word_1_40' title='bbox 429 859 638 935; x_wconf 87' lang='lat' dir='ltr'><strong>Bambergensi</strong></span> <span class='ocrx_word' id='word_1_41' title='bbox 666 867 817 925; x_wconf 81' lang='lat' dir='ltr'><strong>notantur,</strong></span> <span class='ocrx_word' id='word_1_42' title='bbox 849 857 889 915; x_wconf 92' lang='lat' dir='ltr'><strong>ibi</strong></span> <span class='ocrx_word' id='word_1_43' title='bbox 912 875 976 916; x_wconf 87' lang='lat' dir='ltr'><strong>esse</strong></span> <span class='ocrx_word' id='word_1_44' title='bbox 1003 867 1160 935; x_wconf 88' lang='lat' dir='ltr'><strong>potuerunt</strong></span> 
     </span>
     <span class='ocr_line' id='line_1_7' title="bbox 102 963 1157 1042; baseline -0.002 -22"><span class='ocrx_word' id='word_1_45' title='bbox 102 964 197 1036; x_wconf 82' lang='lat' dir='ltr'><strong>(velot</strong></span> <span class='ocrx_word' id='word_1_46' title='bbox 227 965 298 1042; x_wconf 79' lang='lat' dir='ltr'><strong>ipsae</strong></span> <span class='ocrx_word' id='word_1_47' title='bbox 323 965 378 1024; x_wconf 76' lang='lat' dir='ltr'><strong>ille</strong></span> <span class='ocrx_word' id='word_1_48' title='bbox 410 966 440 1022; x_wconf 91' lang='lat' dir='ltr'><strong>in</strong></span> <span class='ocrx_word' id='word_1_49' title='bbox 460 965 541 1022; x_wconf 89' lang='lat' dir='ltr'><strong>initio</strong></span> <span class='ocrx_word' id='word_1_50' title='bbox 569 964 635 1022; x_wconf 83' lang='lat' dir='ltr'>libri</span> <span class='ocrx_word' id='word_1_51' title='bbox 665 963 809 1022; x_wconf 89' lang='lat' dir='ltr'>XXXIV</span> <span class='ocrx_word' id='word_1_52' title='bbox 836 964 988 1038; x_wconf 69' lang='lat' dir='ltr'><strong>gemmule</strong></span> <span class='ocrx_word' id='word_1_53' title='bbox 1014 982 1038 1020; x_wconf 89' lang='lat' dir='ltr'><strong>c.</strong></span> <span class='ocrx_word' id='word_1_54' title='bbox 1063 965 1096 1032; x_wconf 91' lang='grc'><strong>2,</strong></span> <span class='ocrx_word' id='word_1_55' title='bbox 1122 965 1157 1019; x_wconf 87' lang='lat'><strong>10</strong></span> 
     </span>
     <span class='ocr_line' id='line_1_8' title="bbox 102 1065 1158 1142; baseline -0.004 -14"><span class='ocrx_word' id='word_1_56' title='bbox 102 1071 182 1128; x_wconf 84' lang='lat' dir='ltr'><strong>elne</strong></span> <span class='ocrx_word' id='word_1_57' title='bbox 204 1080 326 1130; x_wconf 88' lang='lat' dir='ltr'><strong>tutore</strong></span> <span class='ocrx_word' id='word_1_58' title='bbox 347 1083 511 1141; x_wconf 87' lang='lat' dir='ltr'><strong>auctore,</strong></span> <span class='ocrx_word' id='word_1_59' title='bbox 544 1089 569 1128; x_wconf 90' lang='lat' dir='ltr'><strong>c.</strong></span> <span class='ocrx_word' id='word_1_60' title='bbox 593 1075 620 1139; x_wconf 77' lang='lat' dir='ltr'><strong>l,</strong></span> <span class='ocrx_word' id='word_1_61' title='bbox 658 1073 693 1128; x_wconf 88' lang='grc'><strong>18</strong></span> <span class='ocrx_word' id='word_1_62' title='bbox 726 1069 935 1126; x_wconf 75' lang='lat' dir='ltr'><strong>exorabilis</strong></span> <span class='ocrx_word' id='word_1_63' title='bbox 957 1087 994 1126; x_wconf 88' lang='lat' dir='ltr'><strong>es</strong></span> <span class='ocrx_word' id='word_1_64' title='bbox 1016 1077 1045 1126; x_wconf 88' lang='lat' dir='ltr'><strong>et</strong></span> <span class='ocrx_word' id='word_1_65' title='bbox 1071 1065 1158 1142; x_wconf 82' lang='lat' dir='ltr'><strong>alite),</strong></span> 
     </span>
     <span class='ocr_line' id='line_1_9' title="bbox 101 1173 1160 1251; baseline -0.005 -17"><span class='ocrx_word' id='word_1_66' title='bbox 101 1177 303 1251; x_wconf 84' lang='lat' dir='ltr'><strong>relinquuntur</strong></span> <span class='ocrx_word' id='word_1_67' title='bbox 323 1187 419 1233; x_wconf 88' lang='lat' dir='ltr'><strong>tamen</strong></span> <span class='ocrx_word' id='word_1_68' title='bbox 438 1176 510 1247; x_wconf 80' lang='lat' dir='ltr'><strong>eliae,</strong></span> <span class='ocrx_word' id='word_1_69' title='bbox 531 1176 560 1233; x_wconf 92' lang='lat' dir='ltr'><strong>in</strong></span> <span class='ocrx_word' id='word_1_70' title='bbox 583 1177 686 1251; x_wconf 85' lang='lat' dir='ltr'><strong>quibus</strong></span> <span class='ocrx_word' id='word_1_71' title='bbox 707 1176 832 1234; x_wconf 84' lang='lat' dir='ltr'><strong>dubitari</strong></span> <span class='ocrx_word' id='word_1_72' title='bbox 845 1185 980 1249; x_wconf 81' lang='lat' dir='ltr'>nequeat,</span> <span class='ocrx_word' id='word_1_73' title='bbox 997 1185 1029 1231; x_wconf 91' lang='lat' dir='ltr'><strong>ut</strong></span> <span class='ocrx_word' id='word_1_74' title='bbox 1042 1173 1160 1248; x_wconf 87' lang='lat' dir='ltr'><strong>egregia</strong></span> 
     </span>
     <span class='ocr_line' id='line_1_10' title="bbox 101 1280 1160 1358; baseline -0.004 -20"><span class='ocrx_word' id='word_1_75' title='bbox 101 1281 154 1339; x_wconf 85' lang='lat' dir='ltr'><strong>illa</strong></span> <span class='ocrx_word' id='word_1_76' title='bbox 169 1281 198 1339; x_wconf 93' lang='lat' dir='ltr'><strong>in</strong></span> <span class='ocrx_word' id='word_1_77' title='bbox 221 1283 356 1352; x_wconf 82' lang='lat' dir='ltr'>XXXV,</span> <span class='ocrx_word' id='word_1_78' title='bbox 378 1283 427 1352; x_wconf 89' lang='grc'><strong>25,</strong></span> <span class='ocrx_word' id='word_1_79' title='bbox 450 1285 482 1339; x_wconf 83' lang='lat'><strong>3:</strong></span> <span class='ocrx_word' id='word_1_80' title='bbox 504 1281 689 1358; x_wconf 81' lang='lat' dir='ltr'>regionem</span> <span class='ocrx_word' id='word_1_81' title='bbox 712 1281 866 1338; x_wconf 88' lang='lat' dir='ltr'><strong>maxime</strong></span> <span class='ocrx_word' id='word_1_82' title='bbox 885 1280 983 1338; x_wconf 79' lang='lat' dir='ltr'><strong>Oetae</strong></span> <span class='ocrx_word' id='word_1_83' title='bbox 1006 1289 1160 1358; x_wconf 76' lang='lat' dir='ltr'><strong>spectat,</strong></span> 
     </span>
     <span class='ocr_line' id='line_1_11' title="bbox 102 1385 1160 1466; baseline -0.005 -19"><span class='ocrx_word' id='word_1_84' title='bbox 102 1389 240 1466; x_wconf 92' lang='lat' dir='ltr'><strong>oppido</strong></span> <span class='ocrx_word' id='word_1_85' title='bbox 264 1407 367 1463; x_wconf 85' lang='lat' dir='ltr'><strong>quem</strong></span> <span class='ocrx_word' id='word_1_86' title='bbox 391 1389 501 1444; x_wconf 82' lang='lat' dir='ltr'><strong>breve</strong></span> <span class='ocrx_word' id='word_1_87' title='bbox 527 1387 779 1456; x_wconf 86' lang='lat' dir='ltr'><strong>intervallum,</strong></span> <span class='ocrx_word' id='word_1_88' title='bbox 810 1387 859 1444; x_wconf 90' lang='lat' dir='ltr'><strong>ubi</strong></span> <span class='ocrx_word' id='word_1_89' title='bbox 881 1385 1019 1444; x_wconf 78' lang='lat' dir='ltr'><strong>Gelenius</strong></span> <span class='ocrx_word' id='word_1_90' title='bbox 1040 1385 1069 1441; x_wconf 95' lang='lat' dir='ltr'><strong>in</strong></span> <span class='ocrx_word' id='word_1_91' title='bbox 1094 1385 1160 1442; x_wconf 90' lang='lat' dir='ltr'><strong>Mo-</strong></span> 
     </span>
     <span class='ocr_line' id='line_1_12' title="bbox 101 1492 1161 1571; baseline -0.005 -19"><span class='ocrx_word' id='word_1_92' title='bbox 101 1495 224 1571; x_wconf 89' lang='lat' dir='ltr'><strong>guntino</strong></span> <span class='ocrx_word' id='word_1_93' title='bbox 244 1503 366 1552; x_wconf 84' lang='lat' dir='ltr'><strong>testatur</strong></span> <span class='ocrx_word' id='word_1_94' title='bbox 387 1511 464 1550; x_wconf 85' lang='lat' dir='ltr'><strong>esse:</strong></span> <span class='ocrx_word' id='word_1_95' title='bbox 499 1494 681 1569; x_wconf 79' lang='lat' dir='ltr'><strong>regionem</strong></span> <span class='ocrx_word' id='word_1_96' title='bbox 716 1513 757 1552; x_wconf 88' lang='lat' dir='ltr'><strong>ee</strong></span> <span class='ocrx_word' id='word_1_97' title='bbox 787 1492 941 1549; x_wconf 87' lang='lat' dir='ltr'><strong>maxime</strong></span> <span class='ocrx_word' id='word_1_98' title='bbox 972 1492 1161 1566; x_wconf 78' lang='lat' dir='ltr'><strong>despectet</strong></span> 
     </span>
     <span class='ocr_line' id='line_1_13' title="bbox 102 1596 1160 1677; baseline -0.004 -20"><span class='ocrx_word' id='word_1_99' title='bbox 102 1601 375 1677; x_wconf 68' lang='lat' dir='ltr'><strong>oppidumque</strong></span> <span class='ocrx_word' id='word_1_100' title='bbox 397 1599 506 1657; x_wconf 87' lang='lat' dir='ltr'><strong>breve</strong></span> <span class='ocrx_word' id='word_1_101' title='bbox 523 1599 776 1672; x_wconf 83' lang='lat' dir='ltr'><strong>intervallum).</strong></span> <span class='ocrx_word' id='word_1_102' title='bbox 798 1601 952 1658; x_wconf 87' lang='lat' dir='ltr'><strong>Postremo</strong></span> <span class='ocrx_word' id='word_1_103' title='bbox 974 1597 1050 1654; x_wconf 90' lang='lat' dir='ltr'><strong>idem</strong></span> <span class='ocrx_word' id='word_1_104' title='bbox 1064 1596 1160 1654; x_wconf 85' lang='lat' dir='ltr'><strong>decla-</strong></span> 
     </span>
     <span class='ocr_line' id='line_1_14' title="bbox 101 1701 1162 1780; baseline -0.006 -16"><span class='ocrx_word' id='word_1_105' title='bbox 101 1717 171 1764; x_wconf 89' lang='lat' dir='ltr'><strong>rant</strong></span> <span class='ocrx_word' id='word_1_106' title='bbox 188 1715 300 1763; x_wconf 87' lang='lat' dir='ltr'><strong>retenta</strong></span> <span class='ocrx_word' id='word_1_107' title='bbox 321 1705 447 1762; x_wconf 87' lang='lat' dir='ltr'><strong>maxime</strong></span> <span class='ocrx_word' id='word_1_108' title='bbox 460 1704 488 1761; x_wconf 92' lang='lat' dir='ltr'><strong>in</strong></span> <span class='ocrx_word' id='word_1_109' title='bbox 506 1705 580 1762; x_wconf 87' lang='lat' dir='ltr'><strong>libro</strong></span> <span class='ocrx_word' id='word_1_110' title='bbox 592 1704 737 1762; x_wconf 82' lang='lat' dir='ltr'>XXXIII</span> <span class='ocrx_word' id='word_1_111' title='bbox 749 1704 841 1780; x_wconf 75' lang='lat' dir='ltr'><strong>plura,</strong></span> <span class='ocrx_word' id='word_1_112' title='bbox 854 1722 917 1778; x_wconf 82' lang='lat' dir='ltr'><strong>quas</strong></span> <span class='ocrx_word' id='word_1_113' title='bbox 938 1704 966 1760; x_wconf 93' lang='lat' dir='ltr'><strong>in</strong></span> <span class='ocrx_word' id='word_1_114' title='bbox 989 1701 1162 1778; x_wconf 76' lang='lat' dir='ltr'><strong>lloguntino</strong></span> 
     </span>
     <span class='ocr_line' id='line_1_15' title="bbox 102 1809 1158 1888; baseline -0.005 -18"><span class='ocrx_word' id='word_1_115' title='bbox 102 1813 285 1881; x_wconf 79' lang='lat' dir='ltr'><strong>exciderent3</strong></span> <span class='ocrx_word' id='word_1_116' title='bbox 297 1809 429 1888; x_wconf 87' lang='lat' dir='ltr'><strong>(collegit</strong></span> <span class='ocrx_word' id='word_1_117' title='bbox 440 1829 475 1868; x_wconf 85' lang='lat' dir='ltr'><strong>ee</strong></span> <span class='ocrx_word' id='word_1_118' title='bbox 485 1809 669 1886; x_wconf 85' lang='lat' dir='ltr'><strong>Kreyssigius</strong></span> <span class='ocrx_word' id='word_1_119' title='bbox 687 1809 767 1885; x_wconf 80' lang='lat' dir='ltr'><strong>praef.</strong></span> <span class='ocrx_word' id='word_1_120' title='bbox 784 1830 813 1887; x_wconf 88' lang='lat' dir='ltr'><strong>p.</strong></span> <span class='ocrx_word' id='word_1_121' title='bbox 836 1809 892 1886; x_wconf 85' lang='lat' dir='ltr'><strong>X).</strong></span> <span class='ocrx_word' id='word_1_122' title='bbox 981 1809 1054 1868; x_wconf 86' lang='lat' dir='ltr'><strong>Cum</strong></span> <span class='ocrx_word' id='word_1_123' title='bbox 1070 1809 1158 1866; x_wconf 89' lang='lat' dir='ltr'><strong>Bam·</strong></span> 
     </span>
     <span class='ocr_line' id='line_1_16' title="bbox 102 1915 1162 1992; baseline -0.004 -17"><span class='ocrx_word' id='word_1_124' title='bbox 102 1916 239 1992; x_wconf 84' lang='lat' dir='ltr'><strong>bergensi</strong></span> <span class='ocrx_word' id='word_1_125' title='bbox 266 1916 306 1973; x_wconf 86' lang='lat' dir='ltr'><strong>ite</strong></span> <span class='ocrx_word' id='word_1_126' title='bbox 328 1916 539 1991; x_wconf 85' lang='lat' dir='ltr'><strong>coniunguntur</strong></span> <span class='ocrx_word' id='word_1_127' title='bbox 564 1915 677 1973; x_wconf 86' lang='lat' dir='ltr'><strong>codices</strong></span> <span class='ocrx_word' id='word_1_128' title='bbox 705 1917 849 1992; x_wconf 77' lang='lat' dir='ltr'><strong>vulgares,</strong></span> <span class='ocrx_word' id='word_1_129' title='bbox 880 1927 912 1973; x_wconf 88' lang='lat' dir='ltr'><strong>ut</strong></span> <span class='ocrx_word' id='word_1_130' title='bbox 940 1925 1082 1992; x_wconf 77' lang='lat' dir='ltr'><strong>appareat</strong></span> <span class='ocrx_word' id='word_1_131' title='bbox 1110 1931 1162 1972; x_wconf 86' lang='lat' dir='ltr'><strong>eos</strong></span> 
     </span>
     <span class='ocr_line' id='line_1_17' title="bbox 101 2021 1163 2098; baseline -0.003 -19"><span class='ocrx_word' id='word_1_132' title='bbox 101 2039 163 2079; x_wconf 87' lang='lat' dir='ltr'><strong>non</strong></span> <span class='ocrx_word' id='word_1_133' title='bbox 184 2039 221 2078; x_wconf 82' lang='lat' dir='ltr'><strong>ex</strong></span> <span class='ocrx_word' id='word_1_134' title='bbox 248 2021 312 2097; x_wconf 88' lang='lat' dir='ltr'><strong>ipso</strong></span> <span class='ocrx_word' id='word_1_135' title='bbox 334 2021 558 2098; x_wconf 81' lang='lat' dir='ltr'><strong>Bombergansi‚</strong></span> <span class='ocrx_word' id='word_1_136' title='bbox 591 2021 642 2080; x_wconf 84' lang='lat' dir='ltr'><strong>sed</strong></span> <span class='ocrx_word' id='word_1_137' title='bbox 674 2041 712 2079; x_wconf 85' lang='lat' dir='ltr'><strong>ex</strong></span> <span class='ocrx_word' id='word_1_138' title='bbox 742 2023 800 2080; x_wconf 84' lang='lat' dir='ltr'><strong>elio</strong></span> <span class='ocrx_word' id='word_1_139' title='bbox 830 2022 915 2080; x_wconf 88' lang='lat' dir='ltr'><strong>simili</strong></span> <span class='ocrx_word' id='word_1_140' title='bbox 938 2033 1018 2079; x_wconf 86' lang='lat' dir='ltr'><strong>ortos</strong></span> <span class='ocrx_word' id='word_1_141' title='bbox 1050 2039 1113 2078; x_wconf 89' lang='lat' dir='ltr'><strong>esee</strong></span> <span class='ocrx_word' id='word_1_142' title='bbox 1134 2029 1163 2077; x_wconf 89' lang='lat' dir='ltr'><strong>et</strong></span> 
     </span>
     <span class='ocr_line' id='line_1_18' title="bbox 101 2127 1163 2204; baseline -0.002 -20"><span class='ocrx_word' id='word_1_143' title='bbox 101 2127 210 2185; x_wconf 85' lang='lat' dir='ltr'><strong>sensim</strong></span> <span class='ocrx_word' id='word_1_144' title='bbox 232 2127 429 2203; x_wconf 76' lang='lat' dir='ltr'><strong>degenerasse.</strong></span> <span class='ocrx_word' id='word_1_145' title='bbox 474 2127 532 2188; x_wconf 85' lang='lat' dir='ltr'><strong>Sed</strong></span> <span class='ocrx_word' id='word_1_146' title='bbox 553 2127 582 2184; x_wconf 89' lang='lat' dir='ltr'><strong>in</strong></span> <span class='ocrx_word' id='word_1_147' title='bbox 604 2128 748 2185; x_wconf 89' lang='lat' dir='ltr'><strong>communi</strong></span> <span class='ocrx_word' id='word_1_148' title='bbox 768 2129 818 2185; x_wconf 94' lang='lat' dir='ltr'><strong>illo</strong></span> <span class='ocrx_word' id='word_1_149' title='bbox 838 2138 968 2204; x_wconf 85' lang='lat' dir='ltr'><strong>parente,</strong></span> <span class='ocrx_word' id='word_1_150' title='bbox 995 2146 1032 2184; x_wconf 86' lang='lat' dir='ltr'><strong>ex</strong></span> <span class='ocrx_word' id='word_1_151' title='bbox 1054 2145 1111 2200; x_wconf 92' lang='lat' dir='ltr'><strong>quo</strong></span> <span class='ocrx_word' id='word_1_152' title='bbox 1133 2135 1163 2182; x_wconf 92' lang='lat' dir='ltr'><strong>et</strong></span> 
     </span>
     <span class='ocr_line' id='line_1_19' title="bbox 102 2232 1160 2309; baseline -0.005 -17"><span class='ocrx_word' id='word_1_153' title='bbox 102 2233 330 2308; x_wconf 86' lang='lat' dir='ltr'><strong>Bembergensie</strong></span> <span class='ocrx_word' id='word_1_154' title='bbox 352 2243 380 2290; x_wconf 87' lang='lat' dir='ltr'><strong>et</strong></span> <span class='ocrx_word' id='word_1_155' title='bbox 409 2233 583 2291; x_wconf 78' lang='lat' dir='ltr'><strong>deteriorum</strong></span> <span class='ocrx_word' id='word_1_156' title='bbox 610 2233 742 2309; x_wconf 89' lang='lat' dir='ltr'><strong>princeps</strong></span> <span class='ocrx_word' id='word_1_157' title='bbox 764 2234 943 2303; x_wconf 79' lang='lat' dir='ltr'><strong>ductisunt,</strong></span> <span class='ocrx_word' id='word_1_158' title='bbox 969 2233 1028 2290; x_wconf 88' lang='lat' dir='ltr'><strong>iem</strong></span> <span class='ocrx_word' id='word_1_159' title='bbox 1049 2232 1160 2289; x_wconf 90' lang='lat' dir='ltr'><strong>initium</strong></span> 
     </span>
     <span class='ocr_line' id='line_1_20' title="bbox 102 2338 1161 2416; baseline -0.004 -19"><span class='ocrx_word' id='word_1_160' title='bbox 102 2339 213 2398; x_wconf 84' lang='lat' dir='ltr'><strong>iactum</strong></span> <span class='ocrx_word' id='word_1_161' title='bbox 255 2351 318 2396; x_wconf 85' lang='lat' dir='ltr'><strong>eret</strong></span> <span class='ocrx_word' id='word_1_162' title='bbox 353 2339 478 2416; x_wconf 83' lang='lat' dir='ltr'><strong>propriae</strong></span> <span class='ocrx_word' id='word_1_163' title='bbox 518 2339 666 2396; x_wconf 76' lang='lat' dir='ltr'><strong>cniusdam</strong></span> <span class='ocrx_word' id='word_1_164' title='bbox 706 2338 788 2396; x_wconf 83' lang='lat' dir='ltr'><strong>labis.</strong></span> <span class='ocrx_word' id='word_1_165' title='bbox 842 2343 889 2397; x_wconf 89' lang='lat' dir='ltr'><strong>Ac</strong></span> <span class='ocrx_word' id='word_1_166' title='bbox 933 2338 1161 2396; x_wconf 87' lang='lat' dir='ltr'><strong>coniunctionem</strong></span> 
     </span>
     <span class='ocr_line' id='line_1_21' title="bbox 105 2443 1163 2522; baseline -0.004 -18"><span class='ocrx_word' id='word_1_167' title='bbox 105 2446 222 2522; x_wconf 89' lang='lat' dir='ltr'><strong>quidem</strong></span> <span class='ocrx_word' id='word_1_168' title='bbox 246 2447 321 2503; x_wconf 90' lang='lat' dir='ltr'><strong>hanc</strong></span> <span class='ocrx_word' id='word_1_169' title='bbox 342 2446 474 2520; x_wconf 90' lang='lat' dir='ltr'><strong>labisqne</strong></span> <span class='ocrx_word' id='word_1_170' title='bbox 496 2446 724 2503; x_wconf 87' lang='lat' dir='ltr'><strong>communionem</strong></span> <span class='ocrx_word' id='word_1_171' title='bbox 740 2445 938 2502; x_wconf 86' lang='lat' dir='ltr'><strong>demonstrant</strong></span> <span class='ocrx_word' id='word_1_172' title='bbox 950 2463 1037 2518; x_wconf 91' lang='lat' dir='ltr'><strong>quum</strong></span> <span class='ocrx_word' id='word_1_173' title='bbox 1053 2443 1163 2502; x_wconf 78' lang='lat' dir='ltr'><strong>lucusta</strong></span> 
     </span>
     <span class='ocr_line' id='line_1_22' title="bbox 103 2549 1162 2627; baseline -0.005 -17"><span class='ocrx_word' id='word_1_174' title='bbox 103 2553 319 2627; x_wconf 83' lang='lat' dir='ltr'><strong>verborumque</strong></span> <span class='ocrx_word' id='word_1_175' title='bbox 348 2551 518 2610; x_wconf 87' lang='lat' dir='ltr'><strong>omissiones</strong></span> <span class='ocrx_word' id='word_1_176' title='bbox 552 2555 625 2625; x_wconf 92' lang='lat' dir='ltr'><strong>(quo</strong></span> <span class='ocrx_word' id='word_1_177' title='bbox 657 2568 762 2626; x_wconf 83' lang='lat' dir='ltr'><strong>genere</strong></span> <span class='ocrx_word' id='word_1_178' title='bbox 796 2549 857 2606; x_wconf 84' lang='lat' dir='ltr'><strong>vitii</strong></span> <span class='ocrx_word' id='word_1_179' title='bbox 885 2549 932 2605; x_wconf 87' lang='lat' dir='ltr'><strong>vel</strong></span> <span class='ocrx_word' id='word_1_180' title='bbox 953 2551 1078 2608; x_wconf 83' lang='lat' dir='ltr'><strong>maxime</strong></span> <span class='ocrx_word' id='word_1_181' title='bbox 1100 2549 1162 2606; x_wconf 84' lang='lat' dir='ltr'><strong>vul·</strong></span> 
     </span>
     <span class='ocr_line' id='line_1_23' title="bbox 103 2655 1163 2734; baseline -0.005 -19"><span class='ocrx_word' id='word_1_182' title='bbox 103 2675 192 2734; x_wconf 80' lang='lat' dir='ltr'><strong>geres</strong></span> <span class='ocrx_word' id='word_1_183' title='bbox 212 2657 393 2734; x_wconf 87' lang='lat' dir='ltr'><strong>premuntur)</strong></span> <span class='ocrx_word' id='word_1_184' title='bbox 415 2657 512 2715; x_wconf 76' lang='lat' dir='ltr'><strong>multae</strong></span> <span class='ocrx_word' id='word_1_185' title='bbox 538 2657 702 2732; x_wconf 87' lang='lat' dir='ltr'><strong>partimque</strong></span> <span class='ocrx_word' id='word_1_186' title='bbox 733 2656 858 2731; x_wconf 87' lang='lat' dir='ltr'><strong>insignes</strong></span> <span class='ocrx_word' id='word_1_187' title='bbox 886 2655 1112 2731; x_wconf 85' lang='lat' dir='ltr'><strong>Bambergensis</strong></span> <span class='ocrx_word' id='word_1_188' title='bbox 1135 2663 1163 2711; x_wconf 92' lang='lat' dir='ltr'><strong>et</strong></span> 
     </span>
     <span class='ocr_line' id='line_1_24' title="bbox 102 2762 1164 2839; baseline -0.003 -19"><span class='ocrx_word' id='word_1_189' title='bbox 102 2763 269 2839; x_wconf 81' lang='lat' dir='ltr'><strong>vulgarium</strong></span> <span class='ocrx_word' id='word_1_190' title='bbox 292 2781 467 2833; x_wconf 82' lang='lat' dir='ltr'><strong>communes,</strong></span> <span class='ocrx_word' id='word_1_191' title='bbox 497 2781 561 2838; x_wconf 75' lang='lat' dir='ltr'><strong>quse</strong></span> <span class='ocrx_word' id='word_1_192' title='bbox 590 2783 626 2820; x_wconf 84' lang='lat' dir='ltr'><strong>ex</strong></span> <span class='ocrx_word' id='word_1_193' title='bbox 650 2762 713 2820; x_wconf 89' lang='lat' dir='ltr'><strong>solo</strong></span> <span class='ocrx_word' id='word_1_194' title='bbox 734 2762 906 2838; x_wconf 84' lang='lat' dir='ltr'><strong>Mogumino</strong></span> <span class='ocrx_word' id='word_1_195' title='bbox 937 2762 1059 2838; x_wconf 70' lang='lat' dir='ltr'><strong>explete</strong></span> <span class='ocrx_word' id='word_1_196' title='bbox 1087 2772 1164 2832; x_wconf 71' lang='lat' dir='ltr'><strong>sunt,</strong></span> 
     </span>
     <span class='ocr_line' id='line_1_25' title="bbox 101 2867 1164 2946; baseline -0.004 -19"><span class='ocrx_word' id='word_1_197' title='bbox 101 2870 235 2928; x_wconf 85' lang='lat' dir='ltr'><strong>velutin</strong></span> <span class='ocrx_word' id='word_1_198' title='bbox 257 2870 315 2927; x_wconf 93' lang='lat' dir='ltr'><strong>XL</strong></span> <span class='ocrx_word' id='word_1_199' title='bbox 336 2869 437 2946; x_wconf 87' lang='lat' dir='ltr'><strong>primis</strong></span> <span class='ocrx_word' id='word_1_200' title='bbox 466 2869 608 2946; x_wconf 79' lang='lat' dir='ltr'><strong>capitibus</strong></span> <span class='ocrx_word' id='word_1_201' title='bbox 634 2867 699 2925; x_wconf 92' lang='lat' dir='ltr'><strong>libri</strong></span> <span class='ocrx_word' id='word_1_202' title='bbox 729 2867 872 2926; x_wconf 90' lang='lat' dir='ltr'>XXXIV</span> <span class='ocrx_word' id='word_1_203' title='bbox 894 2869 954 2925; x_wconf 83' lang='lat' dir='ltr'><strong>hae:</strong></span> <span class='ocrx_word' id='word_1_204' title='bbox 980 2867 1009 2924; x_wconf 93' lang='lat' dir='ltr'><strong>in</strong></span> <span class='ocrx_word' id='word_1_205' title='bbox 1040 2885 1104 2943; x_wconf 84' lang='lat' dir='ltr'><strong>cap.</strong></span> <span class='ocrx_word' id='word_1_206' title='bbox 1136 2871 1164 2936; x_wconf 85' lang='grc'><strong>7,</strong></span> 
     </span>
     <span class='ocr_line' id='line_1_26' title="bbox 103 2969 1164 3050; baseline -0.004 -15"><span class='ocrx_word' id='word_1_207' title='bbox 103 2981 122 3036; x_wconf 86' lang='grc'>2</span> <span class='ocrx_word' id='word_1_208' title='bbox 150 2976 220 3044; x_wconf 88' lang='lat' dir='ltr'><strong>(hic</strong></span> <span class='ocrx_word' id='word_1_209' title='bbox 250 2977 369 3034; x_wconf 81' lang='lat' dir='ltr'><strong>Romae</strong></span> <span class='ocrx_word' id='word_1_210' title='bbox 397 2973 526 3032; x_wconf 86' lang='lat' dir='ltr'><strong>infimo</strong></span> <span class='ocrx_word' id='word_1_211' title='bbox 559 2974 684 3050; x_wconf 83' lang='lat' dir='ltr'><strong>generi</strong></span> <span class='ocrx_word' id='word_1_212' title='bbox 711 2974 899 3050; x_wconf 79' lang='lat' dir='ltr'><strong>magistris</strong></span> <span class='ocrx_word' id='word_1_213' title='bbox 931 2969 1116 3050; x_wconf 72' lang='lat' dir='ltr'><strong>vicorum),</strong></span> <span class='ocrx_word' id='word_1_214' title='bbox 1138 2991 1164 3032; x_wconf 92' lang='lat' dir='ltr'><strong>c.</strong></span> 
     </span>
     <span class='ocr_line' id='line_1_27' title="bbox 108 3081 1163 3158; baseline -0.005 -16"><span class='ocrx_word' id='word_1_215' title='bbox 108 3085 158 3150; x_wconf 87' lang='grc'><strong>16,</strong></span> <span class='ocrx_word' id='word_1_216' title='bbox 184 3087 194 3140; x_wconf 95' lang='grc'>1</span> <span class='ocrx_word' id='word_1_217' title='bbox 222 3093 251 3138; x_wconf 86' lang='lat' dir='ltr'><strong>et</strong></span> <span class='ocrx_word' id='word_1_218' title='bbox 274 3081 291 3137; x_wconf 88' lang='grc'>2</span> <span class='ocrx_word' id='word_1_219' title='bbox 328 3081 389 3157; x_wconf 86' lang='lat' dir='ltr'><strong>(ubi</strong></span> <span class='ocrx_word' id='word_1_220' title='bbox 416 3081 482 3158; x_wconf 90' lang='lat' dir='ltr'><strong>plus</strong></span> <span class='ocrx_word' id='word_1_221' title='bbox 504 3082 713 3157; x_wconf 88' lang='lat' dir='ltr'><strong>quinquaginta</strong></span> <span class='ocrx_word' id='word_1_222' title='bbox 741 3099 827 3139; x_wconf 85' lang='lat' dir='ltr'><strong>voces</strong></span> <span class='ocrx_word' id='word_1_223' title='bbox 849 3081 1045 3150; x_wconf 87' lang='lat' dir='ltr'><strong>omittuntur),</strong></span> <span class='ocrx_word' id='word_1_224' title='bbox 1067 3099 1091 3136; x_wconf 91' lang='lat' dir='ltr'><strong>c.</strong></span> <span class='ocrx_word' id='word_1_225' title='bbox 1118 3083 1163 3148; x_wconf 89' lang='grc'><strong>16,</strong></span> 
     </span>
     <span class='ocr_line' id='line_1_28' title="bbox 104 3185 1166 3264; baseline -0.006 -16"><span class='ocrx_word' id='word_1_226' title='bbox 104 3195 123 3248; x_wconf 88' lang='lat'><strong>5</strong></span> <span class='ocrx_word' id='word_1_227' title='bbox 151 3186 323 3264; x_wconf 87' lang='lat' dir='ltr'><strong>(vinoque</strong></span> <span class='ocrx_word' id='word_1_228' title='bbox 345 3197 380 3246; x_wconf 88' lang='lat' dir='ltr'><strong>et</strong></span> <span class='ocrx_word' id='word_1_229' title='bbox 407 3187 487 3246; x_wconf 92' lang='lat' dir='ltr'><strong>cibo</strong></span> <span class='ocrx_word' id='word_1_230' title='bbox 519 3185 688 3264; x_wconf 76' lang='lat' dir='ltr'><strong>curatae),</strong></span> <span class='ocrx_word' id='word_1_231' title='bbox 720 3207 744 3248; x_wconf 91' lang='lat' dir='ltr'><strong>c.</strong></span> <span class='ocrx_word' id='word_1_232' title='bbox 771 3188 820 3256; x_wconf 97' lang='grc'><strong>21,</strong></span> <span class='ocrx_word' id='word_1_233' title='bbox 843 3189 859 3245; x_wconf 89' lang='lat'>8</span> <span class='ocrx_word' id='word_1_234' title='bbox 883 3187 935 3258; x_wconf 86' lang='lat' dir='ltr'><strong>(in</strong></span> <span class='ocrx_word' id='word_1_235' title='bbox 957 3185 1166 3260; x_wconf 86' lang='lat' dir='ltr'><strong>Hispania),</strong></span> 
     </span>
     <span class='ocr_line' id='line_1_29' title="bbox 102 3291 1165 3368; baseline -0.006 -16"><span class='ocrx_word' id='word_1_236' title='bbox 102 3315 130 3352; x_wconf 94' lang='lat' dir='ltr'><strong>c.</strong></span> <span class='ocrx_word' id='word_1_237' title='bbox 156 3294 205 3361; x_wconf 85' lang='grc'><strong>27,</strong></span> <span class='ocrx_word' id='word_1_238' title='bbox 227 3297 244 3349; x_wconf 82' lang='grc'>4</span> <span class='ocrx_word' id='word_1_239' title='bbox 269 3292 441 3364; x_wconf 83' lang='lat' dir='ltr'><strong>(Dromon</strong></span> <span class='ocrx_word' id='word_1_240' title='bbox 463 3292 534 3368; x_wconf 88' lang='lat' dir='ltr'><strong>ipsi</strong></span> <span class='ocrx_word' id='word_1_241' title='bbox 557 3294 711 3368; x_wconf 85' lang='lat' dir='ltr'><strong>vocent),</strong></span> <span class='ocrx_word' id='word_1_242' title='bbox 743 3311 767 3352; x_wconf 86' lang='lat' dir='ltr'><strong>c.</strong></span> <span class='ocrx_word' id='word_1_243' title='bbox 791 3295 840 3362; x_wconf 95' lang='grc'><strong>31,</strong></span> <span class='ocrx_word' id='word_1_244' title='bbox 864 3299 879 3350; x_wconf 80' lang='lat' dir='ltr'><strong>l</strong></span> <span class='ocrx_word' id='word_1_245' title='bbox 904 3305 933 3350; x_wconf 90' lang='lat' dir='ltr'><strong>et</strong></span> <span class='ocrx_word' id='word_1_246' title='bbox 955 3295 972 3349; x_wconf 88' lang='grc'>6</span> <span class='ocrx_word' id='word_1_247' title='bbox 996 3291 1114 3364; x_wconf 82' lang='lat' dir='ltr'><strong>(video</strong></span> <span class='ocrx_word' id='word_1_248' title='bbox 1136 3299 1165 3347; x_wconf 91' lang='lat' dir='ltr'><strong>et</strong></span> 
     </span>
     <span class='ocr_line' id='line_1_30' title="bbox 103 3397 1166 3474; baseline -0.006 -15"><span class='ocrx_word' id='word_1_249' title='bbox 103 3405 208 3470; x_wconf 69' lang='lat' dir='ltr'><strong>eam),</strong></span> <span class='ocrx_word' id='word_1_250' title='bbox 241 3417 265 3459; x_wconf 91' lang='lat' dir='ltr'><strong>c.</strong></span> <span class='ocrx_word' id='word_1_251' title='bbox 301 3400 350 3467; x_wconf 85' lang='grc'><strong>32,</strong></span> <span class='ocrx_word' id='word_1_252' title='bbox 385 3399 420 3455; x_wconf 93' lang='grc'><strong>12</strong></span> <span class='ocrx_word' id='word_1_253' title='bbox 454 3397 639 3470; x_wconf 84' lang='lat' dir='ltr'><strong>(civibus),</strong></span> <span class='ocrx_word' id='word_1_254' title='bbox 676 3418 700 3457; x_wconf 82' lang='lat' dir='ltr'><strong>o</strong></span> <span class='ocrx_word' id='word_1_255' title='bbox 725 3402 773 3468; x_wconf 80' lang='grc'><strong>34,</strong></span> <span class='ocrx_word' id='word_1_256' title='bbox 807 3401 824 3456; x_wconf 91' lang='grc'>2</span> <span class='ocrx_word' id='word_1_257' title='bbox 859 3398 960 3474; x_wconf 87' lang='lat' dir='ltr'><strong>(illud</strong></span> <span class='ocrx_word' id='word_1_258' title='bbox 994 3397 1096 3454; x_wconf 88' lang='lat' dir='ltr'><strong>modo</strong></span> <span class='ocrx_word' id='word_1_259' title='bbox 1124 3415 1166 3452; x_wconf 92' lang='lat' dir='ltr'><strong>ne</strong></span> 
     </span>
     <span class='ocr_line' id='line_1_31' title="bbox 103 3503 1166 3579; baseline -0.003 -16"><span class='ocrx_word' id='word_1_260' title='bbox 103 3503 241 3574; x_wconf 78' lang='lat' dir='ltr'><strong>fallat),</strong></span> <span class='ocrx_word' id='word_1_261' title='bbox 273 3521 298 3561; x_wconf 91' lang='lat' dir='ltr'><strong>c.</strong></span> <span class='ocrx_word' id='word_1_262' title='bbox 322 3505 371 3572; x_wconf 82' lang='grc'>311,</span> <span class='ocrx_word' id='word_1_263' title='bbox 405 3503 733 3579; x_wconf 78' lang='lat' dir='ltr'><strong>3(prredetionis),</strong></span> <span class='ocrx_word' id='word_1_264' title='bbox 766 3514 825 3562; x_wconf 89' lang='lat' dir='ltr'><strong>tum</strong></span> <span class='ocrx_word' id='word_1_265' title='bbox 859 3503 963 3560; x_wconf 88' lang='lat' dir='ltr'><strong>menda</strong></span> <span class='ocrx_word' id='word_1_266' title='bbox 995 3521 1166 3576; x_wconf 84' lang='lat' dir='ltr'><strong>erroresque</strong></span> 
     </span>
     <span class='ocr_line' id='line_1_32' title="bbox 104 3609 1166 3688; baseline -0.002 -20"><span class='ocrx_word' id='word_1_267' title='bbox 104 3611 208 3668; x_wconf 82' lang='lat' dir='ltr'><strong>iormae</strong></span> <span class='ocrx_word' id='word_1_268' title='bbox 228 3611 265 3667; x_wconf 85' lang='lat' dir='ltr'><strong>ad</strong></span> <span class='ocrx_word' id='word_1_269' title='bbox 282 3609 416 3668; x_wconf 89' lang='lat' dir='ltr'><strong>indicium</strong></span> <span class='ocrx_word' id='word_1_270' title='bbox 438 3609 597 3685; x_wconf 71' lang='lat' dir='ltr'><strong>perspicua</strong></span> <span class='ocrx_word' id='word_1_271' title='bbox 613 3621 642 3667; x_wconf 88' lang='lat' dir='ltr'><strong>et</strong></span> <span class='ocrx_word' id='word_1_272' title='bbox 655 3621 740 3668; x_wconf 81' lang='lat' dir='ltr'><strong>certe</strong></span> <span class='ocrx_word' id='word_1_273' title='bbox 755 3609 898 3688; x_wconf 80' lang='lat' dir='ltr'><strong>permulti,</strong></span> <span class='ocrx_word' id='word_1_274' title='bbox 919 3609 998 3666; x_wconf 77' lang='lat' dir='ltr'><strong>velut</strong></span> <span class='ocrx_word' id='word_1_275' title='bbox 1012 3609 1166 3678; x_wconf 77' lang='lat' dir='ltr'><strong>XXXVI,</strong></span> 
     </span>
     <span class='ocr_line' id='line_1_33' title="bbox 105 3715 1166 3793; baseline -0.005 -17"><span class='ocrx_word' id='word_1_276' title='bbox 105 3719 158 3788; x_wconf 87' lang='grc'><strong>23,</strong></span> <span class='ocrx_word' id='word_1_277' title='bbox 190 3721 205 3774; x_wconf 80' lang='grc'><strong>7</strong></span> <span class='ocrx_word' id='word_1_278' title='bbox 244 3725 277 3773; x_wconf 88' lang='lat' dir='ltr'><strong>et</strong></span> <span class='ocrx_word' id='word_1_279' title='bbox 309 3715 539 3793; x_wconf 83' lang='lat' dir='ltr'><strong>exspectatio</strong></span> <span class='ocrx_word' id='word_1_280' title='bbox 571 3717 747 3792; x_wconf 88' lang='lat' dir='ltr'><strong>temporis</strong></span> <span class='ocrx_word' id='word_1_281' title='bbox 789 3735 843 3793; x_wconf 88' lang='lat' dir='ltr'><strong>pro</strong></span> <span class='ocrx_word' id='word_1_282' title='bbox 875 3725 909 3773; x_wconf 92' lang='lat' dir='ltr'><strong>et</strong></span> <span class='ocrx_word' id='word_1_283' title='bbox 946 3735 990 3774; x_wconf 86' lang='lat' dir='ltr'><strong>ex</strong></span> <span class='ocrx_word' id='word_1_284' title='bbox 1022 3715 1166 3774; x_wconf 84' lang='lat' dir='ltr'><strong>ratione</strong></span> 
     </span>
     <span class='ocr_line' id='line_1_34' title="bbox 105 3819 1166 3900; baseline -0.004 -20"><span class='ocrx_word' id='word_1_285' title='bbox 105 3823 285 3900; x_wconf 88' lang='lat' dir='ltr'><strong>temporis</strong></span> <span class='ocrx_word' id='word_1_286' title='bbox 308 3823 428 3896; x_wconf 87' lang='lat' dir='ltr'><strong>(omisso</strong></span> <span class='ocrx_word' id='word_1_287' title='bbox 450 3823 479 3880; x_wconf 92' lang='lat' dir='ltr'><strong>in</strong></span> <span class='ocrx_word' id='word_1_288' title='bbox 502 3823 710 3900; x_wconf 85' lang='lat' dir='ltr'><strong>Bambergensi</strong></span> <span class='ocrx_word' id='word_1_289' title='bbox 739 3821 824 3880; x_wconf 85' lang='lat' dir='ltr'><strong>etiam</strong></span> <span class='ocrx_word' id='word_1_290' title='bbox 856 3821 996 3892; x_wconf 78' lang='lat' dir='ltr'><strong>consul,</strong></span> <span class='ocrx_word' id='word_1_291' title='bbox 1029 3821 1107 3896; x_wconf 91' lang='lat' dir='ltr'><strong>quod</strong></span> <span class='ocrx_word' id='word_1_292' title='bbox 1137 3819 1166 3876; x_wconf 92' lang='lat' dir='ltr'><strong>in</strong></span> 
     </span>
     <span class='ocr_line' id='line_1_35' title="bbox 105 3927 1167 4006; baseline -0.006 -18"><span class='ocrx_word' id='word_1_293' title='bbox 105 3929 211 3988; x_wconf 85' lang='lat' dir='ltr'><strong>ceteris</strong></span> <span class='ocrx_word' id='word_1_294' title='bbox 227 3929 378 4004; x_wconf 86' lang='lat' dir='ltr'><strong>retinetur)</strong></span> <span class='ocrx_word' id='word_1_295' title='bbox 401 3939 487 3986; x_wconf 86' lang='lat' dir='ltr'><strong>autc.</strong></span> <span class='ocrx_word' id='word_1_296' title='bbox 503 3929 583 3994; x_wconf 79' lang='lat'><strong>24,5</strong></span> <span class='ocrx_word' id='word_1_297' title='bbox 608 3945 678 4002; x_wconf 88' lang='lat' dir='ltr'><strong>qna</strong></span> <span class='ocrx_word' id='word_1_298' title='bbox 698 3927 885 4004; x_wconf 88' lang='lat' dir='ltr'><strong>progressi</strong></span> <span class='ocrx_word' id='word_1_299' title='bbox 906 3939 1012 3986; x_wconf 88' lang='lat' dir='ltr'><strong>erant</strong></span> <span class='ocrx_word' id='word_1_300' title='bbox 1032 3947 1085 4006; x_wconf 93' lang='lat' dir='ltr'><strong>pro</strong></span> <span class='ocrx_word' id='word_1_301' title='bbox 1107 3927 1167 3984; x_wconf 83' lang='lat' dir='ltr'><strong>his:</strong></span> 
     </span>
     <span class='ocr_line' id='line_1_36' title="bbox 105 4031 1166 4110; baseline -0.004 -17"><span class='ocrx_word' id='word_1_302' title='bbox 105 4036 143 4094; x_wconf 88' lang='lat' dir='ltr'><strong>in</strong></span> <span class='ocrx_word' id='word_1_303' title='bbox 171 4053 242 4110; x_wconf 86' lang='lat' dir='ltr'><strong>qna</strong></span> <span class='ocrx_word' id='word_1_304' title='bbox 271 4034 433 4093; x_wconf 71' lang='lat' dir='ltr'><strong>[edificia</strong></span> <span class='ocrx_word' id='word_1_305' title='bbox 462 4045 568 4092; x_wconf 84' lang='lat' dir='ltr'><strong>extre</strong></span> <span class='ocrx_word' id='word_1_306' title='bbox 600 4033 723 4091; x_wconf 86' lang='lat' dir='ltr'><strong>urbem</strong></span> <span class='ocrx_word' id='word_1_307' title='bbox 754 4043 870 4102; x_wconf 82' lang='lat' dir='ltr'><strong>erant,</strong></span> <span class='ocrx_word' id='word_1_308' title='bbox 903 4044 932 4091; x_wconf 88' lang='lat' dir='ltr'><strong>st</strong></span> <span class='ocrx_word' id='word_1_309' title='bbox 958 4031 1166 4090; x_wconf 83' lang='lat' dir='ltr'><strong>eiusdemmodi</strong></span> 
     </span>
    </p>
   </div>
   <div class='ocr_carea' id='block_1_3' title="bbox 0 0 1417 4644">
    <p class='ocr_par' dir='ltr' id='par_1_3' title="bbox 0 0 1417 4644">
     <span class='ocr_line' id='line_1_37' title="bbox 0 0 1417 4644; baseline 0 0"><span class='ocrx_word' id='word_1_310' title='bbox 0 0 1417 4644; x_wconf 95' lang='lat' dir='ltr'><strong> </strong></span> 
     </span>
    </p>
   </div>
  </div>
 </body>
</html>
