2826 4650
589 249 627 304 ts
976 242 1034 294 nis.
1052 242 1101 290 111.

66 448 214 504 cunque
239 447 290 498 as,
312 447 396 504 nugat
417 446 505 490 maru
525 437 606 498 sunt;
636 428 661 485 si
682 435 782 504 posset
803 427 863 484 ulla
884 426 998 484 ratione
1019 425 1061 483 ita
1083 426 1139 484 dici

66 553 235 610 pronomen
250 535 342 608 (quod
359 553 417 591 non
431 531 552 610 potest).
564 533 790 608 significaretur:
811 549 941 590 censeo
963 537 999 590 in
1021 543 1055 590 te
1068 551 1137 590 uno

66 661 197 698 ornnes
230 641 471 716 magistratus
497 641 627 698 inesse.
682 639 787 713 Neque
814 639 840 695 ei
861 639 1027 710 sententias,
1050 657 1137 714 quant

67 747 210 804 Andreas
234 747 371 806 Schottus
393 763 457 802 esse
479 745 584 802 debere
606 745 695 814 vidit,
726 743 895 802 satisfacere
922 745 1031 802 nudum
1054 764 1137 802 cen-

66 852 195 923 sendo,
217 851 354 909 Dukerus
372 860 450 908 recta
472 850 690 918 anirnadvertit;
710 851 761 908 sed
783 850 822 919 id,
845 850 923 924 quod
947 851 1137 922 desideratur,

67 976 129 1013 non
155 956 255 1031 explet
282 957 335 1014 ita
356 967 408 1014 unt
428 957 511 1025 hoe,
544 957 622 1030 quod
643 955 692 1012 ille
713 955 888 1030 requirebat.
950 955 1019 1016 Una
1041 956 1137 1014 littera

69 1061 225 1130 restituta,
264 1081 351 1136 quarn
376 1061 555 1137 pronominis
587 1061 625 1117 ad
652 1061 778 1118 vicinum
801 1061 1013 1118 substantivum
1043 1080 1137 1138 prava

68 1166 306 1224 accommodatio
338 1167 481 1242 corrupit,
516 1165 640 1224 aflicitur
671 1185 787 1223 verum:
819 1164 1008 1223 Causando
1045 1167 1136 1226 enim

68 1273 580 1348 quodcumque,magistratus
599 1272 760 1346 assequi
774 1270 1136 1340 senatumhaberent,

68 1378 281 1435 iudicabat:
308 1379 395 1434 Denu
417 1379 507 1435 durch
530 1378 583 1434 das
593 1378 726 1446 Votiren,
743 1377 852 1434 welche
864 1377 939 1432 auch
959 1375 1062 1432 immet·
1084 1376 1136 1433 der

69 1483 172 1540 Inhalt
194 1483 244 1540 des
267 1483 337 1540 voti
359 1502 440 1554 war,
473 1483 612 1542 erkannte
643 1484 685 1540 sie
712 1503 749 1540 an
773 1482 933 1560 (dadurch,
965 1481 1033 1538 dass
1056 1502 1133 1555 ntau,

68 1607 134 1646 was
157 1591 233 1646 auch
254 1589 372 1658 immet,
394 1589 514 1658 votirte,
548 1588 687 1644 erkannte
710 1607 777 1644 man
800 1585 860 1662 on).
914 1585 972 1644 Sed
994 1587 1078 1661 plura
1099 1589 1135 1644 de

68 1697 126 1752 hoo
149 1695 244 1770 capite
265 1696 387 1752 dicenda
409 1705 485 1755 sunt.
530 1695 607 1750 Natu
631 1693 720 1770 paulo
742 1703 808 1769 post
830 1694 901 1766 (59)
924 1693 958 1749 L.
981 1691 1132 1750 Cornelius

69 1800 292 1876 Maluginensis,
307 1800 356 1874 qui
367 1801 478 1857 occulte
491 1799 670 1857 decemviros
682 1800 826 1866 tuebatur,
834 1797 980 1854 dictitasse
988 1806 1132 1866 narratur,

69 1906 173 1964 mirari
184 1924 225 1976 se,
236 1923 362 1980 quonam
376 1903 603 1974 satoincidisset,
615 1915 653 1962 ut
667 1904 908 1974 decemviros,
921 1903 980 1977 qui
997 1904 1134 1960 decani-

67 2009 229 2067 viratum
248 2011 518 2086 petissent,aut
539 2009 632 2066 socii
647 2019 708 2065 aut
724 2010 759 2066 hi
773 2009 925 2066 maxime
944 2027 1134 2084 oppugna·

70 2124 159 2174 rent.
207 2115 284 2188 Quid
306 2126 382 2172 esset
402 2117 432 2171 in
453 2115 499 2172 his
521 2115 614 2190 pravi,
636 2127 767 2172 senserat
788 2114 953 2173 Glareanus
976 2115 1075 2189 aliqua
1096 2135 1134 2174 ex

68 2231 156 2296 parta
184 2231 214 2278 et
234 2221 347 2278 duobus
369 2221 463 2278 modis
490 2219 654 2278 enarrando
678 2231 853 2296 aperuerunt
875 2220 1134 2278 Drakenborchius

69 2334 99 2380 et
120 2325 394 2397 Weissenbornius,
415 2345 538 2400 quorum
564 2326 613 2382 ille
635 2325 691 2383 tria
712 2344 820 2401 genera
842 2326 1071 2400 oppugnantium
1093 2327 1136 2382 di·

69 2430 179 2504 stingui
207 2441 306 2505 putat,
339 2451 392 2490 nec
426 2433 506 2490 videt
529 2431 684 2488 maxime
711 2431 875 2488 necessario
902 2449 967 2488 cunt
997 2451 1136 2508 oppug-

71 2547 204 2594 narent
224 2537 360 2613 coniungi
381 2543 486 2613 (nequa
507 2537 584 2594 enim
606 2536 776 2593 admirabile
798 2547 870 2606 erut,
892 2536 970 2610 quod
992 2539 1134 2613 competi·

70 2655 151 2699 tores
172 2653 202 2698 et
221 2642 293 2700 socii
315 2661 414 2700 eorum
437 2643 616 2700 decemviros
638 2651 849 2718 oppugnarent,
863 2642 915 2699 sed
936 2643 1137 2718 suspiciosum,

70 2749 152 2824 quod
166 2749 196 2806 hi
209 2747 357 2821 maxime),
374 2757 445 2818 tum,
459 2758 492 2806 ut
512 2749 605 2806 socii
627 2749 735 2806 omisso
758 2768 880 2806 eorum
902 2747 1136 2820 feratur,tamen

70 2875 131 2912 nun
154 2854 289 2930 intelligi,
311 2855 361 2928 qui
384 2855 441 2912 sint
461 2855 502 2911 illi
524 2865 553 2912 et
575 2855 655 2912 cuius
677 2853 718 2912 rei
740 2854 827 2924 socii,
850 2863 995 2929 postremo
1016 2875 1136 2930 prorsus

70 2959 192 3017 ridicule
213 2960 299 3016 tertio
320 2961 348 3016 in
372 2979 478 3036 genere
508 2959 578 3036 poni
599 2960 662 3017 sive
693 2962 760 3018 hos
789 2960 852 3016 sive
882 2960 948 3017 hos
969 2962 1136 3035 maxime,

71 3066 159 3140 quasi
179 3066 255 3122 iuter
282 3067 362 3134 hos,
382 3066 432 3140 qui
455 3076 657 3142 oppugnantes
680 3066 923 3135 demonstrantur,
956 3068 1055 3143 priora
1078 3069 1136 3126 duo

70 3191 182 3247 genera
213 3173 442 3248 oppugnantium
470 3191 529 3230 non
554 3173 623 3242 sint;
655 3170 909 3238 Weissenbornius
938 3183 1034 3230 autern
1060 3186 1138 3233 recte

71 3279 215 3335 intellexit
235 3296 323 3334 unuin
345 3296 410 3334 oum
428 3277 539 3335 invidia
560 3287 590 3334 et
610 3276 774 3352 suspicione
791 3278 1013 3334 commemorari
1023 3278 1137 3336 decem-

71 3385 152 3442 viros
174 3383 402 3459 oppugnantium
425 3403 532 3458 genus,
554 3403 668 3454 eorum,
691 3383 740 3458 qui
760 3381 816 3457 ipsi
838 3381 1063 3440 decemviratum
1084 3403 1137 3459 pe·

70 3491 189 3556 tisseut3
209 3487 259 3546 sed
274 3488 343 3545 dum
366 3489 421 3545 hos
443 3497 495 3545 aut
516 3487 611 3545 socios
635 3497 686 3545 aut
702 3488 828 3544 maxima
852 3507 1036 3563 oppugnasse
1061 3490 1133 3559 vult,

70 3605 266 3670 praeterquam
298 3594 377 3668 quod
410 3594 532 3651 socius
562 3613 731 3670 oppugno
765 3593 836 3651 nihil
865 3613 985 3669 prorsus
1018 3605 1136 3654 estnec

71 3701 169 3758 socii
192 3709 254 3757 aut
274 3699 427 3757 maxime
449 3709 527 3757 reete
549 3701 732 3776 copulantur,
754 3700 805 3756 sed
832 3700 927 3757 socii
950 3711 1013 3758 aut
1033 3702 1137 3777 priu-

71 3807 177 3881 cipes
209 3807 344 3880 (quorum
378 3815 475 3864 tantur
497 3806 641 3882 principes
671 3805 769 3882 pn'ore
789 3805 854 3862 loco
877 3807 1003 3880 ponendi
1033 3808 1139 3882 erant),

71 3913 182 3985 fingere
208 3909 270 3985 ipse
297 3911 411 3986 cogitur
436 3911 509 3968 alios
543 3911 641 3968 nescio
674 3929 747 3986 quos
775 3911 963 3987 oppugnandi
984 3911 1138 3988 principes,

71 4035 199 4091 quornm
223 4016 252 4072 hi
274 4016 345 4074 socii
367 4015 482 4074 inerint
526 4015 633 4075 Omnia
647 4027 727 4074 racto
748 4025 831 4074 erunt
854 4016 986 4074 adhibita
1000 4016 1139 4076 facillima
