2820 4646
625 196 682 253 599
1028 197 1181 250 itiam.

122 377 201 434 banc
239 374 438 434 difficultatem
477 375 573 432 vitans
612 375 865 436 Weissenbornius
898 377 1018 436 ediderit
1054 379 1183 448 (sublato

122 483 302 552 commata)=
334 480 480 538 Metalli
512 497 656 554 quoque
677 480 907 538 Macedonici
937 482 1032 554 qnod
1054 481 1183 558 iugens

123 584 287 659 vectigal
312 592 409 654 erat,
437 593 470 642 ut
490 582 634 660 genitivus
656 602 675 640 a
698 585 903 660 vectigalis
931 587 1048 644 nornine
1075 587 1182 662 pende·

120 697 176 747 ret.
222 688 280 748 Sed
301 707 396 764 neque
417 689 573 746 verborum
595 687 667 746 ordo
689 697 784 746 rectus
805 697 851 746 est
871 708 965 764 neque
986 699 1064 750 recte
1084 691 1183 750 adiici-

122 802 211 852 untur
224 793 289 852 ille:
316 793 412 868 quod
441 835 473 854 ..
503 800 582 850 erat
603 793 651 864 (-
667 793 819 850 dicendum
841 803 917 852 erat:
935 795 1079 854 Metalli
1101 813 1183 870 qno·

124 897 445 974 queMacedonici
467 897 637 972 vectigal,
660 897 755 973 quod
776 898 904 974 ingens
926 911 1021 972 erat,
1043 906 1112 972 -);
1132 920 1183 959 ne·

123 1023 180 1080 que
194 1005 259 1080 ipso
283 1023 336 1080 per
356 1022 388 1060 ee
409 1002 544 1077 vectigali
564 1003 774 1062 Macedonibus
801 1005 931 1062 invidere
952 1013 1070 1063 mnatns
1090 1005 1183 1064 videri

121 1107 242 1166 volebat
262 1107 436 1182 (vectigal
456 1105 570 1184 tolli),
586 1107 636 1166 sed
658 1109 844 1168 incommode
867 1109 893 1166 ei
915 1109 1052 1168 adiuncta
1071 1111 1182 1170 ummo.

122 1213 200 1270 Tum
222 1229 275 1268 nec
296 1212 549 1270 Weissenbornius
575 1230 629 1270 nec
650 1212 737 1270 ceteri
759 1214 963 1287 quasiverunt,
993 1231 1044 1270 cur
1065 1223 1182 1272 senatus

120 1318 297 1394 praediorum
319 1317 491 1374 rusticorum
513 1316 673 1375 locationes
701 1317 730 1374 in
751 1317 927 1376 Macedonis
956 1316 1096 1394 (omnium
1117 1319 1181 1375 ubi-

120 1421 190 1498 que)
215 1423 277 1481 tolli
298 1422 431 1492 voluerit,
462 1423 501 1479 ad
533 1439 606 1498 quas
641 1422 713 1480 nibil
745 1423 863 1480 omnino
884 1421 1028 1498 pertinere
1048 1421 1182 1480 videntur

120 1545 172 1598 ete,
196 1546 260 1602 qun
281 1529 480 1598 subiciuntur,
502 1544 613 1596 causae3
635 1527 709 1603 ipsa,
731 1536 984 1602 quemquamne,
1006 1527 1097 1584 verba
1117 1535 1180 1584 ten·

119 1641 181 1688 tum
206 1633 244 1690 ad
267 1629 414 1690 metallum
446 1632 660 1690 accommodari
681 1641 816 1709 possunt:
837 1650 881 1688 ne
910 1632 1014 1708 ipsos
1036 1631 1179 1704 quidem

118 1735 342 1794 Macedonas
363 1736 454 1794 idem
478 1755 652 1794 exercerc
675 1755 798 1812 posse:
821 1736 918 1804 (scrib.
937 1735 972 1792 id
994 1754 1179 1806 exercerem

119 1859 136 1902 e
160 1839 282 1898 adhaesit
313 1861 350 1898 ex
371 1840 508 1916 proxima
529 1859 611 1910 voce,
639 1851 700 1898 tum
723 1841 852 1898 additum
874 1841 925 1916 ιι).
974 1842 1084 1898 Postea
1105 1859 1180 1916 quo·

119 1963 185 2020 que,
206 1945 256 2002 ubi
280 1945 418 2004 AEmilius
445 1945 565 2014 consul,
599 1964 664 2020 qun
693 1956 811 2004 senatus
840 1946 974 2003 univerae
1003 1945 1179 2014 decreverat,

118 2069 156 2108 ex
177 2050 209 2108 X
241 2050 404 2126 legatorum
435 2050 576 2108 sententia
603 2051 731 2125 pressius
759 2051 916 2108 constituta
943 2049 1112 2124 pronuntiat
1142 2050 1178 2122 (c.

118 2154 170 2224 29,
197 2151 257 2228 11),
278 2154 342 2212 sola
363 2154 481 2212 metalla
502 2155 565 2212 auri
586 2156 755 2230 argentique
785 2154 913 2212 exerceri
934 2161 1085 2222 vetantur3
1106 2172 1179 2229 pra·

121 2258 235 2316 diorum
256 2261 431 2318 rusticorum
453 2258 534 2316 nulla
555 2268 599 2316 est
619 2260 736 2318 mentio.
795 2259 892 2316 Velim
923 2267 1019 2316 entem
1047 2258 1180 2316 animad-

117 2363 203 2432 verti,
226 2381 290 2438 qna
311 2365 353 2422 ibi
375 2363 481 2440 plurali
502 2364 618 2422 nornine
639 2364 834 2442 appellentur,
864 2382 899 2420 ca
919 2361 1060 2420 hocloco
1081 2362 1179 2437 singu·

117 2467 173 2526 lari
200 2487 319 2526 numero
343 2469 385 2526 ita
406 2467 558 2544 appellari,
579 2477 611 2525 ut
632 2468 776 2535 universa,
798 2468 827 2525 in
850 2485 909 2542 qna
930 2467 987 2523 sita
997 2467 1178 2524 metallorum

118 2572 227 2630 fodinae
248 2573 365 2642 fuerim,
386 2573 467 2648 regio
491 2571 558 2640 (dar
579 2571 876 2646 Bergwerlrsdistrict)
905 2571 1060 2647 significari
1081 2572 1180 2630 videa·

117 2685 175 2736 tur.
226 2677 299 2736 Hac
321 2696 410 2752 quum
432 2675 594 2745 considero,
615 2675 701 2751 longe
723 2676 782 2732 alio
809 2675 983 2752 pmdiorum
1007 2675 1179 2734 rusticorum

118 2783 425 2840 commemorationem
447 2789 579 2858 spectare
600 2779 745 2855 suspicor,
765 2789 807 2850 ut,
831 2780 989 2838 interdictis
1007 2780 1098 2856 ipsius
1120 2799 1179 2838 me-

118 2885 182 2942 telli
202 2885 411 2958 locationibus,
445 2885 626 2962 excipiantur
658 2885 767 2960 praedia
798 2885 906 2942 rustica
938 2885 1061 2942 metallis
1091 2885 1179 2943 inter·

116 2989 194 3046 iecta
215 3000 244 3048 et
265 3009 329 3050 cum
352 2991 387 3048 iis
408 2991 501 3050 locari
521 2990 616 3060 solite,
654 2989 826 3063 Livinmqne
847 2989 890 3046 ita
914 2989 1077 3064 scripsisse:
1111 2991 1179 3048 Me·

117 3093 202 3152 talli
243 3113 388 3172 qnoque
429 3091 663 3154 Macedonici
794 3093 1001 3152 locationes
1046 3101 1181 3176 preter

117 3199 343 3273 praediorum
367 3200 587 3258 rusticorum
610 3198 696 3255 tolli
717 3199 898 3274 placabat.
931 3199 1076 3274 Apparet,
1091 3217 1179 3274 quem

117 3301 204 3362 facile
224 3314 357 3378 preater
379 3313 446 3362 ante
467 3303 683 3380 prediorum
706 3302 803 3376 (oculo
825 3320 844 3358 a
864 3301 965 3376 primis
986 3301 1088 3358 littaris
1108 3320 1180 3377 pras

118 3406 158 3462 ad
179 3407 286 3465 alteras
309 3410 477 3477 aberrante)
501 3408 593 3466 omitti
615 3407 750 3483 potuerit,
774 3425 833 3481 quc
855 3406 963 3464 omisso
986 3406 1116 3474 additum
1137 3417 1180 3463 ast

120 3527 195 3584 que.
265 3511 358 3571 Usum
392 3512 523 3570 adverbii
552 3521 687 3588 prester
720 3511 846 3570 breviter
881 3513 1107 3570 commemoravi
1142 3511 1179 3570 sd

119 3611 275 3686 XXVIII,
297 3621 346 3688 4⁵,
373 3621 407 3675 10
426 3615 504 3696 (Cic.
527 3616 806 3674 familiaritates
828 3624 962 3692 prater
983 3634 1177 3691 paucorum

118 3719 328 3799 bominum).
340 3718 364 3796 ¹)
460 3723 627 3798 Sequuntur
641 3723 729 3798 paulo
749 3731 816 3798 poet
835 3721 862 3796 (ᾗ
878 3724 910 3792 6)
926 3720 1004 3796 apud
1020 3721 1178 3798 Grynasum

137 3941 163 4010 ¹)
190 3949 250 4012 52,
269 3949 314 3998 nbi
332 3957 420 4000 contra
440 3951 555 4000 cchccm
575 3950 695 4000 inseritur
719 3951 834 4015 populi
854 3951 993 4002 Romani
1011 3951 1083 4014 (post
1100 3957 1180 4000 tote·

188 4037 242 4101 la),
268 4039 323 4090 fleri
342 4049 434 4104 potest,
462 4049 491 4090 nt
511 4041 599 4091 Livius
618 4041 759 4106 scripserit:
797 4050 898 4092 tutam
924 4055 991 4091 cem
1010 4039 1179 4106 (llbcrtetem)
1206 4099 1211 4110 .
