2820 4646
615 285 673 341 617
1012 283 1070 332 Lib.
1090 283 1172 334 XLV.

113 461 182 526 cclv
204 455 384 548 δημάρχων
406 463 514 549 λέγειν
539 454 659 537 αὐτόν,
676 465 750 527 εἴτι
762 453 938 545 βούλεται,
955 457 1170 531 κελευόντων.

112 573 230 648 longam
252 591 388 631 exorsum
411 571 571 630 orationem
594 593 655 631 rem
677 574 709 630 in
730 580 844 629 noctem
866 575 1037 636 extraxisse.
1046 570 1072 650 ¹)

196 675 269 753 Cap.
293 681 341 746 37,
364 681 381 734 2
413 677 456 754 (in
479 679 520 736 M.
543 679 659 738 Servilii
680 678 813 737 oratione
835 687 936 736 contra
957 679 1020 740 Ser.
1043 679 1171 740 Galbam

113 802 166 858 pro
201 784 346 859 triumpho
380 785 414 842 L.
443 785 588 858 AEmilii):
622 785 756 844 Eadem
788 785 975 844 severitas
1009 787 1171 862 imperii,

113 907 217 963 qnam
240 909 332 948 nunc
354 893 518 962 oderunt
540 903 627 949 tunc
649 891 724 962 (cod.
746 899 791 960 ut,
813 907 869 952 scr.
895 893 981 964 tum)
1005 911 1066 950 eos
1088 911 1170 950 can-

112 994 232 1052 tinuit.
284 997 421 1072 Itaque
450 998 606 1072 entique
636 996 837 1072 disciplina
857 997 975 1055 habiti
1005 997 1081 1074 (cod.
1101 999 1170 1057 ha·

26 1129 30 1136 ·
111 1100 343 1178 bitalneque
373 1103 553 1163 fecerunt.
604 1105 761 1162 Postrema
782 1104 844 1160 haec
865 1121 952 1177 quum
975 1121 1089 1163 sensum
1112 1125 1170 1164 non

110 1207 219 1265 habere
243 1209 426 1266 menifestum
450 1219 542 1279 assat,
575 1209 750 1266 recentiores
778 1209 889 1267 lacnnae
918 1209 1001 1284 signa
1022 1219 1089 1268 ante
1110 1231 1171 1269 na·

110 1331 180 1388 que
201 1325 368 1389 posuerunt.
412 1315 601 1376 Scribendum
625 1326 704 1374 erat:
734 1315 865 1389 Itaque
889 1314 1043 1392 antiqua
1064 1319 1170 1377 disci·

109 1417 211 1494 plina
233 1421 350 1480 habiti
372 1425 617 1504 qaleserut,
639 1421 772 1480 restituto
796 1439 831 1478 co
854 1422 961 1490 verbo,
983 1421 1062 1496 quod
1084 1424 1121 1480 ad
1143 1441 1168 1482 c.

111 1527 160 1594 23„
177 1528 194 1582 6
210 1526 270 1583 dixi
293 1527 378 1584 huius
402 1528 513 1585 librarii
540 1529 686 1586 erroribus
698 1525 964 1587 obnoxiumfuiess.
991 1528 1070 1586 Nam
1083 1531 1170 1606 (prea-

107 1639 154 1688 ter
176 1633 238 1706 qni
261 1633 369 1691 hodie
386 1652 464 1692 esee
485 1653 539 1710 pro
554 1634 660 1692 hodie
680 1633 1013 1710 quiaseeXLlV,36‚
1028 1637 1169 1706 13)huiua

108 1736 175 1794 libri
188 1739 300 1808 naza
322 1758 376 1814 pro
401 1741 626 1816 quieverunt
646 1738 835 1814 scripsitqui
857 1737 1005 1795 fuerunt
1026 1746 1095 1798 etc.
1119 1743 1169 1814 dl,

110 1844 127 1900 8
150 1861 203 1919 pro
225 1845 270 1902 his
291 1865 333 1902 ne
355 1845 669 1920 qnietuakqnidem
688 1847 750 1902 haec
771 1845 886 1920 scripsit
906 1851 1044 1912 monstra,
1080 1861 1168 1918 quum

107 1967 140 2005 se
168 1967 187 2005 a
216 1950 311 2025 primo
341 1970 439 2008 errore
464 1969 605 2009 revocans
628 1952 656 2008 in
686 1969 794 2009 novum
817 1951 962 2008 indueret:
994 1968 1112 2025 neque
1134 1952 1170 2009 ni

108 2073 226 2130 neque
247 2055 404 2114 eiusdem
426 2058 580 2132 quidem.
628 2059 706 2116 Nam
729 2058 830 2132 primae
852 2057 953 2115 litteras
978 2056 1062 2130 (qui)
1095 2056 1169 2114 aliua

106 2161 188 2218 vocis
207 2162 333 2237 speciem
356 2163 540 2222 obiiciebant.
588 2165 694 2239 ltaque
715 2164 802 2221 etiam
827 2162 970 2230 XXXV,
994 2165 1050 2231 40,
1073 2163 1091 2218 3
1115 2181 1168 2238 pro

109 2267 192 2325 Boii
216 2267 433 2342 quieverunt
458 2269 487 2326 in
509 2271 608 2328 codice
623 2269 833 2345 Bambergensi
855 2269 992 2344 scriptum
1014 2277 1073 2325 est:
1088 2268 1171 2327 Boi·

109 2391 179 2448 que
200 2374 250 2431 VI
270 2373 425 2444 luerunt,
446 2375 476 2432 in
498 2377 702 2434 deterioribus:
724 2373 880 2449 Boiiqui
899 2373 1062 2434 fuerunt.
1116 2374 1171 2434 Se-

109 2489 237 2554 quuntur
260 2485 274 2550 ξ
299 2483 315 2536 3
339 2491 368 2538 et
390 2486 408 2538 4
431 2483 490 2539 alia
511 2483 630 2541 mande:
659 2481 732 2540 Ser.
765 2479 910 2556 quidem
942 2478 1062 2538 Galba
1083 2481 1113 2539 si
1136 2482 1170 2540 in

111 2585 147 2644 L.
184 2585 302 2642 Paulo
334 2589 545 2646 accusando
575 2588 790 2646 tirocinium
824 2605 959 2662 ponere
991 2596 1026 2644 et
1058 2587 1171 2646 docu-

110 2704 265 2749 mentum
288 2692 612 2767 eloquentioedare
637 2693 848 2762 voluitnon
869 2691 1089 2768 triumphurn
1112 2694 1171 2751 im·

109 2797 237 2872 pedire
257 2798 400 2867 debuit,
422 2817 539 2874 quem,
561 2800 592 2856 si
614 2798 708 2856 nihil
732 2796 843 2867 aliud,
863 2807 1016 2856 senatus
1037 2799 1170 2858 iustum

110 2921 191 2959 cese
210 2903 462 2974 iudicaverat,
484 2907 547 2962 sed
571 2916 724 2982 postero
746 2905 823 2974 die,
845 2925 951 2980 quarn
975 2905 1171 2983 triumpha·

110 3018 182 3066 tum
206 3020 268 3082 eat,
289 3011 473 3086 privatum
497 3031 573 3068 eum
595 3012 743 3069 visurus
766 3021 877 3081 esset,
898 3030 1028 3070 nornen
1056 3012 1171 3072 deier-

111 3125 171 3172 ret
192 3125 225 3173 et
245 3116 392 3192 legibus
414 3117 680 3193 interrogaret,
696 3129 758 3174 aut
779 3119 902 3176 serina
922 3119 1044 3194 paulo,
1067 3137 1170 3194 quum

112 3219 531 3298 primurnmagiatratus
560 3224 639 3300 ipse
672 3225 854 3300 cepisset,
888 3225 979 3282 diem
1011 3225 1172 3296 diceret,

110 3326 299 3384 inimicum
322 3331 365 3386 ad
387 3331 560 3407 populum
582 3339 784 3392 accusaret.
845 3331 976 3390 Primum
1006 3349 1065 3388 non
1094 3341 1172 3390 recta

111 3517 310 3528 ..——-.—-——

132 3615 156 3684 ¹)
187 3621 202 3682 5
221 3625 236 3670 8
255 3619 410 3670 recentiores
428 3620 555 3684 integram
571 3619 692 3670 Gronovii
712 3621 885 3670 coniecturam
905 3620 1017 3685 recipere
1032 3621 1173 3670 debuerant

184 3714 258 3778 (iam
284 3727 366 3762 nnnc
392 3713 490 3763 nimia
509 3727 593 3776 sapa
611 3712 796 3764 ambitione
818 3713 979 3776 peccari);
998 3715 1093 3763 omisso
1112 3713 1173 3764 iana

185 3822 265 3872 prava
283 3815 322 3856 est
340 3805 475 3854 sententia.
520 3806 535 3866 ξ
557 3811 588 3854 lo
606 3807 877 3870 pronuntiarunt,
905 3807 974 3869 quod
995 3807 1113 3858 Dukerus
1128 3823 1173 3872 pro

183 3899 425 3949 renuntiarunt
442 3897 530 3962 reponi
551 3900 637 3958 iussit,
665 3913 717 3949 non
735 3901 820 3949 minua
851 3909 889 3950 eat
907 3901 1077 3951 necessarium
1097 3915 1172 3966 qnam

184 3991 282 4048 XLIV,
301 3997 342 4050 38,
366 3995 396 4040 10
415 4003 683 4056 praeparaverant
701 4009 749 4058 pro
768 4001 1013 4058 reparaverant,
1033 4009 1049 4042 a
1066 3992 1174 4058 Nippcr·

184 4086 242 4135 dein
261 4085 476 4135 commendatum.
