2800 4646
592 292 652 349 259
970 291 1028 340 Lib.
1040 288 1142 340 mu

91 481 174 530 catur
200 481 244 543 et,
280 473 304 530 si
331 491 496 549 prenomen
525 473 626 530 Livius
656 490 765 548 ponere
788 473 944 544 voluisset,
967 473 1026 530 iam
1055 473 1084 530 in
1106 493 1154 531 su·

91 579 206 654 periore
229 578 261 634 id
283 579 449 637 narratione
469 578 622 653 posuisset
665 577 751 651 Quod
776 587 872 636 autem
893 578 970 635 idem
992 579 1081 636 dubia
1104 596 1154 636 su·

91 684 221 759 spinione
242 683 344 740 edidit:
365 683 524 760 perpelli
546 683 665 740 viuum
690 682 738 758 {ut
760 683 937 760 potaret]‚
958 701 1077 760 prorsus
1100 683 1153 740 ali·

92 809 177 846 auum
200 799 245 846 est
266 789 326 846 vini
348 807 462 859 nomen,
484 789 526 844 ita
546 787 706 863 presertim
726 789 863 863 positum,
885 797 917 846 ut
937 789 1084 864 singulare
1101 789 1154 846 ali-

94 895 172 968 quod
201 895 317 969 pondus
338 894 447 950 habere
467 893 616 962 videatur3
648 911 742 967 neque
774 892 849 952 enim
871 895 927 952 nisi
956 895 1055 951 vinum
1080 893 1155 965 (sive

91 1017 205 1056 merum
227 1000 289 1056 sive
310 999 517 1073 temperatum)
538 999 698 1073 potabant;
734 998 834 1072 itaque
867 999 1021 1074 potandi
1053 999 1154 1068 verbo,

90 1121 150 1160 non
172 1103 250 1160 vini
270 1114 387 1160 strenua
401 1103 527 1161 convivii
548 1101 733 1178 participatio
745 1104 825 1178 apud
841 1113 953 1163 veteres
964 1104 1155 1184 significanda

92 1219 165 1278 crat,
187 1208 316 1283 latetque
336 1209 366 1265 id
393 1209 513 1265 verbum
535 1207 565 1264 in
586 1207 688 1264 litteris
711 1204 798 1266 foede
818 1209 963 1267 distractis
991 1218 1020 1266 et
1039 1219 1155 1285 pertur-

91 1313 169 1369 batis
190 1313 422 1383 holoviuum,
453 1313 509 1369 hoc
531 1322 591 1382 est,
623 1313 834 1387 potandum.
883 1313 1035 1371 Habemus
1067 1314 1156 1388 igitur

91 1417 154 1474 lnsc
175 1415 366 1474 fundamenta
386 1426 414 1474 et
435 1418 511 1474 hanc
530 1415 657 1474 formam
679 1417 736 1474 loci
758 1417 925 1492 supplendi:
954 1419 1058 1478 Unus
1090 1437 1154 1476 nac

91 1521 318 1579 dominorum
349 1523 575 1580 invitatione
602 1543 666 1582 uec
697 1522 820 1599 ipsius
847 1523 909 1586 int.
932 1523 1153 1581 Hannibalis

92 1625 271 1684 Calavius
305 1626 410 1684 filius
445 1645 509 1701 por
540 1641 570 1696 ᾗ
610 1628 809 1703 potandum
842 1629 971 1704 potuit.
1038 1626 1157 1686 Excidit

90 1728 251 1786 infinitivus
272 1741 301 1787 et
322 1731 379 1800 ad;
401 1731 500 1805 itaque
525 1732 653 1801 adscito,
680 1733 760 1808 quod
781 1733 811 1790 iu
834 1734 933 1792 codice
953 1733 1061 1790 recenti
1084 1733 1156 1802 (Be-

90 1834 245 1909 rolinensi)
268 1837 339 1894 scite
362 1836 558 1911 excogitatum
580 1837 703 1913 legitur,
734 1839 825 1896 verbo
848 1839 935 1909 satia,
956 1847 988 1895 ut
1009 1837 1039 1896 in
1059 1857 1092 1895 re
1112 1838 1155 1894 in·

91 1948 191 2010 certa,
209 1943 400 2016 probabiliter
420 1941 467 1999 edi
486 1943 608 2017 poterit:
636 1941 813 2000 Calavius
842 1941 947 2000 filius
967 1963 1031 2019 per
1053 1942 1158 2020 [pelli

92 2045 152 2120 ad]
174 2048 380 2120 potandum
403 2041 563 2122 potuit¹).
647 2047 761 2105 Eodem
788 2048 884 2123 capite
915 2053 930 2118 ξ
953 2052 971 2107 9
994 2050 1036 2108 sio
1057 2049 1086 2106 in
1109 2066 1159 2106 co-

90 2149 206 2208 dicibus
226 2152 284 2209 tide
315 2153 409 2229 dignis
430 2151 578 2210 scribitur:
610 2149 832 2224 Consilium,
853 2155 975 2229 inquit
1008 2154 1158 2231 (Calavius

92 2253 202 2330 filins),
226 2257 365 2330 affero,
385 2267 507 2333 peter,
537 2275 606 2331 quo
635 2274 704 2312 non
726 2259 837 2316 venia
856 2259 973 2317 solum
998 2260 1158 2335 peccati,

93 2360 195 2432 quod
217 2361 415 2422 defecimus
438 2363 480 2420 ad
502 2360 759 2432 Hannibalem,
784 2360 991 2436 impetraui
1012 2364 1107 2435 (sicP
1129 2383 1158 2421 m

97 2469 127 2534 1;
152 2485 230 2524 man.
263 2467 360 2527 2cM
396 2469 541 2551 ceterique
568 2465 778 2541 impetrari)
808 2468 851 2524 ab
876 2469 1048 2526 Romanis
1069 2467 1159 2525 etin

93 2571 210 2628 multo
241 2575 380 2632 maiora
401 2573 589 2648 dignitate
621 2581 656 2628 et
685 2570 809 2646 gratia
837 2571 950 2630 simus
983 2571 1161 2648 Campani

96 2693 203 2748 quam
224 2697 383 2754 unquam
405 2677 547 2738 fuimus.
592 2679 691 2746 Recte,
713 2676 833 2752 opinor,
856 2677 945 2734 Valla
969 2687 999 2735 st
1020 2679 1160 2736 editiones

92 2780 132 2836 ed
153 2791 285 2840 nostram
306 2793 434 2841 aetatem:
456 2781 1005 2857 veniam(venis)impetraturi
1028 2782 1099 2854 (cir.
1125 2783 1161 2841 de

92 2884 237 2944 similibus
258 2889 368 2946 mendis
389 2888 497 2946 codicis
519 2886 648 2946 Vindob.
671 2886 943 2959 adxu11,25,s);
965 2887 1016 2944 sed
1037 2887 1161 2945 iurene·

94 3001 199 3065 gatur,
220 2993 331 3051 simus
352 2993 438 3050 simul
459 3011 524 3050 cum
544 2991 786 3066 impetraturi
808 2993 944 3068 coniungi
966 3000 994 3049 et
1015 2993 1044 3050 in
1068 2993 1161 3052 altero

94 3099 227 3155 membro
250 3099 382 3157 absolute
403 3099 464 3156 sine
474 3097 628 3176 participio
640 3097 697 3155 dici
709 3115 804 3172 posse,
814 3115 903 3172 quum
914 3098 1073 3173 presertim
1084 3099 1161 3157 idem

95 3207 209 3278 tempus
232 3212 355 3279 utroque
377 3205 441 3263 loco
458 3204 528 3280 poni
540 3203 652 3260 debeat.
687 3202 794 3276 Itaque
807 3201 849 3258 sic
870 3202 1054 3260 scribendum
1076 3215 1161 3280 puto:

99 3327 172 3381 quo
187 3327 256 3366 non
273 3310 414 3367 veniam
436 3309 551 3368 solum
572 3306 1093 3382 ..impetraturiebRomanis
1108 3317 1163 3366 set

98 3412 132 3468 in
152 3413 266 3470 multo
289 3416 425 3474 maiore
447 3413 634 3489 dignitate
666 3420 702 3470 et
724 3412 854 3487 gratia
876 3412 988 3469 simus
1010 3411 1162 3489 Campa·

121 3681 145 3749 ¹)
173 3687 257 3737 Paulo
276 3694 335 3734 ante
353 3685 393 3748 (6)
411 3681 663 3745 vereKreyssigius:
694 3680 730 3728 iu
754 3678 890 3728 ..domo
920 3677 982 3727 diti
1010 3679 1164 3728 noluxu·

169 3779 269 3836 rioss,
297 3776 365 3840 quod
383 3789 487 3840 prorsus
510 3771 619 3822 eflicitur
642 3787 674 3820 ex
691 3770 810 3832 vestigiis
828 3769 919 3819 veteris
938 3771 1068 3834 scripture
1088 3769 1165 3838 (mo-

169 3868 479 3929 dodiuadrarioss),
495 3864 576 3914 nihilo
594 3863 717 3912 incertius
732 3875 812 3924 quam
844 3861 943 3910 infinita
961 3863 1026 3923 slis,
1056 3875 1112 3926 que
1131 3876 1165 3912 ex

168 3961 323 4026 perturbatis
340 3958 362 4008 Ρ
381 3959 472 4008 littoris
490 3963 624 4016 cruentum
646 3956 756 4004 domus
784 3954 839 4002 diu
862 3953 1035 4006 luxuriosa
1058 3971 1105 4020 pro
1124 3969 1165 4015 eo,

170 4054 240 4116 quod
256 4061 297 4102 est
311 4051 431 4101 veteris
448 4047 591 4106 luxuria,
607 4047 659 4095 diri
677 4047 775 4111 nequit.

917 4155 966 4208 17·
