2800 4646
302 267 360 318 Lib.
379 267 454 317 XXI.
770 269 829 326 212

270 451 348 514 Gall.
370 453 443 522 Vll,
472 453 626 512 3correxi
648 450 757 528 Opusc.
779 452 811 508 11
832 471 861 528 p.
889 454 955 510 125.
999 453 1063 513 Lib.
1085 453 1183 524 XLV,
1217 454 1262 522 13,
1293 456 1333 510 13

268 561 297 618 in
318 559 447 622 Vindob.
470 577 523 634 pro
545 556 710 614 misisset
732 558 869 634 scriptum
892 559 990 616 misit
1008 554 1110 632 sed.¹)

352 664 424 741 Cap.
457 666 511 734 l9,
542 665 560 722 9
594 663 635 738 (in
657 680 807 738 responso,
845 665 922 738 quod
955 664 1098 722 maximus
1130 675 1199 722 netu
1233 666 1331 741 gentis

269 767 478 830 Volcianorum
499 769 602 844 legatis
624 769 766 826 Romanis
793 769 907 828 dedisse
922 777 1086 838 narratum:
1116 770 1200 844 Qua
1219 791 1331 828 vere·

268 878 401 936 cundia
428 887 496 947 est,
532 875 703 944 Romani,
740 876 933 951 postulare
964 895 1044 946 vos,
1077 877 1128 934 uti
1163 887 1329 934 vestram

269 981 633 1058 Carthaginiensium
658 981 830 1038 amicitias
846 1001 1113 1057 praeponamus,
1130 1000 1249 1057 quum,
1268 983 1331 1056 qui

269 1087 307 1144 id
344 1085 513 1146 iecerunt
547 1087 758 1163 Saguntini,
792 1087 995 1158 crudelius,
1034 1107 1137 1162 quam
1179 1090 1331 1146 Poenus

268 1193 386 1251 hostis
408 1193 586 1269 perdidit,
607 1212 672 1250 vos
693 1193 786 1251 socii
807 1192 1064 1268 prodideritis.
1108 1192 1156 1252 Sic
1179 1194 1330 1252 Weissen-

269 1301 389 1358 bomius
408 1300 531 1376 scripsit,
549 1300 679 1357 codicum
703 1310 731 1356 et
754 1299 928 1374 optimorum
953 1299 1078 1356 omnium
1102 1298 1330 1375 lCMCantabr.)

268 1417 298 1465 et
320 1405 494 1464 ‹leteriorum
518 1405 721 1481 plerorumque
746 1405 946 1462 auctoritatem
968 1417 1092 1476 secutus,
1122 1425 1210 1480 quum
1241 1417 1330 1462 antea

269 1515 415 1572 ederetur:
440 1530 560 1587 quum,
582 1511 642 1587 qni
663 1511 698 1567 id
723 1511 904 1581 iecerunt,
927 1510 1170 1585 Saguntinos,
1192 1521 1244 1572 cet.
1290 1514 1329 1569 Et

269 1629 405 1696 apparet,
438 1617 547 1674 frustra
568 1617 683 1674 defendi
704 1617 782 1676 illam
807 1617 977 1676 nominativi
1000 1617 1037 1673 ad
1059 1618 1227 1674 sententiam
1252 1618 1329 1675 rela-

268 1726 357 1784 tivam
379 1724 608 1784 adiunctionem:
642 1742 709 1781 nam
744 1733 773 1781 ct
806 1723 947 1781 delitescit
967 1723 1009 1780 ite
1031 1741 1065 1780 ea
1087 1724 1181 1792 notio,
1215 1725 1330 1800 inqua

269 1831 382 1908 pondus
401 1830 540 1888 orationis
562 1839 620 1900 est,
655 1839 684 1886 et
715 1848 809 1905 prava
834 1828 996 1905 partitionis
1024 1829 1195 1904 significatio
1224 1831 1328 1900 oritur,

269 1938 353 2012 quasi
375 1936 486 2011 aliquot
501 1935 739 2010 Saguntinorum,
761 1954 819 1992 non
831 1953 940 2004 omnes,
954 1937 1153 1992 Romanorum
1168 1935 1326 1994 amicitiam

268 2043 445 2119 praetulerint
466 2041 505 2107 (ii
529 2041 739 2116 Saguntini,
762 2039 848 2119 qui).
880 2039 956 2114 Quid
971 2039 1080 2114 igitur?
1105 2041 1328 2100 restituemusnc

270 2149 466 2207 accusativum
483 2159 584 2206 contre
605 2129 738 2204 codices?
781 2147 845 2204 Imo
866 2145 1008 2217 tollemus,
1031 2146 1144 2220 opinor,
1166 2158 1259 2206 totam
1274 2169 1325 2206 vo-

269 2273 332 2312 cem
354 2255 483 2312 additam
505 2252 672 2310 declarendi
693 2271 791 2334 causa,
815 2253 982 2327 quiessent,
1005 2271 1078 2326 quos
1094 2253 1194 2310 Livius
1216 2255 1325 2312 omisso

267 2362 382 2419 nomine
411 2359 613 2436 significasset,
644 2359 694 2416 sed
716 2357 855 2422 additam,
883 2359 961 2432 quod
983 2359 1146 2416 huiusmodi
1167 2359 1324 2435 interpola-

266 2467 351 2525 tionis
387 2466 576 2523 certissimum
609 2464 744 2522 indicium
779 2475 837 2534 est,
872 2482 965 2538 pravo
1004 2482 1072 2522 cusu
1114 2465 1324 2536 (nominativo,

267 2585 350 2632 extra
378 2592 484 2630 nexum
507 2571 679 2642 orationis);
713 2579 815 2627 notata
837 2570 895 2627 iam
917 2571 977 2627 cius
999 2571 1040 2628 rci
1063 2573 1196 2648 exempla
1216 2573 1247 2629 in
1270 2573 1323 2639 lv,

267 2681 316 2750 ³2,
340 2684 355 2736 7
381 2676 472 2755 (eos)
496 2689 525 2735 et
545 2679 600 2746 Vl,
628 2682 673 2747 17,
696 2680 713 2734 6
737 2676 810 2750 (idm
841 2676 891 2733 sed
918 2695 1036 2752 prorsus
1057 2677 1184 2734 eiusdem
1209 2679 1324 2753 generis

265 2797 328 2845 erat
350 2786 478 2842 additum
495 2785 573 2860 apud
588 2783 756 2842 Ciceronem
772 2785 840 2839 Act.
863 2783 878 2838 l
900 2782 929 2838 in
951 2783 1035 2841 Verr.
1064 2787 1109 2853 18,
1133 2785 1169 2840 53
1193 2785 1322 2852 Siculi,

265 2892 344 2966 quod
369 2910 413 2947 me
436 2899 554 2947 auctore
577 2889 721 2948 sublatum
744 2897 796 2945 est.
843 2887 945 2956 (Aliud
968 2889 1193 2948 additamentum
1215 2891 1244 2948 in
1268 2893 1322 2948 hoc

265 3097 460 3104 ——-—-—.

282 3226 307 3294 ¹)
329 3230 387 3280 Non
406 3239 474 3280 recte
495 3239 581 3280 tamen
599 3231 648 3280 hoc
671 3231 815 3294 corrigendi
833 3245 926 3294 genere
945 3245 1006 3282 usus
1027 3241 1065 3280 cst
1083 3231 1214 3282 Manutius
1233 3233 1259 3281 in
1279 3231 1320 3280 Ci-

334 3325 434 3372 ceronis
446 3323 512 3372 libro
526 3323 553 3372 ΙΙ
568 3323 600 3372 de
613 3323 680 3388 legg.
696 3331 738 3383 25,
759 3329 791 3373 st
811 3324 912 3388 (vides
931 3325 986 3374 scd
1004 3340 1050 3388 pro
1069 3325 1212 3388 vidisse),
1231 3340 1318 3390 quam·

332 3432 408 3481 quam
424 3427 450 3464 et
462 3417 537 3464 ceteri
551 3425 576 3465 et
590 3431 639 3481 ego
651 3418 710 3467 olim
724 3418 778 3467 eius
791 3417 993 3468 emendationem
1008 3417 1179 3481 probavimus.
1208 3417 1274 3466 Nam
1288 3432 1319 3464 ex

331 3510 379 3558 hae
398 3510 664 3574 codicumseriptura:
683 3511 716 3560 in
734 3510 888 3574 &Figuli
902 3511 1056 3574 sepulcro
1076 3511 1203 3561 vidisse
1221 3511 1318 3560 credo

330 3603 600 3652 minimamollcm
632 3604 730 3654 istius
765 3603 809 3652 rei
836 3602 938 3653 luisse
971 3605 1185 3668 cupiditatem
1220 3604 1317 3652 multa

331 3703 506 3745 exstarent
525 3695 632 3760 ampla
650 3697 805 3744 maiorum
826 3695 890 3760 (sine
911 3695 963 3745 ullo
981 3698 1088 3760 vestigio
1108 3697 1221 3746 adverbii
1239 3697 1316 3746 alio-

330 3789 414 3852 quin,
434 3789 502 3851 quod
522 3799 580 3836 ante
599 3789 701 3837 multa
720 3789 821 3837 additur
840 3789 970 3852 ineditis)
989 3789 1111 3840 eflicitur:
1131 3826 1155 3842 ..
1175 3792 1205 3838 iu
1227 3789 1255 3841 C.
1269 3791 1289 3838 F
1297 3791 1316 3836 i·

330 3881 396 3944 guli
415 3881 567 3946 sepulcro
586 3881 712 3930 vidisse
730 3891 759 3930 te
779 3883 887 3932 credo.
939 3882 1104 3930 Minimem
1123 3883 1201 3931 olim
1221 3883 1316 3932 istius

329 3974 374 4022 roi
401 3972 506 4021 luisse
533 3974 763 4037 cupiditatcm,
791 3975 895 4023 multe
921 3984 1054 4024 exstant
1080 3975 1230 4040 exempla
1255 3991 1316 4024 ma·

329 4067 438 4115 iorum.
