2800 4646
549 299 608 354 203

42 493 181 567 posuit3
204 495 324 551 verbum
350 496 452 552 abesse
474 495 630 551 adnotatur
651 495 737 552 etiam
761 515 780 551 a
803 495 892 564 Flor,
914 495 1012 563 Voss,
1034 495 1108 551 Lov.

43 605 70 668 ct,
93 599 146 672 qui
168 599 230 655 sine
251 601 340 657 dubio
362 600 448 656 etiarn
472 618 552 656 cum
574 601 745 670 habitarunt,
768 620 826 658 non
849 601 935 675 quin
960 599 1027 674 —),
1050 619 1109 656 non

43 725 79 762 cx
103 705 161 774 his,
183 705 311 779 inquam,
333 705 434 762 sedex
459 705 572 762 duabus
595 706 762 764 maioribus.
797 708 873 764 Num
898 725 962 780 quae
983 705 1011 761 in
1034 705 1110 762 libro

44 811 157 867 xxvl
179 831 198 866 a
219 829 284 886 cap.
307 815 356 876 41,
384 813 418 868 18
443 815 581 878 (vestro
603 812 834 868 transissent
855 810 923 887 cet.)
952 813 989 868 ad
1019 829 1044 870 c.
1069 815 1105 868 44

43 916 104 972 init.
131 915 262 991 (Mago,
284 917 491 974 Poenorum
514 917 599 990 dux)
623 917 767 992 leguntur,
789 935 824 973 ea
846 917 944 974 omnia
961 937 979 974 a
1001 919 1108 975 Putea-

43 1041 97 1077 neo
122 1022 229 1078 absunt
249 1021 360 1092 (addito
383 1029 451 1098 post
471 1021 580 1091 luctu,
603 1022 681 1096 quod
691 1021 824 1078 lacunam
838 1023 1109 1099 praeceditur-ma-

43 1133 175 1195 nerat),
197 1127 333 1202 itemque,
358 1145 422 1202 quae
440 1128 469 1184 in
491 1127 566 1183 libro
588 1127 716 1184 XXVII
740 1147 757 1184 a
780 1147 843 1204 cap.
869 1131 906 1196 2,
936 1133 963 1184 ll
992 1129 1107 1201 (quarn

42 1249 184 1306 magna
210 1243 244 1288 et
274 1231 481 1306 farinacea)
505 1231 543 1289 ad
563 1251 587 1289 c.
611 1237 643 1302 3,
667 1237 682 1288 7
709 1234 896 1300 (Nucerini
919 1231 1110 1304 Atellam);

43 1353 95 1392 nec
122 1349 192 1411 post
219 1337 292 1396 alios
322 1339 436 1396 codices
466 1357 503 1394 cx
532 1338 581 1394 illo
609 1339 779 1415 descriptos,
801 1339 877 1396 foliis
900 1336 1020 1406 evulsis,
1048 1337 1108 1392 haec

44 1443 205 1516 perierunt3
229 1463 296 1500 narn
319 1445 347 1500 in
368 1445 478 1501 medias
499 1443 622 1519 paginas
647 1443 775 1500 incidunt
796 1445 925 1512 lacunae,
947 1442 1028 1517 prior
1041 1459 1108 1516 spa-

45 1549 84 1604 tio
112 1567 211 1605 vacuo
233 1549 344 1625 aliquot
376 1549 535 1606 litterarum
559 1549 660 1625 capaci
681 1559 792 1617 notata,
815 1549 907 1606 ultera
927 1547 1024 1605 verbis
1040 1567 1108 1605 con-

44 1654 165 1710 tinuatis
195 1655 515 1730 (proeliaquiaid);
550 1655 648 1729 itaque
679 1654 751 1711 folia
785 1654 843 1711 iam
873 1673 910 1711 ex
946 1654 1108 1729 antiquiore

44 1760 161 1828 codiee,
184 1779 201 1816 c
223 1778 282 1834 quo
305 1761 472 1817 Puteancus
493 1761 608 1836 pendet,
640 1759 854 1819 interciderant.
899 1761 993 1834 Atqui
1013 1760 1111 1835 priore

45 1869 109 1922 loco
132 1865 236 1922 eadem
269 1865 366 1921 omnia
395 1865 530 1922 omittunt
559 1865 672 1922 codices
702 1849 789 1921 ceteri
810 1865 898 1940 paulo
921 1865 1108 1938 antiquiores,

44 1971 122 2046 apud
145 1970 332 2029 Gronovium
355 1971 466 2046 regius,
489 1971 667 2029 Petavianns
689 1971 804 2040 melior,
833 1970 1011 2040 Vossianus,
1032 1969 1108 2044 apud

45 2075 320 2133 Drakenborchium
346 2075 510 2146 Mediceus,
540 2077 626 2134 etiam
649 2076 888 2151 Bambergensis3
921 2075 1108 2150 perexiguam

43 2193 159 2256 partem
184 2181 324 2256 (quinque
346 2179 437 2238 ferme
471 2191 521 2239 aut
542 2201 593 2240 sex
615 2201 717 2239 versus
739 2183 896 2254 extremos)
918 2181 1110 2256 supplementi

46 2288 158 2343 habent
182 2285 310 2342 Palatini
331 2287 399 2356 duo,
423 2287 524 2347 Lovel.
553 2291 576 2355 l,
601 2289 629 2356 2,
648 2293 676 2356 l,
691 2291 717 2356 5,
740 2287 833 2356 Harl,
851 2288 958 2356 Haun,
975 2287 1111 2354 Harena,

45 2393 160 2466 reliqua
183 2411 221 2448 ex
243 2391 529 2449 Drakenborchianis
551 2403 662 2450 tantum
685 2395 757 2450 Lov.
782 2395 809 2462 3,
832 2393 963 2460 Gaertn,
980 2393 1112 2448 Recana-

46 2497 154 2565 tunes,
180 2496 384 2566 Berolinensis,
406 2497 452 2554 hic
474 2517 532 2555 orae
555 2509 583 2556 ct
605 2499 669 2555 irnae
690 2498 804 2574 paginae
819 2499 857 2555 ab
879 2499 937 2554 alia
958 2517 1043 2554 manu
1060 2497 1112 2553 ad·

46 2603 166 2678 scripta.
209 2605 353 2678 Apparet,
368 2603 724 2662 recteWeissenbornium
745 2603 973 2679 supplementum
997 2604 1052 2660 hoc
1074 2603 1112 2659 ab

47 2707 167 2763 homine
188 2707 265 2763 Italo
285 2708 381 2783 priora
402 2719 485 2784 parte
507 2709 595 2766 seculi
617 2710 678 2766 XV
699 2727 715 2764 c
736 2707 906 2784 fragmentis
926 2707 992 2765 libri
1014 2709 1060 2764 IX
1084 2717 1114 2764 et

48 2813 77 2869 l(
100 2811 221 2887 Polybii
247 2831 306 2870 non
331 2813 430 2872 inscite
453 2815 644 2891 compositum
672 2833 691 2869 a
719 2813 795 2870 Livii
817 2815 948 2871 oratione
978 2823 1111 2889 typorum

49 2921 144 2975 tonna
168 2918 333 2975 secrevisse.
377 2921 547 2996 Eademque
569 2929 613 2976 est
634 2919 752 2976 alt-erius
771 2919 827 2977 loci
849 2929 933 2988 aetas,
963 2919 1013 2994 qui
1034 2929 1112 2976 totus

50 3025 134 3082 abest
157 3043 177 3080 u
199 3023 262 3082 Pal.
292 3028 300 3080 l
329 3023 490 3096 Gebhardi,
513 3025 643 3100 aregio,
665 3023 867 3092 Monardiano,
891 3025 978 3080 Voss.
996 3024 1112 3083 Grono-

49 3129 101 3198 rii,
125 3129 249 3196 Media,
272 3128 427 3201 Cantaba,
461 3133 534 3189 Lov.
572 3135 600 3198 Ι,
623 3131 717 3199 Hau,
744 3129 842 3186 Haun.
872 3131 1113 3200 Drakenborehii,

49 3245 107 3290 turn
132 3253 153 3290 a
176 3233 400 3309 Bambergensi,
430 3245 493 3293 erat
515 3245 626 3306 auteur,
662 3236 687 3292 si
715 3243 791 3291 recte
815 3235 929 3293 silentio
952 3237 1113 3304 confiditur,

51 3339 77 3394 in
100 3341 177 3397 lov.
200 3341 228 3408 2,
253 3343 281 3408 3,
304 3345 341 3410 4,
365 3344 397 3410 5,
422 3341 522 3412 Harl,
544 3341 676 3410 Gacrtn,
698 3341 906 3398 Recanatiano.
950 3340 1007 3399 Sed
1030 3341 1113 3397 liuius

50 3445 244 3520 supplementi
279 3455 381 3503 auctor
414 3445 515 3503 ludens
536 3446 665 3504 fabulam
699 3447 735 3503 de
768 3445 966 3504 coniuratione
1015 3446 1115 3520 aliquo

51 3549 162 3625 Capuae
182 3550 302 3608 Blossiis
322 3551 499 3627 principibus
521 3551 600 3610 lacta
621 3553 683 3628 ipse
705 3547 887 3620 confinxit¹).
919 3551 1043 3608 Lacunae
1059 3551 1115 3626 igi·

51 3669 96 3711 tur
117 3655 185 3725 illae,
197 3665 308 3712 tanturn
334 3656 426 3724 abest,
448 3667 479 3712 ut
499 3667 610 3715 ceteros
626 3659 740 3716 codices
756 3677 774 3714 a
786 3659 935 3714 Puteaneo
953 3657 1116 3732 seiungant,

72 3971 98 4038 ²)
130 3977 221 4025 finxit
240 3977 317 4025 etiarn
337 3989 381 4035 cn,
400 3976 506 4037 quibus,
533 3977 575 4038 qui
595 3978 626 4024 de
645 3976 700 4038 agri
719 3975 816 4039 publici
835 3975 953 4037 vectigali
973 3975 1116 4038 disputant,

123 4071 159 4118 ati
180 4069 274 4132 solent,
293 4070 324 4118 dc
341 4083 405 4130 agro
426 4067 560 4132 Campano
578 4066 707 4117 frumento
722 4067 816 4116 locato.
