2800 4646
577 306 633 362 251
940 306 998 355 Lib.
1013 306 1102 355 xxt1.

73 488 150 544 Lov.
175 489 204 554 2,
228 487 257 554 3,
281 488 312 549 4)
338 504 397 542 non
418 504 526 559 pares
560 487 703 556 scribitur,
739 488 791 544 sed
823 505 948 561 parurn
982 489 1024 561 (in
1045 490 1139 546 tribus

74 591 270 650 deterioribus
291 597 378 664 parl-
437 591 537 664 Atque
570 594 644 651 hano
675 593 768 668 ipsam
800 591 973 666 scripturam
996 593 1137 667 quemad-

75 697 196 753 modum
208 693 393 753 Alskesalrius
412 708 535 764 enarret
562 699 650 773 legat,
673 698 724 772 qui
742 705 793 754 aut
806 696 899 753 ridere
913 697 1138 772 autphilologiaa

76 800 243 858 huiusmodi
265 800 495 857 attrectat-ionem
526 801 662 876 patient-is
684 802 814 859 misereri
835 801 905 858 velit
915 797 954 877 ¹);
986 803 1066 860 nulla
1093 815 1138 860 est

75 905 152 962 enirn
187 905 335 962 sententia
365 924 402 961 ne
434 906 545 980 species
578 907 704 982 quidem.
761 907 819 966 Sed
852 907 993 964 efficietur
1025 927 1061 965 ex
1093 909 1140 965 his

76 1010 217 1086 vestigiis,
248 1029 307 1066 una
337 1009 434 1067 littera
465 1011 581 1082 addita,
614 1011 717 1068 ceteris
749 1022 826 1070 recte
857 1013 967 1082 divisis,
997 1013 1139 1070 sententia

76 1117 213 1174 omnibus
232 1115 358 1171 numeris
381 1115 516 1172 absoluta
539 1115 620 1172 atrei
645 1123 731 1191 apta:
754 1127 882 1196 coorta
903 1127 958 1173 est
978 1117 1137 1192 peditum

76 1237 216 1295 pugna,
247 1219 363 1294 primo
397 1231 431 1275 et
462 1219 604 1276 viribus
627 1230 663 1277 et
684 1222 814 1280 animis
836 1241 916 1300 per,
951 1225 1027 1285 dum
1055 1241 1139 1280 oon-

76 1326 227 1382 stabant
257 1325 405 1382 ordines
439 1325 561 1384 Gallie
594 1325 861 1401 Hispanisqua;
894 1328 1038 1384 tandem
1069 1329 1138 1384 Ro·

79 1429 174 1486 mani
199 1438 254 1485 oet.
304 1429 450 1503 Quamdiu
472 1431 588 1488 ordines
610 1431 764 1490 Gallorum
787 1433 1043 1506 Hispanorumque
1063 1428 1139 1484 inte·

78 1534 122 1608 gri
142 1534 344 1603 servabantur,
366 1554 450 1609 aequa
472 1537 578 1594 virtute
604 1547 763 1612 pugnatum
784 1546 843 1606 est3
864 1535 915 1592 sed
940 1533 1056 1590 tandem
1078 1533 1138 1590 Ro·

79 1638 172 1695 manis
194 1639 329 1713 contigit,
360 1651 391 1696 ut
422 1659 542 1697 cuneum
570 1642 696 1699 hostiurn
724 1641 934 1717 perfringereut
966 1638 1139 1712 ordinesque

79 1745 292 1820 perturbarent.
301 1738 328 1812 ⁹)
387 1745 422 1802 Id
455 1755 552 1802 auteur
573 1743 700 1822 Romani
722 1745 879 1804 effecerunt
900 1764 967 1808 nou,
998 1753 1029 1800 ut
1050 1741 1139 1817 vulgo

79 1847 115 1904 de
136 1847 281 1906 Gronovii
302 1849 468 1908 coniectura
495 1850 645 1907 scribitur:
676 1869 776 1926 aequa
802 1849 923 1907 fronto
953 1849 1140 1922 densaque

78 1954 157 2010 acie
185 1956 238 2025 (--
260 1953 331 2010 nihil
352 1955 427 2012 enirn
449 1954 543 2012 minus
576 1955 612 2011 ad
635 1973 756 2012 cuneum
780 1954 1014 2030 perfringendam
1038 1962 1138 2027 aptum

78 2067 123 2114 eet
158 2076 246 2132 quam
280 2077 365 2134 aqua
398 2059 488 2129 frons,
528 2079 592 2133 qaia
624 2060 785 2135 perexigua
816 2068 900 2135 parte
931 2059 1026 2133 ipsum
1051 2065 1141 2132 caput

78 2157 172 2230 minei,
193 2163 369 2238 praeoipuum
381 2165 481 2232 robur,
502 2165 618 2239 attingit
632 2163 692 2239 -l,
714 2165 765 2222 sod
787 2163 943 2237 obliqua
964 2161 1085 2220 fronte
1109 2161 1138 2218 in

78 2267 202 2324 alterurn
233 2267 308 2324 latus
338 2270 420 2326 cunei
452 2269 641 2344 prominentis
670 2268 881 2337 incumbentes3
925 2279 954 2326 et
990 2267 1140 2341 obliqua

78 2373 201 2429 fronte
239 2373 326 2430 scribi
358 2373 472 2448 Lipsius
510 2375 644 2431 voluerat
674 2375 808 2447 proxime
840 2373 972 2432 codicum
1003 2371 1142 2446 vestigia;

78 2497 144 2534 nam
165 2478 195 2534 iu
220 2479 245 2535 P
268 2497 286 2535 a
311 2497 397 2535 manu
420 2497 465 2553 pr.
491 2489 535 2536 est
564 2497 656 2554 saepe
686 2477 926 2552 consiliaequa
955 2475 1090 2544 fronte,
1122 2495 1141 2531 a

78 2603 166 2640 mann
188 2602 245 2642 sec.
271 2603 288 2645 s
311 2601 401 2658 supra
423 2602 447 2645 a
468 2583 605 2658 positum,
628 2583 694 2640 inde
708 2583 737 2639 in
758 2582 861 2640 ceteris
874 2582 956 2638 bouis
969 2577 1139 2656 (CMCanr.)

77 2690 186 2764 quique
218 2689 253 2746 iis
284 2691 312 2746 h.
343 2689 362 2744 l.
385 2689 548 2758 adnarrant,
583 2707 681 2764 sape
713 2686 963 2759 consilioque,
994 2686 1050 2742 hoe
1083 2694 1139 2742 est:

76 2795 198 2852 conisi
223 2793 365 2868 oliqua;
395 2794 540 2850 intercidit
562 2813 619 2850 una
640 2794 735 2850 littera
758 2793 784 2853 b.
828 2791 935 2849 Paucis
956 2801 1024 2866 post
1043 2790 1141 2846 verbis

75 2909 155 2956 recte
176 2897 347 2956 Gronovius
368 2898 455 2955 scribi
477 2898 569 2955 voluit
598 2899 770 2956 institere
800 2917 855 2972 pro
876 2897 1069 2964 insistam
1096 2895 1140 2952 in-

76 3003 205 3060 linitivus
227 3001 380 3060 historicus
402 3002 431 3058 iu
453 3004 509 3060 hac
531 3003 605 3060 serie
627 3003 817 3079 (impulere
847 3046 875 3062 ..
903 3002 1077 3059 insistere
1105 3043 1134 3061 ..

75 3191 277 3200 -------

96 3317 117 3382 ¹)
143 3321 283 3372 Ordines
306 3321 360 3370 vult
378 3335 433 3371 esee
452 3323 639 3382 Romanorum,
668 3323 711 3384 qui
736 3324 848 3372 nondum
875 3322 999 3370 nominati
1025 3329 1086 3370 sunt
1113 3329 1140 3370 et

147 3415 181 3462 ad
207 3429 271 3478 quos
294 3415 450 3478 apertissime
473 3415 595 3464 transitur
618 3415 644 3464 in
663 3415 785 3478 proximis
804 3414 889 3462 verbis
909 3413 1052 3476 (tandem
1077 3414 1140 3462 Bo·

149 3506 260 3566 msam
279 3508 406 3556 viribus
432 3518 585 3556 constare
612 3505 721 3555 Gallis
751 3507 931 3570 interpretatur
949 3505 1060 3556 Gallis
1084 3521 1140 3570 pa·

150 3613 202 3646 res
225 3613 310 3658 ωας
335 3599 371 3648 ita
394 3599 461 3647 hano
484 3599 635 3648 sententiam
660 3597 738 3646 efficit
763 3605 788 3646 et
813 3598 881 3647 hune
907 3599 1061 3646 narrationis
1080 3613 1139 3662 pro·

148 3703 276 3751 gressum:
303 3689 391 3739 Primo
412 3691 547 3754 (Romani)
567 3687 650 3739 Gallis
670 3705 752 3754 neque
771 3691 867 3740 viribus
888 3703 970 3752 neque
985 3690 1076 3738 animis
1093 3703 1139 3752 pa·

148 3797 189 3832 res
209 3793 296 3842 erant3
318 3784 419 3832 taudem
442 3783 551 3832 Romani
571 3797 616 3831 eos
634 3783 756 3832 vicerunt.
793 3783 949 3833 Laudandus
968 3797 1028 3830 vero
1040 3781 1139 3840 Livius,

148 3876 216 3939 qnod
236 3875 375 3938 aliquando
393 3875 505 3923 modeste
524 3875 556 3922 de
575 3874 673 3924 civibus
691 3873 744 3922 suis
762 3873 890 3939 loquitur-l

90 3961 118 4032 ¹)
147 3941 343 4033 llanc'quoque
362 3967 567 4016 emendationem
592 3965 634 4014 W.
660 3965 687 4013 in
706 3975 826 4016 contextu
845 3968 939 4032 posuit,
964 3979 1041 4030 quam
1064 3973 1143 4012 antea

148 4059 201 4109 alis
220 4067 350 4111 senneser.
