<?xml version="1.0" encoding="UTF-8"?>
<!DOCTYPE html PUBLIC "-//W3C//DTD XHTML 1.0 Transitional//EN"
    "http://www.w3.org/TR/xhtml1/DTD/xhtml1-transitional.dtd">
<html xmlns="http://www.w3.org/1999/xhtml" xml:lang="en" lang="en">
 <head>
  <title>
</title>
<meta http-equiv="Content-Type" content="text/html;charset=utf-8" />
  <meta name='ocr-system' content='tesseract 3.04.00' />
  <meta name='ocr-capabilities' content='ocr_page ocr_carea ocr_par ocr_line ocrx_word'/>
</head>
<body>
  <div class='ocr_page' id='page_1' title='image "./emendationesliv02madvgoog_0195.png"; bbox 0 0 2800 4646; ppageno 0'>
   <div class='ocr_carea' id='block_1_1' title="bbox 784 283 841 338">
    <p class='ocr_par' dir='ltr' id='par_1_1' title="bbox 784 283 841 338">
     <span class='ocr_line' id='line_1_1' title="bbox 784 283 841 338; baseline 0 0"><span class='ocrx_word' id='word_1_1' title='bbox 784 283 841 338; x_wconf 80' lang='lat'>186</span> 
     </span>
    </p>
   </div>
   <div class='ocr_carea' id='block_1_2' title="bbox 731 458 886 534">
    <p class='ocr_par' dir='ltr' id='par_1_2' title="bbox 731 458 886 534">
     <span class='ocr_line' id='line_1_2' title="bbox 731 458 886 534; baseline 0.013 -2"><span class='ocrx_word' id='word_1_2' title='bbox 731 458 810 533; x_wconf 89' lang='lat' dir='ltr'><strong>Lib.</strong></span> <span class='ocrx_word' id='word_1_3' title='bbox 836 459 886 534; x_wconf 91' lang='lat' dir='ltr'>X.</span> 
     </span>
    </p>
   </div>
   <div class='ocr_carea' id='block_1_3' title="bbox 271 647 1353 3574">
    <p class='ocr_par' dir='ltr' id='par_1_3' title="bbox 271 647 1353 3574">
     <span class='ocr_line' id='line_1_3' title="bbox 362 647 1347 724; baseline -0.002 -17"><span class='ocrx_word' id='word_1_4' title='bbox 362 649 433 724; x_wconf 87' lang='lat' dir='ltr'>Cap.</span> <span class='ocrx_word' id='word_1_5' title='bbox 458 651 486 719; x_wconf 80' lang='lat'>2,</span> <span class='ocrx_word' id='word_1_6' title='bbox 510 653 526 706; x_wconf 86' lang='lat'><strong>5</strong></span> <span class='ocrx_word' id='word_1_7' title='bbox 550 653 618 706; x_wconf 88' lang='lat' dir='ltr'>et6</span> <span class='ocrx_word' id='word_1_8' title='bbox 649 649 700 719; x_wconf 86' lang='lat' dir='ltr'>(de</span> <span class='ocrx_word' id='word_1_9' title='bbox 728 647 888 724; x_wconf 85' lang='lat' dir='ltr'><strong>Cleonymo</strong></span> <span class='ocrx_word' id='word_1_10' title='bbox 911 647 1131 704; x_wconf 69' lang='lat' dir='ltr'>Lacedaemonio</span> <span class='ocrx_word' id='word_1_11' title='bbox 1162 666 1226 705; x_wconf 88' lang='lat' dir='ltr'>cnm</span> <span class='ocrx_word' id='word_1_12' title='bbox 1250 649 1347 706; x_wconf 87' lang='lat' dir='ltr'>classe</span> 
     </span>
     <span class='ocr_line' id='line_1_4' title="bbox 277 753 1348 830; baseline -0.002 -18"><span class='ocrx_word' id='word_1_13' title='bbox 277 756 316 812; x_wconf 87' lang='lat' dir='ltr'>ad</span> <span class='ocrx_word' id='word_1_14' title='bbox 350 755 436 812; x_wconf 87' lang='lat' dir='ltr'>litora</span> <span class='ocrx_word' id='word_1_15' title='bbox 467 755 647 812; x_wconf 80' lang='lat' dir='ltr'>Venetorum</span> <span class='ocrx_word' id='word_1_16' title='bbox 680 755 830 824; x_wconf 75' lang='lat' dir='ltr'>advectat:</span> <span class='ocrx_word' id='word_1_17' title='bbox 867 753 1063 828; x_wconf 79' lang='lat' dir='ltr'>Expositis</span> <span class='ocrx_word' id='word_1_18' title='bbox 1096 753 1242 830; x_wconf 79' lang='lat' dir='ltr'>paucis,</span> <span class='ocrx_word' id='word_1_19' title='bbox 1282 755 1348 828; x_wconf 90' lang='lat' dir='ltr'>qui</span> 
     </span>
     <span class='ocr_line' id='line_1_5' title="bbox 277 858 1349 936; baseline -0.002 -20"><span class='ocrx_word' id='word_1_20' title='bbox 277 860 358 918; x_wconf 89' lang='lat' dir='ltr'>loce</span> <span class='ocrx_word' id='word_1_21' title='bbox 381 862 634 936; x_wconf 82' lang='lat' dir='ltr'>explorarent,</span> <span class='ocrx_word' id='word_1_22' title='bbox 656 879 760 934; x_wconf 89' lang='lat' dir='ltr'>quum</span> <span class='ocrx_word' id='word_1_23' title='bbox 784 859 949 916; x_wconf 82' lang='lat' dir='ltr'><strong>audisset</strong></span> <span class='ocrx_word' id='word_1_24' title='bbox 971 858 1068 934; x_wconf 86' lang='lat' dir='ltr'>(codd.</span> <span class='ocrx_word' id='word_1_25' title='bbox 1092 858 1282 916; x_wconf 79' lang='lat' dir='ltr'>audissent</span> <span class='ocrx_word' id='word_1_26' title='bbox 1304 860 1349 915; x_wconf 92' lang='lat' dir='ltr'>ob</span> 
     </span>
     <span class='ocr_line' id='line_1_6' title="bbox 276 965 1348 1043; baseline 0.001 -22"><span class='ocrx_word' id='word_1_27' title='bbox 276 966 441 1040; x_wconf 66' lang='lat' dir='ltr'>precedens</span> <span class='ocrx_word' id='word_1_28' title='bbox 472 967 741 1043; x_wconf 68' lang='lat' dir='ltr'>explorarent),</span> <span class='ocrx_word' id='word_1_29' title='bbox 763 975 870 1022; x_wconf 87' lang='lat' dir='ltr'>tenue</span> <span class='ocrx_word' id='word_1_30' title='bbox 897 973 1113 1040; x_wconf 75' lang='lat' dir='ltr'>praetentum</span> <span class='ocrx_word' id='word_1_31' title='bbox 1143 965 1230 1021; x_wconf 89' lang='lat' dir='ltr'>litus</span> <span class='ocrx_word' id='word_1_32' title='bbox 1252 982 1348 1034; x_wconf 82' lang='lat' dir='ltr'>esse,</span> 
     </span>
     <span class='ocr_line' id='line_1_7' title="bbox 278 1070 1348 1148; baseline 0.001 -21"><span class='ocrx_word' id='word_1_33' title='bbox 278 1072 372 1145; x_wconf 91' lang='lat' dir='ltr'>quod</span> <span class='ocrx_word' id='word_1_34' title='bbox 406 1071 652 1148; x_wconf 81' lang='lat' dir='ltr'>transgressis</span> <span class='ocrx_word' id='word_1_35' title='bbox 694 1079 826 1146; x_wconf 84' lang='lat' dir='ltr'>stagna</span> <span class='ocrx_word' id='word_1_36' title='bbox 863 1071 905 1126; x_wconf 90' lang='lat' dir='ltr'>ab</span> <span class='ocrx_word' id='word_1_37' title='bbox 939 1079 1044 1146; x_wconf 89' lang='lat' dir='ltr'>tergo</span> <span class='ocrx_word' id='word_1_38' title='bbox 1083 1071 1158 1128; x_wconf 87' lang='lat' dir='ltr'>sint</span> <span class='ocrx_word' id='word_1_39' title='bbox 1193 1070 1348 1146; x_wconf 90' lang='lat' dir='ltr'>inrigua</span> 
     </span>
     <span class='ocr_line' id='line_1_8' title="bbox 276 1177 1353 1253; baseline 0 -17"><span class='ocrx_word' id='word_1_40' title='bbox 276 1181 426 1238; x_wconf 79' lang='lat' dir='ltr'>testibus</span> <span class='ocrx_word' id='word_1_41' title='bbox 463 1178 672 1248; x_wconf 86' lang='lat' dir='ltr'>maritimis,</span> <span class='ocrx_word' id='word_1_42' title='bbox 709 1193 818 1251; x_wconf 86' lang='lat' dir='ltr'>agros</span> <span class='ocrx_word' id='word_1_43' title='bbox 856 1177 951 1232; x_wconf 91' lang='lat' dir='ltr'>haud</span> <span class='ocrx_word' id='word_1_44' title='bbox 986 1177 1114 1253; x_wconf 90' lang='lat' dir='ltr'>procul</span> <span class='ocrx_word' id='word_1_45' title='bbox 1152 1177 1353 1252; x_wconf 84' lang='lat' dir='ltr'>proximos</span> 
     </span>
     <span class='ocr_line' id='line_1_9' title="bbox 276 1281 1349 1362; baseline -0.003 -18"><span class='ocrx_word' id='word_1_46' title='bbox 276 1295 502 1362; x_wconf 80' lang='lat' dir='ltr'>campestres</span> <span class='ocrx_word' id='word_1_47' title='bbox 524 1285 633 1352; x_wconf 83' lang='lat' dir='ltr'>cerni,</span> <span class='ocrx_word' id='word_1_48' title='bbox 656 1281 839 1340; x_wconf 88' lang='lat' dir='ltr'>ulteriora</span> <span class='ocrx_word' id='word_1_49' title='bbox 861 1281 976 1340; x_wconf 90' lang='lat' dir='ltr'>colles</span> <span class='ocrx_word' id='word_1_50' title='bbox 996 1283 1114 1340; x_wconf 91' lang='lat' dir='ltr'>videri</span> <span class='ocrx_word' id='word_1_51' title='bbox 1137 1301 1233 1352; x_wconf 79' lang='lat' dir='ltr'>esse,</span> <span class='ocrx_word' id='word_1_52' title='bbox 1254 1284 1349 1342; x_wconf 90' lang='lat' dir='ltr'>osti-</span> 
     </span>
     <span class='ocr_line' id='line_1_10' title="bbox 276 1387 1348 1466; baseline -0.003 -19"><span class='ocrx_word' id='word_1_53' title='bbox 276 1410 328 1447; x_wconf 90' lang='lat' dir='ltr'>um</span> <span class='ocrx_word' id='word_1_54' title='bbox 362 1387 527 1446; x_wconf 88' lang='lat' dir='ltr'>fluminis</span> <span class='ocrx_word' id='word_1_55' title='bbox 549 1389 707 1466; x_wconf 72' lang='lat' dir='ltr'>praealti,</span> <span class='ocrx_word' id='word_1_56' title='bbox 738 1407 807 1462; x_wconf 91' lang='lat' dir='ltr'>quo</span> <span class='ocrx_word' id='word_1_57' title='bbox 839 1387 1038 1464; x_wconf 80' lang='lat' dir='ltr'>circumagi</span> <span class='ocrx_word' id='word_1_58' title='bbox 1067 1405 1178 1446; x_wconf 85' lang='lat' dir='ltr'>naves</span> <span class='ocrx_word' id='word_1_59' title='bbox 1207 1388 1241 1444; x_wconf 89' lang='lat' dir='ltr'>in</span> <span class='ocrx_word' id='word_1_60' title='bbox 1269 1397 1348 1445; x_wconf 89' lang='lat' dir='ltr'>sta-</span> 
     </span>
     <span class='ocr_line' id='line_1_11' title="bbox 275 1494 1349 1568; baseline -0.004 -16"><span class='ocrx_word' id='word_1_61' title='bbox 275 1495 409 1552; x_wconf 90' lang='lat' dir='ltr'>tionem</span> <span class='ocrx_word' id='word_1_62' title='bbox 432 1504 544 1551; x_wconf 87' lang='lat' dir='ltr'>tutam</span> <span class='ocrx_word' id='word_1_63' title='bbox 568 1494 709 1550; x_wconf 86' lang='lat' dir='ltr'>vidisse</span> <span class='ocrx_word' id='word_1_64' title='bbox 738 1497 787 1566; x_wconf 89' lang='lat'>(—</span> <span class='ocrx_word' id='word_1_65' title='bbox 813 1494 1012 1551; x_wconf 83' lang='lat' dir='ltr'>Meduacus</span> <span class='ocrx_word' id='word_1_66' title='bbox 1040 1496 1154 1552; x_wconf 87' lang='lat' dir='ltr'>amnis</span> <span class='ocrx_word' id='word_1_67' title='bbox 1176 1505 1254 1550; x_wconf 89' lang='lat' dir='ltr'>erat</span> <span class='ocrx_word' id='word_1_68' title='bbox 1277 1496 1349 1568; x_wconf 90' lang='lat'>—)‚</span> 
     </span>
     <span class='ocr_line' id='line_1_12' title="bbox 277 1597 1348 1659; baseline 0 -1"><span class='ocrx_word' id='word_1_69' title='bbox 277 1619 316 1659; x_wconf 91' lang='lat' dir='ltr'>eo</span> <span class='ocrx_word' id='word_1_70' title='bbox 338 1601 517 1657; x_wconf 86' lang='lat' dir='ltr'>invectam</span> <span class='ocrx_word' id='word_1_71' title='bbox 540 1598 694 1656; x_wconf 80' lang='lat' dir='ltr'>classem</span> <span class='ocrx_word' id='word_1_72' title='bbox 716 1597 840 1654; x_wconf 89' lang='lat' dir='ltr'>subire</span> <span class='ocrx_word' id='word_1_73' title='bbox 870 1597 1022 1656; x_wconf 86' lang='lat' dir='ltr'>flumine</span> <span class='ocrx_word' id='word_1_74' title='bbox 1044 1599 1200 1656; x_wconf 87' lang='lat' dir='ltr'>adverso</span> <span class='ocrx_word' id='word_1_75' title='bbox 1221 1599 1348 1658; x_wconf 90' lang='lat' dir='ltr'>iussit.</span> 
     </span>
     <span class='ocr_line' id='line_1_13' title="bbox 275 1703 1346 1779; baseline -0.001 -15"><span class='ocrx_word' id='word_1_76' title='bbox 275 1708 309 1764; x_wconf 87' lang='lat' dir='ltr'>ln</span> <span class='ocrx_word' id='word_1_77' title='bbox 332 1707 483 1772; x_wconf 74' lang='lat' dir='ltr'>hocloco,</span> <span class='ocrx_word' id='word_1_78' title='bbox 505 1703 534 1760; x_wconf 90' lang='lat' dir='ltr'>in</span> <span class='ocrx_word' id='word_1_79' title='bbox 556 1723 614 1778; x_wconf 88' lang='lat' dir='ltr'>quo</span> <span class='ocrx_word' id='word_1_80' title='bbox 636 1703 715 1760; x_wconf 90' lang='lat' dir='ltr'>nulla</span> <span class='ocrx_word' id='word_1_81' title='bbox 731 1713 782 1772; x_wconf 69' lang='lat' dir='ltr'>est,</span> <span class='ocrx_word' id='word_1_82' title='bbox 808 1722 872 1778; x_wconf 85' lang='lat' dir='ltr'>quae</span> <span class='ocrx_word' id='word_1_83' title='bbox 884 1704 1076 1779; x_wconf 87' lang='lat' dir='ltr'>suspicionem</span> <span class='ocrx_word' id='word_1_84' title='bbox 1100 1714 1225 1775; x_wconf 69' lang='lat' dir='ltr'>moveat</span> <span class='ocrx_word' id='word_1_85' title='bbox 1246 1705 1346 1763; x_wconf 89' lang='lat' dir='ltr'>bono-</span> 
     </span>
     <span class='ocr_line' id='line_1_14' title="bbox 275 1809 1347 1880; baseline 0.002 -11"><span class='ocrx_word' id='word_1_86' title='bbox 275 1831 338 1869; x_wconf 88' lang='lat' dir='ltr'>rum</span> <span class='ocrx_word' id='word_1_87' title='bbox 361 1811 491 1867; x_wconf 85' lang='lat' dir='ltr'>codicum</span> <span class='ocrx_word' id='word_1_88' title='bbox 515 1809 659 1880; x_wconf 84' lang='lat' dir='ltr'>varietas,</span> <span class='ocrx_word' id='word_1_89' title='bbox 691 1809 754 1866; x_wconf 78' lang='lat' dir='ltr'>dua</span> <span class='ocrx_word' id='word_1_90' title='bbox 785 1827 832 1866; x_wconf 85' lang='lat' dir='ltr'>res</span> <span class='ocrx_word' id='word_1_91' title='bbox 861 1809 1069 1866; x_wconf 83' lang='lat' dir='ltr'>dubitationem</span> <span class='ocrx_word' id='word_1_92' title='bbox 1102 1811 1217 1880; x_wconf 70' lang='lat' dir='ltr'>habent</span> <span class='ocrx_word' id='word_1_93' title='bbox 1246 1813 1347 1871; x_wconf 84' lang='lat' dir='ltr'>altera</span> 
     </span>
     <span class='ocr_line' id='line_1_15' title="bbox 275 1914 1346 1992; baseline 0.005 -20"><span class='ocrx_word' id='word_1_94' title='bbox 275 1917 302 1972; x_wconf 91' lang='lat' dir='ltr'>in</span> <span class='ocrx_word' id='word_1_95' title='bbox 337 1917 434 1991; x_wconf 88' lang='lat' dir='ltr'>priore</span> <span class='ocrx_word' id='word_1_96' title='bbox 466 1923 559 1990; x_wconf 73' lang='lat' dir='ltr'>parte,</span> <span class='ocrx_word' id='word_1_97' title='bbox 596 1915 688 1970; x_wconf 86' lang='lat' dir='ltr'>altera</span> <span class='ocrx_word' id='word_1_98' title='bbox 721 1914 750 1971; x_wconf 92' lang='lat' dir='ltr'>in</span> <span class='ocrx_word' id='word_1_99' title='bbox 784 1914 959 1992; x_wconf 82' lang='lat' dir='ltr'>posteriore3</span> <span class='ocrx_word' id='word_1_100' title='bbox 990 1934 1058 1972; x_wconf 77' lang='lat' dir='ltr'>nant</span> <span class='ocrx_word' id='word_1_101' title='bbox 1090 1916 1119 1972; x_wconf 91' lang='lat' dir='ltr'>in</span> <span class='ocrx_word' id='word_1_102' title='bbox 1148 1917 1248 1974; x_wconf 87' lang='lat' dir='ltr'>mediis</span> <span class='ocrx_word' id='word_1_103' title='bbox 1269 1919 1346 1977; x_wconf 89' lang='lat' dir='ltr'>illis:</span> 
     </span>
     <span class='ocr_line' id='line_1_16' title="bbox 275 2019 1345 2096; baseline 0.004 -18"><span class='ocrx_word' id='word_1_104' title='bbox 275 2039 386 2096; x_wconf 88' lang='lat' dir='ltr'>agros</span> <span class='ocrx_word' id='word_1_105' title='bbox 419 2019 512 2078; x_wconf 92' lang='lat' dir='ltr'>haud</span> <span class='ocrx_word' id='word_1_106' title='bbox 543 2019 671 2094; x_wconf 91' lang='lat' dir='ltr'>procul</span> <span class='ocrx_word' id='word_1_107' title='bbox 704 2051 739 2061; x_wconf 90' lang='lat'>-</span> <span class='ocrx_word' id='word_1_108' title='bbox 776 2021 896 2078; x_wconf 90' lang='lat' dir='ltr'>videri</span> <span class='ocrx_word' id='word_1_109' title='bbox 932 2038 1010 2076; x_wconf 88' lang='lat' dir='ltr'>esse</span> <span class='ocrx_word' id='word_1_110' title='bbox 1042 2040 1095 2096; x_wconf 88' lang='lat' dir='ltr'>per</span> <span class='ocrx_word' id='word_1_111' title='bbox 1127 2040 1158 2078; x_wconf 91' lang='lat' dir='ltr'>se</span> <span class='ocrx_word' id='word_1_112' title='bbox 1189 2023 1268 2080; x_wconf 85' lang='lat' dir='ltr'>nulla</span> <span class='ocrx_word' id='word_1_113' title='bbox 1296 2039 1345 2082; x_wconf 86' lang='lat' dir='ltr'>est</span> 
     </span>
     <span class='ocr_line' id='line_1_17' title="bbox 274 2125 1345 2202; baseline 0.006 -20"><span class='ocrx_word' id='word_1_114' title='bbox 274 2125 445 2194; x_wconf 81' lang='lat' dir='ltr'>difficultas3</span> <span class='ocrx_word' id='word_1_115' title='bbox 476 2134 552 2182; x_wconf 88' lang='lat' dir='ltr'>recte</span> <span class='ocrx_word' id='word_1_116' title='bbox 585 2125 660 2182; x_wconf 89' lang='lat' dir='ltr'>enim</span> <span class='ocrx_word' id='word_1_117' title='bbox 692 2135 720 2181; x_wconf 90' lang='lat' dir='ltr'>et</span> <span class='ocrx_word' id='word_1_118' title='bbox 743 2127 877 2182; x_wconf 87' lang='lat' dir='ltr'>universe</span> <span class='ocrx_word' id='word_1_119' title='bbox 897 2143 984 2200; x_wconf 86' lang='lat' dir='ltr'>agros</span> <span class='ocrx_word' id='word_1_120' title='bbox 1010 2126 1104 2182; x_wconf 90' lang='lat' dir='ltr'>haud</span> <span class='ocrx_word' id='word_1_121' title='bbox 1126 2129 1253 2202; x_wconf 91' lang='lat' dir='ltr'>procul</span> <span class='ocrx_word' id='word_1_122' title='bbox 1276 2148 1345 2188; x_wconf 87' lang='lat' dir='ltr'>esse</span> 
     </span>
     <span class='ocr_line' id='line_1_18' title="bbox 275 2230 1343 2308; baseline 0.005 -21"><span class='ocrx_word' id='word_1_123' title='bbox 275 2230 453 2305; x_wconf 88' lang='lat' dir='ltr'>significatur</span> <span class='ocrx_word' id='word_1_124' title='bbox 484 2241 513 2288; x_wconf 89' lang='lat' dir='ltr'>et</span> <span class='ocrx_word' id='word_1_125' title='bbox 544 2232 647 2288; x_wconf 88' lang='lat' dir='ltr'>horum</span> <span class='ocrx_word' id='word_1_126' title='bbox 681 2231 808 2308; x_wconf 89' lang='lat' dir='ltr'>proximi</span> <span class='ocrx_word' id='word_1_127' title='bbox 842 2232 879 2287; x_wconf 86' lang='lat' dir='ltr'>ab</span> <span class='ocrx_word' id='word_1_128' title='bbox 912 2231 1096 2288; x_wconf 88' lang='lat' dir='ltr'>ulterioribus</span> <span class='ocrx_word' id='word_1_129' title='bbox 1129 2232 1343 2304; x_wconf 74' lang='lat' dir='ltr'>discernuntur,</span> 
     </span>
     <span class='ocr_line' id='line_1_19' title="bbox 275 2334 1346 2413; baseline 0.004 -21"><span class='ocrx_word' id='word_1_130' title='bbox 275 2334 411 2410; x_wconf 85' lang='lat' dir='ltr'>factaque</span> <span class='ocrx_word' id='word_1_131' title='bbox 433 2338 607 2412; x_wconf 89' lang='lat' dir='ltr'>apponendo</span> <span class='ocrx_word' id='word_1_132' title='bbox 630 2337 786 2413; x_wconf 84' lang='lat' dir='ltr'>partitione</span> <span class='ocrx_word' id='word_1_133' title='bbox 811 2341 933 2410; x_wconf 85' lang='lat' dir='ltr'>(agros</span> <span class='ocrx_word' id='word_1_134' title='bbox 958 2367 992 2376; x_wconf 94' lang='lat'>—</span> <span class='ocrx_word' id='word_1_135' title='bbox 1017 2338 1203 2412; x_wconf 86' lang='lat' dir='ltr'>proximos</span> <span class='ocrx_word' id='word_1_136' title='bbox 1225 2373 1264 2382; x_wconf 89' lang='lat'>·-</span> <span class='ocrx_word' id='word_1_137' title='bbox 1291 2341 1346 2398; x_wconf 89' lang='lat' dir='ltr'>ul·</span> 
     </span>
     <span class='ocr_line' id='line_1_20' title="bbox 275 2441 1344 2516; baseline 0.005 -18"><span class='ocrx_word' id='word_1_138' title='bbox 275 2443 433 2511; x_wconf 84' lang='lat' dir='ltr'>teriora,</span> <span class='ocrx_word' id='word_1_139' title='bbox 456 2441 497 2498; x_wconf 90' lang='lat' dir='ltr'>ita</span> <span class='ocrx_word' id='word_1_140' title='bbox 519 2451 550 2498; x_wconf 88' lang='lat' dir='ltr'>ut</span> <span class='ocrx_word' id='word_1_141' title='bbox 572 2443 658 2499; x_wconf 88' lang='lat' dir='ltr'>etiarn</span> <span class='ocrx_word' id='word_1_142' title='bbox 681 2442 720 2499; x_wconf 89' lang='lat' dir='ltr'>ad</span> <span class='ocrx_word' id='word_1_143' title='bbox 742 2441 835 2498; x_wconf 90' lang='lat' dir='ltr'>neutri</span> <span class='ocrx_word' id='word_1_144' title='bbox 858 2442 971 2516; x_wconf 82' lang='lat' dir='ltr'>generis</span> <span class='ocrx_word' id='word_1_145' title='bbox 994 2443 1141 2500; x_wconf 89' lang='lat' dir='ltr'>notionem</span> <span class='ocrx_word' id='word_1_146' title='bbox 1157 2444 1344 2504; x_wconf 89' lang='lat' dir='ltr'>incertiorem</span> 
     </span>
     <span class='ocr_line' id='line_1_21' title="bbox 276 2547 1342 2623; baseline 0.006 -20"><span class='ocrx_word' id='word_1_147' title='bbox 276 2549 469 2618; x_wconf 79' lang='lat' dir='ltr'>transeatur),</span> <span class='ocrx_word' id='word_1_148' title='bbox 495 2567 549 2623; x_wconf 90' lang='lat' dir='ltr'>pro</span> <span class='ocrx_word' id='word_1_149' title='bbox 579 2547 725 2612; x_wconf 85' lang='lat' dir='ltr'>communi</span> <span class='ocrx_word' id='word_1_150' title='bbox 753 2548 842 2603; x_wconf 88' lang='lat' dir='ltr'>verbo</span> <span class='ocrx_word' id='word_1_151' title='bbox 874 2548 932 2606; x_wconf 91' lang='lat' dir='ltr'>duo</span> <span class='ocrx_word' id='word_1_152' title='bbox 965 2549 1162 2620; x_wconf 89' lang='lat' dir='ltr'>subiiciuntur,</span> <span class='ocrx_word' id='word_1_153' title='bbox 1190 2551 1226 2606; x_wconf 89' lang='lat' dir='ltr'>ad</span> <span class='ocrx_word' id='word_1_154' title='bbox 1254 2569 1342 2610; x_wconf 84' lang='lat' dir='ltr'>suurn</span> 
     </span>
     <span class='ocr_line' id='line_1_22' title="bbox 275 2653 1343 2728; baseline 0.008 -21"><span class='ocrx_word' id='word_1_155' title='bbox 275 2653 410 2726; x_wconf 87' lang='lat' dir='ltr'>quodque</span> <span class='ocrx_word' id='word_1_156' title='bbox 433 2662 546 2727; x_wconf 80' lang='lat' dir='ltr'>partem</span> <span class='ocrx_word' id='word_1_157' title='bbox 569 2663 670 2728; x_wconf 88' lang='lat' dir='ltr'>aptum</span> <span class='ocrx_word' id='word_1_158' title='bbox 694 2653 805 2728; x_wconf 89' lang='lat' dir='ltr'>(cerni</span> <span class='ocrx_word' id='word_1_159' title='bbox 829 2684 864 2694; x_wconf 89' lang='lat'><em>-</em></span> <span class='ocrx_word' id='word_1_160' title='bbox 890 2655 1008 2712; x_wconf 87' lang='lat' dir='ltr'>videri</span> <span class='ocrx_word' id='word_1_161' title='bbox 1032 2657 1134 2728; x_wconf 89' lang='lat' dir='ltr'>esse).</span> <span class='ocrx_word' id='word_1_162' title='bbox 1178 2656 1237 2716; x_wconf 88' lang='lat' dir='ltr'>Sed</span> <span class='ocrx_word' id='word_1_163' title='bbox 1248 2658 1343 2716; x_wconf 83' lang='lat' dir='ltr'>lraere·</span> 
     </span>
     <span class='ocr_line' id='line_1_23' title="bbox 274 2757 1343 2836; baseline 0.007 -23"><span class='ocrx_word' id='word_1_164' title='bbox 274 2775 338 2813; x_wconf 88' lang='lat' dir='ltr'>mus</span> <span class='ocrx_word' id='word_1_165' title='bbox 359 2758 483 2832; x_wconf 91' lang='lat' dir='ltr'>primum</span> <span class='ocrx_word' id='word_1_166' title='bbox 515 2757 544 2814; x_wconf 91' lang='lat' dir='ltr'>in</span> <span class='ocrx_word' id='word_1_167' title='bbox 573 2757 684 2832; x_wconf 85' lang='lat' dir='ltr'>stagnis</span> <span class='ocrx_word' id='word_1_168' title='bbox 713 2779 731 2816; x_wconf 90' lang='lat' dir='ltr'>a</span> <span class='ocrx_word' id='word_1_169' title='bbox 763 2769 844 2834; x_wconf 84' lang='lat' dir='ltr'>tergo</span> <span class='ocrx_word' id='word_1_170' title='bbox 875 2760 956 2832; x_wconf 79' lang='lat' dir='ltr'>sitis,</span> <span class='ocrx_word' id='word_1_171' title='bbox 979 2781 1066 2836; x_wconf 89' lang='lat' dir='ltr'>quum</span> <span class='ocrx_word' id='word_1_172' title='bbox 1087 2761 1270 2820; x_wconf 79' lang='lat' dir='ltr'>manifestum</span> <span class='ocrx_word' id='word_1_173' title='bbox 1294 2764 1343 2830; x_wconf 44' lang='lat' dir='ltr'>sit³</span> 
     </span>
     <span class='ocr_line' id='line_1_24' title="bbox 274 2863 1344 2939; baseline 0.007 -21"><span class='ocrx_word' id='word_1_174' title='bbox 274 2863 340 2918; x_wconf 87' lang='lat' dir='ltr'>litus</span> <span class='ocrx_word' id='word_1_175' title='bbox 363 2873 447 2919; x_wconf 89' lang='lat' dir='ltr'>tenue</span> <span class='ocrx_word' id='word_1_176' title='bbox 470 2863 657 2938; x_wconf 81' lang='lat' dir='ltr'>transgressis</span> <span class='ocrx_word' id='word_1_177' title='bbox 677 2875 782 2939; x_wconf 84' lang='lat' dir='ltr'>stagna</span> <span class='ocrx_word' id='word_1_178' title='bbox 803 2883 839 2920; x_wconf 83' lang='lat' dir='ltr'>ex</span> <span class='ocrx_word' id='word_1_179' title='bbox 862 2865 986 2922; x_wconf 88' lang='lat' dir='ltr'>adverso</span> <span class='ocrx_word' id='word_1_180' title='bbox 1008 2866 1122 2923; x_wconf 88' lang='lat' dir='ltr'>obiecta</span> <span class='ocrx_word' id='word_1_181' title='bbox 1136 2885 1207 2926; x_wconf 86' lang='lat' dir='ltr'>esse.</span> <span class='ocrx_word' id='word_1_182' title='bbox 1250 2868 1344 2926; x_wconf 88' lang='lat' dir='ltr'>Adeo</span> 
     </span>
     <span class='ocr_line' id='line_1_25' title="bbox 274 2967 1343 3047; baseline 0.007 -24"><span class='ocrx_word' id='word_1_183' title='bbox 274 2977 370 3024; x_wconf 88' lang='lat' dir='ltr'>tamen</span> <span class='ocrx_word' id='word_1_184' title='bbox 394 2977 471 3024; x_wconf 86' lang='lat' dir='ltr'>recte</span> <span class='ocrx_word' id='word_1_185' title='bbox 493 2977 521 3024; x_wconf 95' lang='lat' dir='ltr'>et</span> <span class='ocrx_word' id='word_1_186' title='bbox 545 2968 637 3024; x_wconf 90' lang='lat' dir='ltr'>omnis</span> <span class='ocrx_word' id='word_1_187' title='bbox 660 2968 800 3024; x_wconf 86' lang='lat' dir='ltr'>orationis</span> <span class='ocrx_word' id='word_1_188' title='bbox 829 2967 926 3028; x_wconf 87' lang='lat' dir='ltr'>forma</span> <span class='ocrx_word' id='word_1_189' title='bbox 947 2982 975 3028; x_wconf 93' lang='lat' dir='ltr'>et</span> <span class='ocrx_word' id='word_1_190' title='bbox 997 2971 1110 3047; x_wconf 86' lang='lat' dir='ltr'>singula</span> <span class='ocrx_word' id='word_1_191' title='bbox 1132 2974 1222 3029; x_wconf 90' lang='lat' dir='ltr'>verba</span> <span class='ocrx_word' id='word_1_192' title='bbox 1243 2975 1343 3030; x_wconf 85' lang='lat' dir='ltr'>cohae-</span> 
     </span>
     <span class='ocr_line' id='line_1_26' title="bbox 273 3073 1343 3152; baseline 0.007 -22"><span class='ocrx_word' id='word_1_193' title='bbox 273 3083 346 3142; x_wconf 80' lang='lat' dir='ltr'>rent,</span> <span class='ocrx_word' id='word_1_194' title='bbox 370 3083 401 3129; x_wconf 90' lang='lat' dir='ltr'>ut</span> <span class='ocrx_word' id='word_1_195' title='bbox 428 3073 488 3130; x_wconf 86' lang='lat' dir='ltr'>sine</span> <span class='ocrx_word' id='word_1_196' title='bbox 517 3073 679 3128; x_wconf 86' lang='lat' dir='ltr'>temeritate</span> <span class='ocrx_word' id='word_1_197' title='bbox 703 3073 774 3129; x_wconf 91' lang='lat' dir='ltr'>nihil</span> <span class='ocrx_word' id='word_1_198' title='bbox 802 3075 909 3132; x_wconf 87' lang='lat' dir='ltr'>mutari</span> <span class='ocrx_word' id='word_1_199' title='bbox 932 3096 1018 3152; x_wconf 90' lang='lat' dir='ltr'>posse</span> <span class='ocrx_word' id='word_1_200' title='bbox 1045 3078 1179 3136; x_wconf 88' lang='lat' dir='ltr'>videatur</span> <span class='ocrx_word' id='word_1_201' title='bbox 1199 3082 1343 3138; x_wconf 84' lang='lat' dir='ltr'>confiten-</span> 
     </span>
     <span class='ocr_line' id='line_1_27' title="bbox 274 3178 1343 3260; baseline 0.009 -26"><span class='ocrx_word' id='word_1_202' title='bbox 274 3178 400 3252; x_wconf 89' lang='lat' dir='ltr'>dumque</span> <span class='ocrx_word' id='word_1_203' title='bbox 423 3196 501 3246; x_wconf 79' lang='lat' dir='ltr'>esse,</span> <span class='ocrx_word' id='word_1_204' title='bbox 534 3179 649 3234; x_wconf 90' lang='lat' dir='ltr'>Livium</span> <span class='ocrx_word' id='word_1_205' title='bbox 672 3178 770 3236; x_wconf 89' lang='lat' dir='ltr'>nescio</span> <span class='ocrx_word' id='word_1_206' title='bbox 793 3199 850 3255; x_wconf 88' lang='lat' dir='ltr'>quo</span> <span class='ocrx_word' id='word_1_207' title='bbox 874 3181 961 3239; x_wconf 89' lang='lat' dir='ltr'>animi</span> <span class='ocrx_word' id='word_1_208' title='bbox 984 3202 1081 3240; x_wconf 83' lang='lat' dir='ltr'>errore</span> <span class='ocrx_word' id='word_1_209' title='bbox 1112 3184 1153 3240; x_wconf 89' lang='lat' dir='ltr'>sio</span> <span class='ocrx_word' id='word_1_210' title='bbox 1179 3185 1343 3260; x_wconf 76' lang='lat' dir='ltr'>scripsisse,</span> 
     </span>
     <span class='ocr_line' id='line_1_28' title="bbox 273 3283 1342 3364; baseline 0.009 -26"><span class='ocrx_word' id='word_1_211' title='bbox 273 3283 356 3357; x_wconf 85' lang='lat' dir='ltr'>quasi</span> <span class='ocrx_word' id='word_1_212' title='bbox 388 3283 424 3340; x_wconf 90' lang='lat' dir='ltr'>de</span> <span class='ocrx_word' id='word_1_213' title='bbox 446 3283 610 3340; x_wconf 89' lang='lat' dir='ltr'>hominibus</span> <span class='ocrx_word' id='word_1_214' title='bbox 633 3303 649 3340; x_wconf 93' lang='lat' dir='ltr'>e</span> <span class='ocrx_word' id='word_1_215' title='bbox 677 3286 825 3342; x_wconf 89' lang='lat' dir='ltr'>contraria</span> <span class='ocrx_word' id='word_1_216' title='bbox 845 3296 930 3361; x_wconf 89' lang='lat' dir='ltr'>parte</span> <span class='ocrx_word' id='word_1_217' title='bbox 952 3299 982 3352; x_wconf 84' lang='lat' dir='ltr'>(e</span> <span class='ocrx_word' id='word_1_218' title='bbox 1006 3289 1235 3364; x_wconf 87' lang='lat' dir='ltr'>mediterraneis)</span> <span class='ocrx_word' id='word_1_219' title='bbox 1256 3292 1342 3348; x_wconf 87' lang='lat' dir='ltr'>veni·</span> 
     </span>
     <span class='ocr_line' id='line_1_29' title="bbox 272 3387 1342 3470; baseline 0.009 -26"><span class='ocrx_word' id='word_1_220' title='bbox 272 3387 384 3444; x_wconf 88' lang='lat' dir='ltr'>entibus</span> <span class='ocrx_word' id='word_1_221' title='bbox 406 3397 556 3462; x_wconf 88' lang='lat' dir='ltr'>ageretur;</span> <span class='ocrx_word' id='word_1_222' title='bbox 585 3409 653 3446; x_wconf 91' lang='lat' dir='ltr'>nam</span> <span class='ocrx_word' id='word_1_223' title='bbox 685 3391 727 3447; x_wconf 88' lang='lat' dir='ltr'>ab</span> <span class='ocrx_word' id='word_1_224' title='bbox 757 3401 861 3467; x_wconf 87' lang='lat' dir='ltr'>tergo</span> <span class='ocrx_word' id='word_1_225' title='bbox 892 3411 910 3449; x_wconf 90' lang='lat' dir='ltr'>a</span> <span class='ocrx_word' id='word_1_226' title='bbox 941 3395 1128 3468; x_wconf 85' lang='lat' dir='ltr'>transgressis</span> <span class='ocrx_word' id='word_1_227' title='bbox 1155 3397 1287 3470; x_wconf 81' lang='lat' dir='ltr'>separari</span> <span class='ocrx_word' id='word_1_228' title='bbox 1310 3410 1342 3454; x_wconf 89' lang='lat' dir='ltr'>et</span> 
     </span>
     <span class='ocr_line' id='line_1_30' title="bbox 271 3491 1342 3574; baseline 0.009 -25"><span class='ocrx_word' id='word_1_229' title='bbox 271 3491 374 3550; x_wconf 86' lang='lat' dir='ltr'>referri</span> <span class='ocrx_word' id='word_1_230' title='bbox 396 3493 433 3550; x_wconf 89' lang='lat' dir='ltr'>ad</span> <span class='ocrx_word' id='word_1_231' title='bbox 457 3493 525 3550; x_wconf 87' lang='lat' dir='ltr'>litus</span> <span class='ocrx_word' id='word_1_232' title='bbox 548 3496 592 3568; x_wconf 79' lang='lat' dir='ltr'>(ut</span> <span class='ocrx_word' id='word_1_233' title='bbox 614 3495 651 3551; x_wconf 87' lang='lat' dir='ltr'>sit</span> <span class='ocrx_word' id='word_1_234' title='bbox 671 3505 757 3571; x_wconf 88' lang='lat' dir='ltr'>post</span> <span class='ocrx_word' id='word_1_235' title='bbox 778 3495 827 3566; x_wconf 87' lang='lat' dir='ltr'>id)</span> <span class='ocrx_word' id='word_1_236' title='bbox 853 3498 903 3554; x_wconf 84' lang='lat' dir='ltr'>vix</span> <span class='ocrx_word' id='word_1_237' title='bbox 925 3517 994 3556; x_wconf 87' lang='lat' dir='ltr'>usas</span> <span class='ocrx_word' id='word_1_238' title='bbox 1016 3501 1153 3574; x_wconf 89' lang='lat' dir='ltr'>loquendi</span> <span class='ocrx_word' id='word_1_239' title='bbox 1165 3501 1240 3557; x_wconf 90' lang='lat' dir='ltr'>sinit.</span> <span class='ocrx_word' id='word_1_240' title='bbox 1278 3501 1342 3561; x_wconf 83' lang='lat' dir='ltr'>Sed</span> 
     </span>
    </p>
   </div>
   <div class='ocr_carea' id='block_1_4' title="bbox 270 3597 1341 3682">
    <p class='ocr_par' dir='ltr' id='par_1_4' title="bbox 270 3597 1341 3682">
     <span class='ocr_line' id='line_1_31' title="bbox 270 3597 1341 3682; baseline 0.01 -28"><span class='ocrx_word' id='word_1_241' title='bbox 270 3599 326 3655; x_wconf 87' lang='lat' dir='ltr'>hoc</span> <span class='ocrx_word' id='word_1_242' title='bbox 347 3598 376 3654; x_wconf 92' lang='lat' dir='ltr'>in</span> <span class='ocrx_word' id='word_1_243' title='bbox 397 3597 507 3656; x_wconf 90' lang='lat' dir='ltr'>incerto</span> <span class='ocrx_word' id='word_1_244' title='bbox 529 3600 744 3675; x_wconf 88' lang='lat' dir='ltr'>relinquamus;</span> <span class='ocrx_word' id='word_1_245' title='bbox 773 3601 810 3658; x_wconf 88' lang='lat' dir='ltr'>ad</span> <span class='ocrx_word' id='word_1_246' title='bbox 832 3603 1021 3677; x_wconf 89' lang='lat' dir='ltr'>posteriorem</span> <span class='ocrx_word' id='word_1_247' title='bbox 1044 3616 1155 3680; x_wconf 88' lang='lat' dir='ltr'>partem</span> <span class='ocrx_word' id='word_1_248' title='bbox 1179 3619 1341 3682; x_wconf 71' lang='lat' dir='ltr'>praeverta-</span> 
     </span>
    </p>
   </div>
   <div class='ocr_carea' id='block_1_5' title="bbox 268 3704 1341 4102">
    <p class='ocr_par' dir='ltr' id='par_1_5' title="bbox 268 3704 1341 4102">
     <span class='ocr_line' id='line_1_32' title="bbox 271 3704 1341 3784; baseline 0.01 -24"><span class='ocrx_word' id='word_1_249' title='bbox 271 3723 350 3774; x_wconf 80' lang='lat' dir='ltr'>mur‚</span> <span class='ocrx_word' id='word_1_250' title='bbox 382 3704 412 3760; x_wconf 89' lang='lat' dir='ltr'>in</span> <span class='ocrx_word' id='word_1_251' title='bbox 434 3722 493 3777; x_wconf 91' lang='lat' dir='ltr'>qua</span> <span class='ocrx_word' id='word_1_252' title='bbox 523 3705 658 3762; x_wconf 89' lang='lat' dir='ltr'>ostium</span> <span class='ocrx_word' id='word_1_253' title='bbox 686 3708 794 3776; x_wconf 89' lang='lat' dir='ltr'>verbo,</span> <span class='ocrx_word' id='word_1_254' title='bbox 818 3727 876 3782; x_wconf 90' lang='lat' dir='ltr'>quo</span> <span class='ocrx_word' id='word_1_255' title='bbox 898 3707 1057 3780; x_wconf 85' lang='lat' dir='ltr'>referatur,</span> <span class='ocrx_word' id='word_1_256' title='bbox 1088 3729 1187 3767; x_wconf 89' lang='lat' dir='ltr'>carere</span> <span class='ocrx_word' id='word_1_257' title='bbox 1208 3711 1341 3784; x_wconf 68' lang='lat' dir='ltr'>videtum</span> 
     </span>
     <span class='ocr_line' id='line_1_33' title="bbox 270 3809 1340 3894; baseline 0.011 -28"><span class='ocrx_word' id='word_1_258' title='bbox 270 3809 367 3883; x_wconf 85' lang='lat' dir='ltr'>itaque</span> <span class='ocrx_word' id='word_1_259' title='bbox 398 3809 427 3866; x_wconf 93' lang='lat' dir='ltr'>in</span> <span class='ocrx_word' id='word_1_260' title='bbox 459 3809 559 3868; x_wconf 89' lang='lat' dir='ltr'>codice</span> <span class='ocrx_word' id='word_1_261' title='bbox 585 3831 641 3868; x_wconf 73' lang='lat' dir='ltr'>rano</span> <span class='ocrx_word' id='word_1_262' title='bbox 669 3821 698 3868; x_wconf 91' lang='lat' dir='ltr'>et</span> <span class='ocrx_word' id='word_1_263' title='bbox 719 3812 811 3870; x_wconf 88' lang='lat' dir='ltr'>altero</span> <span class='ocrx_word' id='word_1_264' title='bbox 834 3813 1030 3871; x_wconf 87' lang='lat' dir='ltr'>recentissimo</span> <span class='ocrx_word' id='word_1_265' title='bbox 1056 3815 1185 3892; x_wconf 77' lang='lat' dir='ltr'>(Sigon,</span> <span class='ocrx_word' id='word_1_266' title='bbox 1216 3818 1281 3876; x_wconf 86' lang='lat' dir='ltr'>l’al.</span> <span class='ocrx_word' id='word_1_267' title='bbox 1308 3823 1340 3894; x_wconf 89' lang='lat'>2)</span> 
     </span>
     <span class='ocr_line' id='line_1_34' title="bbox 270 3913 1340 3995; baseline 0.009 -25"><span class='ocrx_word' id='word_1_268' title='bbox 270 3933 323 3990; x_wconf 90' lang='lat' dir='ltr'>pro</span> <span class='ocrx_word' id='word_1_269' title='bbox 345 3913 463 3972; x_wconf 86' lang='lat' dir='ltr'>videri</span> <span class='ocrx_word' id='word_1_270' title='bbox 478 3934 558 3973; x_wconf 89' lang='lat' dir='ltr'>esse</span> <span class='ocrx_word' id='word_1_271' title='bbox 574 3917 712 3992; x_wconf 88' lang='lat' dir='ltr'>seriptum</span> <span class='ocrx_word' id='word_1_272' title='bbox 732 3918 873 3976; x_wconf 90' lang='lat' dir='ltr'>estinde</span> <span class='ocrx_word' id='word_1_273' title='bbox 895 3937 974 3976; x_wconf 89' lang='lat' dir='ltr'>esse</span> <span class='ocrx_word' id='word_1_274' title='bbox 990 3917 1184 3994; x_wconf 89' lang='lat' dir='ltr'>(ulteriora</span> <span class='ocrx_word' id='word_1_275' title='bbox 1205 3923 1340 3995; x_wconf 89' lang='lat' dir='ltr'>eolles;</span> 
     </span>
     <span class='ocr_line' id='line_1_35' title="bbox 268 4019 1340 4102; baseline 0.009 -26"><span class='ocrx_word' id='word_1_276' title='bbox 268 4019 350 4076; x_wconf 87' lang='lat' dir='ltr'>inde</span> <span class='ocrx_word' id='word_1_277' title='bbox 373 4037 454 4077; x_wconf 88' lang='lat' dir='ltr'>esse</span> <span class='ocrx_word' id='word_1_278' title='bbox 476 4021 647 4092; x_wconf 79' lang='lat' dir='ltr'>ostium),</span> <span class='ocrx_word' id='word_1_279' title='bbox 680 4042 745 4098; x_wconf 83' lang='lat' dir='ltr'>quae</span> <span class='ocrx_word' id='word_1_280' title='bbox 772 4025 916 4100; x_wconf 83' lang='lat' dir='ltr'>script-ura</span> <span class='ocrx_word' id='word_1_281' title='bbox 947 4044 966 4081; x_wconf 86' lang='lat' dir='ltr'>a</span> <span class='ocrx_word' id='word_1_282' title='bbox 987 4025 1115 4084; x_wconf 87' lang='lat' dir='ltr'>Grutero</span> <span class='ocrx_word' id='word_1_283' title='bbox 1137 4036 1254 4102; x_wconf 85' lang='lat' dir='ltr'>recepta</span> <span class='ocrx_word' id='word_1_284' title='bbox 1276 4046 1340 4086; x_wconf 83' lang='lat' dir='ltr'>ser-</span> 
     </span>
    </p>
   </div>
   <div class='ocr_carea' id='block_1_6' title="bbox 0 0 1404 4646">
    <p class='ocr_par' dir='ltr' id='par_1_6' title="bbox 0 0 1404 4646">
     <span class='ocr_line' id='line_1_36' title="bbox 0 0 1404 4646; baseline 0 2"><span class='ocrx_word' id='word_1_285' title='bbox 0 0 1404 4646; x_wconf 95' lang='lat' dir='ltr'> </span> 
     </span>
    </p>
   </div>
  </div>
 </body>
</html>
