2826 4650
274 231 328 280 rra.
347 231 367 279 1.
746 237 785 290 to

239 417 316 491 quod
339 435 394 491 ego
416 427 553 492 tanquam
577 436 671 474 meum
693 418 850 494 posuerim,
871 427 922 476 aut
942 419 1017 476 idem
1036 429 1086 476 aut
1100 435 1191 494 prope
1209 419 1301 478 idem.
1396 447 1397 456 κ

239 523 274 580 Id
295 523 319 580 si
342 523 458 597 quando
481 523 593 592 accidit,
616 541 668 580 sua
690 523 793 598 cuique
815 541 861 580 roe
877 525 952 582 ultro
969 533 1083 599 petente
1098 525 1300 584 restituantur.
1396 555 1397 566 κ

683 799 760 875 nu
790 800 852 902 1.¹)

323 984 395 1061 cap.
413 989 441 1056 e,
460 991 492 1043 r:
515 986 633 1044 indici
655 989 785 1046 uernae
807 987 1175 1065 (commeantium
1199 1007 1301 1065 spec·
1396 967 1397 1006 ³

240 1093 398 1150 taculum
430 1093 543 1163 iubet,
577 1103 787 1170 quantoque
821 1104 999 1172 apparatu
1032 1105 1101 1150 turn
1132 1095 1303 1152 sciebant
1396 1115 1397 1166 j

241 1209 302 1256 aut
322 1209 507 1274 poterant,
534 1201 809 1272 concelebrant,
841 1209 878 1258 ut
900 1221 970 1258 rem
996 1201 1129 1257 claram
1151 1219 1302 1275 exspec-
1396 1191 1397 1220 l

240 1315 425 1380 totamque
447 1304 620 1366 facerent.
655 1307 727 1364 llaeo
748 1317 896 1382 postrema
916 1307 1007 1363 verba
1030 1324 1123 1380 neque
1141 1307 1302 1364 deRoma·
1396 1333 1397 1338 ¹

240 1411 284 1468 nis
306 1411 425 1486 intelligi
444 1421 566 1486 possunt
592 1403 697 1487 ¹(meque
719 1413 793 1470 eninr
819 1422 870 1470 aut
890 1413 946 1470 hoc
967 1421 1018 1470 aut
1038 1411 1195 1486 quidquam
1218 1413 1301 1470 aliud
1396 1407 1397 1490 ᾗ

241 1516 289 1572 illo
311 1527 440 1591 tempore
462 1515 562 1591 populi
584 1517 709 1575 consiliis
733 1529 761 1576 ot
782 1519 903 1576 decretis
925 1527 1021 1575 actum
1036 1518 1137 1575 Livius
1156 1517 1303 1594 significat
1396 1589 1397 1594 η

241 1633 291 1679 aut
314 1641 435 1698 usquam
458 1621 498 1678 sic
519 1623 556 1678 ad
578 1624 717 1698 populum
740 1625 873 1699 civesque
894 1625 1053 1682 aRomulo
1067 1624 1181 1698 transit)
1204 1643 1303 1700 neque

242 1729 276 1786 de
297 1729 468 1804 peregrinis;
498 1729 535 1784 ad
557 1748 607 1786 eos
630 1731 755 1788 enimin
781 1729 921 1808 proximis
943 1731 1056 1787 demum
1086 1730 1181 1787 verbis
1204 1740 1302 1787 trans·
1396 1775 1397 1782 ,

241 1833 332 1891 fertur
344 1833 471 1890 narratio
486 1835 599 1906 (multi
620 1837 793 1894 mortales
815 1841 1045 1906 convenere);
1061 1855 1153 1911 neque
1168 1855 1238 1893 sane
1255 1837 1303 1906 iis,
1396 1825 1397 1898 i

242 1941 291 2016 qui
316 1941 431 1997 aliunde
459 1940 672 2012 alliciebantur,
703 1943 772 2018 ipsis
801 1943 979 2018 propositum
1012 1952 1074 1999 erat
1100 1961 1159 1998 reru
1190 1941 1303 1998 claram

242 2055 495 2120 exspectatamque
517 2047 622 2107 facere.
655 2049 763 2105 Totum
786 2049 841 2106 hoc
863 2049 901 2104 ad
913 2046 1028 2105 Romuli
1050 2055 1141 2104 artem
1162 2056 1191 2104 et
1204 2047 1303 2104 consi·
1396 2099 1397 2102 ,

156 2199 163 2218 ,
241 2152 311 2208 lium
323 2152 466 2227 pertinere
476 2165 596 2229 apparet
613 2154 852 2228 scribendumque
868 2172 944 2210 esse:
967 2161 1175 2227 quantoque
1192 2171 1303 2228 appa·

241 2269 322 2315 ratu
352 2269 422 2314 tum
452 2259 619 2316 sciebant
649 2271 709 2318 ant
732 2269 904 2336 poteraut
927 2259 1068 2330 (homines
1091 2257 1146 2330 illi,
1170 2258 1303 2333 quitum
1396 2301 1397 2310 ,

243 2364 345 2434 erant),
376 2364 624 2436 concelebrat,
656 2376 693 2422 ut
721 2385 791 2422 rem
821 2365 956 2422 claram
979 2374 1305 2440 exspectatamque

243 2469 394 2528 faceret.
432 2469 545 2529 Accidit
558 2471 614 2541 hic,
637 2473 714 2546 quod
729 2472 757 2528 iu
767 2471 917 2548 prooemio
932 2491 960 2547 p.
976 2475 1008 2528 ll
1027 2471 1177 2528 simillimis
1190 2470 1304 2544 aliquot

243 2577 381 2651 exeruplia
404 2577 432 2634 in
455 2577 553 2634 codice
575 2578 732 2653 archetypo
755 2577 876 2635 subinde
897 2576 1005 2634 factum
1028 2595 1091 2633 esse
1113 2575 1241 2643 ostendi,
1271 2585 1304 2631 ut

244 2683 325 2739 verbi
354 2683 522 2757 posterioris
546 2702 691 2752 numerus,
722 2683 834 2740 adiecta
856 2684 952 2740 littera
974 2703 1001 2758 u,
1034 2681 1305 2739 accommodaretur

244 2789 422 2846 adverbum
446 2789 474 2845 in
506 2789 563 2845 alia
592 2789 733 2846 sententia
762 2788 955 2858 interiectum
986 2808 1052 2844 nam
1075 2797 1193 2863 propter
1214 2787 1304 2843 scie·

244 2894 330 2949 bant
359 2903 421 2950 aut
444 2905 615 2968 poterant
641 2895 778 2970 scriptum
802 2903 844 2952 ost
866 2893 1125 2951 concelebrant
1146 2926 1184 2934 -
1208 2891 1303 2950 face-

244 3007 332 3054 rent.
376 2998 531 3056 Celebrare
552 3011 580 3056 et
603 3000 804 3057 concelebrare
824 3020 885 3056 rem
908 2999 985 3076 apud
998 2999 1112 3056 Livium
1127 3017 1184 3056 nou
1208 2999 1303 3056 solum

244 3105 309 3178 ipsa
330 3105 483 3162 multitudo
505 3107 617 3176 dicitur,
640 3126 703 3181 quae
725 3106 867 3176 convenit,
888 3107 938 3162 sed
964 3106 1060 3174 etiam,
1084 3104 1132 3181 qui
1152 3124 1212 3162 rem
1228 3102 1304 3161 ccle-

245 3209 341 3266 britati
358 3221 386 3266 et
405 3211 607 3268 contrahendis
624 3212 787 3269 hominibus
804 3223 901 3288 aptam
919 3211 1049 3280 instituit,
1063 3210 1142 3267 velut
1158 3209 1244 3276 vlit,
1266 3212 1302 3265 10

245 3313 330 3371 funus
346 3317 380 3373 P.
395 3317 486 3374 Decio
508 3317 617 3374 facturn
634 3318 737 3374 dicitur
758 3317 968 3375 celebrante
992 3317 1134 3392 collega
1156 3325 1184 3373 et
1198 3314 1304 3372 similia

246 3421 323 3478 alibi.

329 3526 400 3604 Cap.
428 3532 471 3585 12.
514 3529 600 3586 Initio
623 3548 719 3604 operae
733 3539 794 3585 toto
809 3546 914 3603 genere
937 3528 1029 3584 tenuis
1050 3525 1304 3583 commemorande

247 3642 289 3688 est
316 3651 362 3690 res
387 3635 433 3690 vel
462 3637 523 3704 hic,
554 3636 602 3692 ubi
633 3635 703 3692 nihil
726 3643 769 3691 est
799 3653 950 3708 magnum,
982 3633 1083 3690 ceteris
1111 3632 1148 3688 ad
1178 3630 1304 3706 speciem

266 3841 289 3905 ¹)
315 3846 385 3906 Quas
410 3848 435 3895 in
459 3847 531 3896 libris
555 3847 635 3896 tribus
662 3847 750 3909 primis
776 3845 968 3894 emendationes
987 3844 1106 3894 asterisco
1124 3841 1222 3900 notari,
1251 3841 1303 3889 iam

316 3942 383 4004 apud
414 3939 596 4002 Ingerslerium
627 3939 735 3988 brevitor
764 3939 882 3987 indicata
911 3945 970 3985 sunt
999 3938 1024 3985 in
1058 3937 1147 3986 horum
1181 3933 1303 3982 librorum

317 4032 434 4081 editione.
