2800 4646
562 283 621 340 239
932 282 989 332 Lib.
1001 282 1088 332 XXll.
1110 299 1116 312 ¹

58 468 88 524 iu
111 465 216 523 ceteris
237 464 266 520 iu
288 465 419 538 copies
440 472 593 524 muretum.
639 465 856 524 Descendes
873 465 1009 525 facillime
1024 466 1053 522 in
1070 465 1124 522 de·

59 569 252 629 ducendos
273 565 457 641 transibat.¹)
538 581 541 586 “

145 673 218 750 Cep.
247 678 298 742 17,
322 676 338 728 3
373 674 421 745 (dc
442 675 536 732 bubus
558 673 652 732 fesces
679 677 827 752 virgarum
855 685 884 734 st
913 689 1124 734 sarmentorum

60 780 199 839 cornibus
224 778 358 854 elligetos
376 781 610 856 portantibus-et
631 791 699 838 ente
720 783 878 840 exercitum
900 801 953 856 per
974 781 1080 837 saltum
1097 789 1125 837 et

61 895 175 943 montes
198 885 299 950 sctis):
322 904 391 960 qno
412 897 566 962 repente
587 887 754 944 discursu
775 888 870 944 bend
892 903 997 943 secus
1020 903 1124 959 quem

59 991 168 1050 silvis
192 991 450 1066 montibusque
472 993 639 1050 accensis
662 992 783 1050 omnia
806 992 939 1049 circum
962 991 1126 1065 virgulta

60 1097 201 1156 erdere.
257 1097 288 1154 Si
310 1096 352 1154 sic
374 1097 476 1154 Livius
497 1097 627 1172 scripsit,
659 1117 719 1156 non
740 1098 834 1154 solum
865 1115 967 1172 perum
990 1096 1126 1154 conside-

60 1213 127 1260 rete
146 1201 277 1276 scripsit,
297 1201 349 1258 scd
371 1200 491 1258 confuse
523 1211 553 1260 ct
573 1202 779 1260 inconstanter.
827 1202 959 1259 Primum
982 1201 1007 1257 si
1028 1201 1126 1258 omnie

9 1383 15 1406 .
61 1308 191 1383 virgulta
213 1308 359 1377 arsissent,
381 1326 439 1364 non
463 1327 539 1364 veno
561 1317 672 1366 terrore
695 1308 786 1384 (quod
808 1317 871 1366 tote
892 1307 1021 1364 nerretio
1037 1306 1126 1380 signi-

62 1417 154 1486 ficet),
176 1413 228 1471 sed
249 1431 320 1470 vero
342 1431 377 1470 ec
398 1413 482 1488 graii
505 1413 634 1488 periculo
657 1414 851 1471 conflictatum
875 1414 1039 1470 Romanum
1052 1429 1124 1485 pree-

61 1520 168 1576 sidium
191 1527 276 1577 esset.
331 1517 436 1591 Neque
457 1519 609 1592 profecto,
637 1519 662 1575 si
696 1518 794 1576 omnia
824 1517 950 1592 virgulta
979 1516 1125 1586 arsissent,

62 1625 188 1681 flammeo
209 1623 362 1680 arboribus
384 1623 580 1698 pepercissent
612 1624 657 1691 (in
686 1642 744 1696 quo
766 1623 848 1680 haesit
870 1623 957 1679 etium
978 1621 1125 1678 Weissen-

63 1729 204 1797 bornins).
250 1729 307 1786 Sed
329 1728 402 1786 nihil
425 1728 547 1797 arsisse,
574 1729 629 1786 uisi
651 1728 745 1785 fasces
777 1729 807 1784 in
829 1728 965 1785 cornibus
987 1729 1074 1785 boum
1098 1736 1126 1784 et

62 1835 189 1910 speciem
211 1843 322 1890 tentum
345 1833 469 1892 incendii
491 1832 598 1903 fuisse,
624 1844 653 1892 et
674 1834 761 1892 ceteri
785 1835 942 1909 scriptores
962 1831 1125 1907 (Polybius,

62 1939 239 2014 Appienns,
261 1939 452 2008 Plutarchus,
483 1939 571 1998 Silius
593 1939 726 2013 Italicus)
757 1939 892 2010 tradunt,
921 1957 979 1996 uno
1005 1946 1126 2013 excepto

63 2045 182 2102 Zonern
205 2043 311 2114 (VIII,
334 2046 388 2102 26:
411 2041 564 2124 πολλαχῆ
587 2035 652 2124 τήν
673 2037 761 2124 ὕλην
785 2041 986 2123 ἐνέπρησαν,
1011 2044 1127 2118 quinon

63 2147 200 2222 virgulto,
226 2148 286 2217 sed,
307 2158 338 2205 ut
358 2168 414 2224 per
435 2160 517 2222 eret,
539 2149 629 2206 silves
651 2151 828 2225 arboresque
854 2150 987 2208 inccndio
1009 2167 1126 2223 correp·

62 2259 109 2306 tes
131 2253 263 2323 cerret),
294 2263 323 2311 et
343 2256 399 2314 hoc
422 2256 521 2314 Livius
543 2255 606 2331 ipse
627 2255 779 2331 perspicue
801 2257 830 2312 in
852 2254 902 2324 iis,
925 2274 989 2330 quer
1012 2253 1127 2311 subiicit

62 2359 90 2428 (ξ
114 2362 131 2414 l
159 2367 186 2415 et
210 2357 252 2432 5),
274 2359 416 2432 sequitur3
438 2379 506 2417 nem
529 2361 633 2418 denses
649 2363 789 2456 ‘flammas
809 2360 850 2418 ibi
871 2359 961 2418 fuisse
975 2359 1126 2434 significet,

63 2545 264 2554 ——-——-—-

87 2665 111 2734 ¹)
137 2670 212 2720 Hene
231 2670 435 2720 emendationem
462 2686 540 2735 qnnnr
563 2671 789 2722 Weissenboruius
814 2679 895 2720 totam
919 2671 953 2719 nb
972 2668 1128 2731 lugerslerio

136 2777 236 2812 sumere
255 2769 358 2826 posset,
378 2763 470 2813 meluit
492 2773 592 2828 portem
615 2764 780 2829 posteriorem
807 2765 850 2823 (et
874 2759 1071 2822 descendes)
1095 2760 1128 2808 eb

136 2855 323 2915 Heerwageuio
343 2856 467 2920 eccipere‚
488 2857 577 2905 relicte
595 2857 643 2905 bec
661 2855 851 2918 inequalitate:
876 2854 993 2904 ermeri
1014 2852 1128 2916 copies

136 2954 324 3011 oporteret
343 2949 534 2997 descendes.
577 2947 608 2997 In
627 2949 717 3012 cepitis
745 2953 775 2996 15
796 2947 869 2996 initio
887 2945 981 2995 frustre
999 2943 1129 2993 Weissen-

135 3039 243 3088 boruius
262 3053 288 3087 ee
308 3047 423 3102 torquet,
451 3048 480 3088 ut
499 3055 532 3089 ex
551 3041 675 3090 mendose
694 3041 812 3089 codicum
832 3025 966 3102 scripture
977 3036 1128 3087 sententium

135 3129 239 3180 efficiet
284 3129 349 3180 Nem
368 3141 397 3181 nt
419 3134 535 3181 omittem
555 3133 717 3187 intentum
736 3133 825 3181 inter
843 3145 923 3180 suos
938 3130 1057 3178 Latinum
1077 3143 1129 3178 uon

135 3239 192 3272 esse
216 3231 242 3272 et
265 3223 445 3274 obscurissime
468 3223 519 3272 diei
543 3223 607 3272 illud
634 3224 726 3287 prius
746 3224 786 3272 eb
806 3224 885 3272 eliis
905 3223 1062 3272 invictum
1090 3225 1129 3284 (et

136 3316 165 3364 iu
183 3315 274 3379 prius
291 3331 338 3380 pro
356 3325 454 3366 entes
471 3315 588 3376 vitiose),
614 3330 718 3379 prorsus
743 3330 891 3381 perversum
910 3321 949 3364 est
970 3321 1129 3378 prestere

137 3409 277 3456 enimum
296 3409 386 3472 prius
405 3409 579 3466 invictum,
606 3409 729 3472 quonism
748 3409 827 3458 enimi
845 3407 932 3458 invicti
950 3406 1078 3471 prestetio
1097 3407 1130 3456 ed

137 3500 178 3560 id,
197 3500 266 3562 quod
285 3514 352 3548 nuuc
370 3501 467 3562 egitur,
499 3508 600 3564 tempus
632 3503 742 3564 pertinet
766 3499 976 3564 comperetioque
995 3498 1130 3562 superioris

142 3591 265 3654 temporis
291 3591 368 3654 longo
390 3593 466 3642 eliter
488 3593 655 3655 significanda
676 3591 732 3640 luit.
775 3590 843 3652 Quid
868 3591 995 3641 sententie
1013 3589 1130 3654 postulet,

139 3683 306 3750 perspicuum
326 3694 372 3734 est.
398 3685 517 3736 Febioct
536 3693 626 3734 contre
644 3685 710 3733 cives
729 3691 755 3732 et
769 3696 858 3733 contre
869 3684 956 3732 hostes
967 3683 1129 3747 pugnendum

137 3781 208 3836 erut;
231 3775 302 3840 prius
324 3779 453 3842 prestitit,
478 3778 549 3842 qnod
573 3777 663 3826 ordine
681 3791 765 3825 rerum
784 3777 855 3840 prius
874 3785 946 3835 cret,
971 3790 1003 3824 ne
1027 3775 1130 3824 illorum
1217 3807 1223 3818 .

138 3868 223 3932 previs
249 3866 350 3915 iudiciis
374 3876 399 3915 et
422 3869 568 3919 rumoribus
592 3877 743 3919 moveretur.
781 3867 875 3919 Inter
892 3885 939 3934 pro
957 3869 990 3917 in
1012 3883 1045 3916 cx
1062 3867 1130 3918 mele

140 3959 248 4022 repetite
265 3965 381 4007 extreme
399 3957 500 4021 syllebe
512 3961 583 4010 vocis
595 3961 724 4024 periter
741 3969 825 4010 ortum
836 3967 883 4021 est,
897 3959 978 4011 eliis
995 3975 1041 4025 pro
1059 3959 1131 4010 illis

140 4057 282 4116 porregere
301 4065 395 4100 errore.
