<?xml version="1.0" encoding="UTF-8"?>
<!DOCTYPE html PUBLIC "-//W3C//DTD XHTML 1.0 Transitional//EN"
    "http://www.w3.org/TR/xhtml1/DTD/xhtml1-transitional.dtd">
<html xmlns="http://www.w3.org/1999/xhtml" xml:lang="en" lang="en">
 <head>
  <title>
</title>
<meta http-equiv="Content-Type" content="text/html;charset=utf-8" />
  <meta name='ocr-system' content='tesseract 3.04.00' />
  <meta name='ocr-capabilities' content='ocr_page ocr_carea ocr_par ocr_line ocrx_word'/>
</head>
<body>
  <div class='ocr_page' id='page_1' title='image "./emendationesliv02madvgoog_0418.png"; bbox 0 0 2800 4646; ppageno 0'>
   <div class='ocr_carea' id='block_1_1' title="bbox 599 289 1156 348">
    <p class='ocr_par' dir='ltr' id='par_1_1' title="bbox 599 289 1156 348">
     <span class='ocr_line' id='line_1_1' title="bbox 599 289 1156 348; baseline -0.016 0"><span class='ocrx_word' id='word_1_1' title='bbox 599 291 658 348; x_wconf 80' lang='grc'>409</span> <span class='ocrx_word' id='word_1_2' title='bbox 964 289 1022 339; x_wconf 83' lang='lat' dir='ltr'>Lib.</span> <span class='ocrx_word' id='word_1_3' title='bbox 1043 289 1156 340; x_wconf 83' lang='lat' dir='ltr'>XXXV.</span> 
     </span>
    </p>
   </div>
   <div class='ocr_carea' id='block_1_2' title="bbox 95 473 1163 3734">
    <p class='ocr_par' dir='ltr' id='par_1_2' title="bbox 95 473 1161 2990">
     <span class='ocr_line' id='line_1_2' title="bbox 95 473 1156 552; baseline 0 -20"><span class='ocrx_word' id='word_1_4' title='bbox 95 491 219 532; x_wconf 89' lang='lat' dir='ltr'>coram</span> <span class='ocrx_word' id='word_1_5' title='bbox 242 483 277 532; x_wconf 91' lang='lat' dir='ltr'>et</span> <span class='ocrx_word' id='word_1_6' title='bbox 305 519 334 534; x_wconf 91' lang='lat'>..</span> <span class='ocrx_word' id='word_1_7' title='bbox 363 474 468 550; x_wconf 79' lang='lat' dir='ltr'>argui</span> <span class='ocrx_word' id='word_1_8' title='bbox 488 483 617 552; x_wconf 89' lang='lat' dir='ltr'>posset</span> <span class='ocrx_word' id='word_1_9' title='bbox 640 473 744 532; x_wconf 80' lang='lat' dir='ltr'>vitiose</span> <span class='ocrx_word' id='word_1_10' title='bbox 765 473 827 531; x_wconf 89' lang='lat' dir='ltr'>sine</span> <span class='ocrx_word' id='word_1_11' title='bbox 855 473 997 550; x_wconf 84' lang='lat' dir='ltr'>particula</span> <span class='ocrx_word' id='word_1_12' title='bbox 1026 475 1156 551; x_wconf 74' lang='lat' dir='ltr'>adiungi·</span> 
     </span>
     <span class='ocr_line' id='line_1_3' title="bbox 96 578 1155 656; baseline 0.002 -20"><span class='ocrx_word' id='word_1_13' title='bbox 96 590 145 637; x_wconf 85' lang='lat' dir='ltr'>tur</span> <span class='ocrx_word' id='word_1_14' title='bbox 165 578 220 636; x_wconf 87' lang='lat' dir='ltr'>iili:</span> <span class='ocrx_word' id='word_1_15' title='bbox 255 581 315 654; x_wconf 87' lang='lat' dir='ltr'>qni</span> <span class='ocrx_word' id='word_1_16' title='bbox 342 621 393 642; x_wconf 83' lang='lat'>...</span> <span class='ocrx_word' id='word_1_17' title='bbox 419 580 575 650; x_wconf 89' lang='lat' dir='ltr'>diceret,</span> <span class='ocrx_word' id='word_1_18' title='bbox 608 590 637 638; x_wconf 89' lang='lat' dir='ltr'>et</span> <span class='ocrx_word' id='word_1_19' title='bbox 658 597 749 656; x_wconf 83' lang='lat' dir='ltr'>prave</span> <span class='ocrx_word' id='word_1_20' title='bbox 780 581 837 638; x_wconf 92' lang='lat' dir='ltr'>boc</span> <span class='ocrx_word' id='word_1_21' title='bbox 865 579 981 638; x_wconf 87' lang='lat' dir='ltr'>dicitur:</span> <span class='ocrx_word' id='word_1_22' title='bbox 1003 589 1155 640; x_wconf 86' lang='lat' dir='ltr'>amotum</span> 
     </span>
     <span class='ocr_line' id='line_1_4' title="bbox 97 685 1156 764; baseline 0.002 -22"><span class='ocrx_word' id='word_1_23' title='bbox 97 703 192 756; x_wconf 81' lang='lat' dir='ltr'>esse,</span> <span class='ocrx_word' id='word_1_24' title='bbox 215 685 351 760; x_wconf 76' lang='lat' dir='ltr'>quiea,</span> <span class='ocrx_word' id='word_1_25' title='bbox 383 704 459 761; x_wconf 83' lang='lat' dir='ltr'>quas</span> <span class='ocrx_word' id='word_1_26' title='bbox 480 687 709 763; x_wconf 75' lang='lat' dir='ltr'>scripsisset,</span> <span class='ocrx_word' id='word_1_27' title='bbox 732 704 893 764; x_wconf 66' lang='lat' dir='ltr'>presens</span> <span class='ocrx_word' id='word_1_28' title='bbox 916 686 1070 748; x_wconf 80' lang='lat' dir='ltr'>diceret.</span> <span class='ocrx_word' id='word_1_29' title='bbox 1092 705 1156 762; x_wconf 77' lang='lat' dir='ltr'>quse</span> 
     </span>
     <span class='ocr_line' id='line_1_5' title="bbox 95 791 1157 868; baseline 0.001 -18"><span class='ocrx_word' id='word_1_30' title='bbox 95 792 237 850; x_wconf 85' lang='lat' dir='ltr'>orationis</span> <span class='ocrx_word' id='word_1_31' title='bbox 259 791 355 850; x_wconf 82' lang='lat' dir='ltr'>forma</span> <span class='ocrx_word' id='word_1_32' title='bbox 377 801 477 868; x_wconf 85' lang='lat' dir='ltr'>aperte</span> <span class='ocrx_word' id='word_1_33' title='bbox 504 793 617 850; x_wconf 84' lang='lat' dir='ltr'>consilii</span> <span class='ocrx_word' id='word_1_34' title='bbox 643 792 882 868; x_wconf 83' lang='lat' dir='ltr'>significationem</span> <span class='ocrx_word' id='word_1_35' title='bbox 909 793 1017 850; x_wconf 90' lang='lat' dir='ltr'>hebere</span> <span class='ocrx_word' id='word_1_36' title='bbox 1044 793 1157 851; x_wconf 88' lang='lat' dir='ltr'>videtur</span> 
     </span>
     <span class='ocr_line' id='line_1_6' title="bbox 97 897 1157 974; baseline 0.004 -20"><span class='ocrx_word' id='word_1_37' title='bbox 97 903 280 968; x_wconf 87' lang='lat' dir='ltr'>(amotum,</span> <span class='ocrx_word' id='word_1_38' title='bbox 301 907 339 954; x_wconf 87' lang='lat' dir='ltr'>ut</span> <span class='ocrx_word' id='word_1_39' title='bbox 360 897 499 957; x_wconf 76' lang='lat' dir='ltr'>alicubi</span> <span class='ocrx_word' id='word_1_40' title='bbox 519 897 675 968; x_wconf 83' lang='lat' dir='ltr'>diceret3</span> <span class='ocrx_word' id='word_1_41' title='bbox 697 899 784 974; x_wconf 84' lang='lat' dir='ltr'>longe</span> <span class='ocrx_word' id='word_1_42' title='bbox 808 899 884 957; x_wconf 83' lang='lat' dir='ltr'>eninr</span> <span class='ocrx_word' id='word_1_43' title='bbox 914 898 993 957; x_wconf 83' lang='lat' dir='ltr'>alind</span> <span class='ocrx_word' id='word_1_44' title='bbox 1013 909 1103 970; x_wconf 79' lang='lat' dir='ltr'>esset,</span> <span class='ocrx_word' id='word_1_45' title='bbox 1133 899 1157 958; x_wconf 90' lang='lat' dir='ltr'>si</span> 
     </span>
     <span class='ocr_line' id='line_1_7' title="bbox 95 1002 1156 1080; baseline 0.007 -22"><span class='ocrx_word' id='word_1_46' title='bbox 95 1002 140 1060; x_wconf 92' lang='lat' dir='ltr'>sic</span> <span class='ocrx_word' id='word_1_47' title='bbox 161 1003 348 1062; x_wconf 71' lang='lat' dir='ltr'>scriberetur:</span> <span class='ocrx_word' id='word_1_48' title='bbox 370 1021 461 1062; x_wconf 93' lang='lat' dir='ltr'>nunc</span> <span class='ocrx_word' id='word_1_49' title='bbox 483 1013 638 1062; x_wconf 86' lang='lat' dir='ltr'>amotum</span> <span class='ocrx_word' id='word_1_50' title='bbox 660 1023 755 1076; x_wconf 84' lang='lat' dir='ltr'>esse,</span> <span class='ocrx_word' id='word_1_51' title='bbox 784 1006 844 1080; x_wconf 92' lang='lat' dir='ltr'>qui</span> <span class='ocrx_word' id='word_1_52' title='bbox 870 1007 1057 1064; x_wconf 84' lang='lat' dir='ltr'>contrarie</span> <span class='ocrx_word' id='word_1_53' title='bbox 1078 1023 1156 1064; x_wconf 90' lang='lat' dir='ltr'>con·</span> 
     </span>
     <span class='ocr_line' id='line_1_8' title="bbox 97 1107 1157 1188; baseline 0.006 -24"><span class='ocrx_word' id='word_1_54' title='bbox 97 1107 170 1166; x_wconf 88' lang='lat' dir='ltr'>suli</span> <span class='ocrx_word' id='word_1_55' title='bbox 194 1109 434 1188; x_wconf 78' lang='lat' dir='ltr'>scripsisset).</span> <span class='ocrx_word' id='word_1_56' title='bbox 495 1111 600 1186; x_wconf 88' lang='lat' dir='ltr'>Itaque</span> <span class='ocrx_word' id='word_1_57' title='bbox 630 1111 654 1168; x_wconf 89' lang='lat' dir='ltr'>si</span> <span class='ocrx_word' id='word_1_58' title='bbox 686 1111 790 1169; x_wconf 87' lang='lat' dir='ltr'>horum</span> <span class='ocrx_word' id='word_1_59' title='bbox 812 1111 943 1170; x_wconf 88' lang='lat' dir='ltr'>codicum</span> <span class='ocrx_word' id='word_1_60' title='bbox 964 1113 1093 1188; x_wconf 81' lang='lat' dir='ltr'>vestigiis</span> <span class='ocrx_word' id='word_1_61' title='bbox 1113 1113 1157 1170; x_wconf 92' lang='lat' dir='ltr'>in·</span> 
     </span>
     <span class='ocr_line' id='line_1_9' title="bbox 97 1214 1158 1295; baseline 0.007 -24"><span class='ocrx_word' id='word_1_62' title='bbox 97 1214 258 1273; x_wconf 85' lang='lat' dir='ltr'>sistendum</span> <span class='ocrx_word' id='word_1_63' title='bbox 280 1225 365 1288; x_wconf 85' lang='lat' dir='ltr'>esset,</span> <span class='ocrx_word' id='word_1_64' title='bbox 397 1217 580 1274; x_wconf 81' lang='lat' dir='ltr'>scribendum</span> <span class='ocrx_word' id='word_1_65' title='bbox 613 1217 715 1276; x_wconf 87' lang='lat' dir='ltr'>saltem</span> <span class='ocrx_word' id='word_1_66' title='bbox 744 1225 820 1274; x_wconf 82' lang='lat' dir='ltr'>eret:</span> <span class='ocrx_word' id='word_1_67' title='bbox 853 1218 914 1293; x_wconf 90' lang='lat' dir='ltr'>qui</span> <span class='ocrx_word' id='word_1_68' title='bbox 943 1262 973 1280; x_wconf 87' lang='lat'>..</span> <span class='ocrx_word' id='word_1_69' title='bbox 1000 1237 1158 1295; x_wconf 71' lang='lat' dir='ltr'>presens</span> 
     </span>
     <span class='ocr_line' id='line_1_10' title="bbox 97 1323 1157 1402; baseline -0.005 -17"><span class='ocrx_word' id='word_1_70' title='bbox 97 1323 225 1386; x_wconf 62' lang='lat' dir='ltr'>licere</span> <span class='ocrx_word' id='word_1_71' title='bbox 257 1330 291 1386; x_wconf 83' lang='lat' dir='ltr'>ct</span> <span class='ocrx_word' id='word_1_72' title='bbox 323 1341 477 1398; x_wconf 79' lang='lat' dir='ltr'>arguere</span> <span class='ocrx_word' id='word_1_73' title='bbox 508 1341 628 1382; x_wconf 87' lang='lat' dir='ltr'>coram</span> <span class='ocrx_word' id='word_1_74' title='bbox 665 1333 700 1381; x_wconf 90' lang='lat' dir='ltr'>ct</span> <span class='ocrx_word' id='word_1_75' title='bbox 729 1367 757 1383; x_wconf 88' lang='lat'>..</span> <span class='ocrx_word' id='word_1_76' title='bbox 792 1323 895 1399; x_wconf 85' lang='lat' dir='ltr'>argui</span> <span class='ocrx_word' id='word_1_77' title='bbox 927 1334 1068 1402; x_wconf 86' lang='lat' dir='ltr'>posset;</span> <span class='ocrx_word' id='word_1_78' title='bbox 1105 1323 1157 1383; x_wconf 84' lang='lat' dir='ltr'>etsi</span> 
     </span>
     <span class='ocr_line' id='line_1_11' title="bbox 97 1427 1156 1505; baseline 0.002 -19"><span class='ocrx_word' id='word_1_79' title='bbox 97 1447 136 1486; x_wconf 91' lang='lat' dir='ltr'>uc</span> <span class='ocrx_word' id='word_1_80' title='bbox 157 1429 199 1486; x_wconf 89' lang='lat' dir='ltr'>sic</span> <span class='ocrx_word' id='word_1_81' title='bbox 222 1429 336 1505; x_wconf 87' lang='lat' dir='ltr'>quidem</span> <span class='ocrx_word' id='word_1_82' title='bbox 357 1427 454 1505; x_wconf 83' lang='lat' dir='ltr'>placet</span> <span class='ocrx_word' id='word_1_83' title='bbox 474 1429 535 1489; x_wconf 84' lang='lat' dir='ltr'>hoec</span> <span class='ocrx_word' id='word_1_84' title='bbox 557 1430 696 1488; x_wconf 85' lang='lat' dir='ltr'>orationis</span> <span class='ocrx_word' id='word_1_85' title='bbox 717 1428 847 1487; x_wconf 80' lang='lat' dir='ltr'>reletivae</span> <span class='ocrx_word' id='word_1_86' title='bbox 874 1428 982 1486; x_wconf 85' lang='lat' dir='ltr'>forma:</span> <span class='ocrx_word' id='word_1_87' title='bbox 1003 1441 1156 1490; x_wconf 88' lang='lat' dir='ltr'>amotum</span> 
     </span>
     <span class='ocr_line' id='line_1_12' title="bbox 98 1534 1157 1614; baseline 0.002 -20"><span class='ocrx_word' id='word_1_88' title='bbox 98 1553 196 1609; x_wconf 84' lang='lat' dir='ltr'>esse,</span> <span class='ocrx_word' id='word_1_89' title='bbox 218 1537 281 1613; x_wconf 90' lang='lat' dir='ltr'>qui</span> <span class='ocrx_word' id='word_1_90' title='bbox 307 1579 336 1595; x_wconf 86' lang='lat'>..</span> <span class='ocrx_word' id='word_1_91' title='bbox 363 1544 504 1610; x_wconf 76' lang='lat' dir='ltr'>posset,</span> <span class='ocrx_word' id='word_1_92' title='bbox 527 1553 586 1610; x_wconf 80' lang='lat' dir='ltr'>que</span> <span class='ocrx_word' id='word_1_93' title='bbox 605 1544 744 1610; x_wconf 86' lang='lat' dir='ltr'>tanquam</span> <span class='ocrx_word' id='word_1_94' title='bbox 765 1534 874 1592; x_wconf 79' lang='lat' dir='ltr'>incerta</span> <span class='ocrx_word' id='word_1_95' title='bbox 895 1553 1019 1610; x_wconf 85' lang='lat' dir='ltr'>persona</span> <span class='ocrx_word' id='word_1_96' title='bbox 1039 1557 1157 1614; x_wconf 83' lang='lat' dir='ltr'>generu-</span> 
     </span>
     <span class='ocr_line' id='line_1_13' title="bbox 98 1641 1158 1719; baseline 0.004 -20"><span class='ocrx_word' id='word_1_97' title='bbox 98 1642 152 1700; x_wconf 87' lang='lat' dir='ltr'>tim</span> <span class='ocrx_word' id='word_1_98' title='bbox 174 1643 361 1718; x_wconf 76' lang='lat' dir='ltr'>significatur,</span> <span class='ocrx_word' id='word_1_99' title='bbox 382 1641 428 1699; x_wconf 91' lang='lat' dir='ltr'>cui</span> <span class='ocrx_word' id='word_1_100' title='bbox 452 1641 654 1718; x_wconf 83' lang='lat' dir='ltr'>significationi</span> <span class='ocrx_word' id='word_1_101' title='bbox 675 1641 823 1698; x_wconf 85' lang='lat' dir='ltr'>contruria</span> <span class='ocrx_word' id='word_1_102' title='bbox 844 1651 910 1698; x_wconf 89' lang='lat' dir='ltr'>sunt</span> <span class='ocrx_word' id='word_1_103' title='bbox 931 1642 994 1701; x_wconf 83' lang='lat' dir='ltr'>ille:</span> <span class='ocrx_word' id='word_1_104' title='bbox 1012 1663 1061 1715; x_wconf 76' lang='lat' dir='ltr'>ee,</span> <span class='ocrx_word' id='word_1_105' title='bbox 1085 1663 1158 1719; x_wconf 80' lang='lat' dir='ltr'>quoe</span> 
     </span>
     <span class='ocr_line' id='line_1_14' title="bbox 97 1747 1156 1825; baseline 0.004 -19"><span class='ocrx_word' id='word_1_106' title='bbox 97 1749 327 1824; x_wconf 79' lang='lat' dir='ltr'>scripsisset.</span> <span class='ocrx_word' id='word_1_107' title='bbox 377 1749 482 1824; x_wconf 82' lang='lat' dir='ltr'>Itaque</span> <span class='ocrx_word' id='word_1_108' title='bbox 510 1748 688 1806; x_wconf 89' lang='lat' dir='ltr'>redeundum</span> <span class='ocrx_word' id='word_1_109' title='bbox 717 1747 833 1806; x_wconf 81' lang='lat' dir='ltr'>videtur</span> <span class='ocrx_word' id='word_1_110' title='bbox 862 1749 899 1806; x_wconf 88' lang='lat' dir='ltr'>ad</span> <span class='ocrx_word' id='word_1_111' title='bbox 931 1751 1156 1825; x_wconf 63' lang='lat' dir='ltr'>prestantiorem</span> 
     </span>
     <span class='ocr_line' id='line_1_15' title="bbox 99 1853 1157 1930; baseline 0.003 -18"><span class='ocrx_word' id='word_1_112' title='bbox 99 1854 209 1912; x_wconf 86' lang='lat' dir='ltr'>codicis</span> <span class='ocrx_word' id='word_1_113' title='bbox 239 1855 271 1912; x_wconf 89' lang='lat' dir='ltr'>M</span> <span class='ocrx_word' id='word_1_114' title='bbox 293 1855 510 1925; x_wconf 81' lang='lat' dir='ltr'>auctoritatem,</span> <span class='ocrx_word' id='word_1_115' title='bbox 535 1855 565 1912; x_wconf 90' lang='lat' dir='ltr'>in</span> <span class='ocrx_word' id='word_1_116' title='bbox 594 1871 652 1929; x_wconf 87' lang='lat' dir='ltr'>quo</span> <span class='ocrx_word' id='word_1_117' title='bbox 680 1853 721 1911; x_wconf 90' lang='lat' dir='ltr'>sic</span> <span class='ocrx_word' id='word_1_118' title='bbox 753 1854 890 1930; x_wconf 89' lang='lat' dir='ltr'>scripturn</span> <span class='ocrx_word' id='word_1_119' title='bbox 919 1865 975 1913; x_wconf 86' lang='lat' dir='ltr'>est:</span> <span class='ocrx_word' id='word_1_120' title='bbox 1004 1869 1157 1916; x_wconf 88' lang='lat' dir='ltr'>amotum</span> 
     </span>
     <span class='ocr_line' id='line_1_16' title="bbox 98 1960 1160 2039; baseline 0.004 -22"><span class='ocrx_word' id='word_1_121' title='bbox 98 1977 181 2016; x_wconf 89' lang='lat' dir='ltr'>esse</span> <span class='ocrx_word' id='word_1_122' title='bbox 201 1960 242 2018; x_wconf 88' lang='lat' dir='ltr'>de</span> <span class='ocrx_word' id='word_1_123' title='bbox 263 1961 462 2032; x_wconf 79' lang='lat' dir='ltr'>industria,</span> <span class='ocrx_word' id='word_1_124' title='bbox 492 1980 533 2018; x_wconf 87' lang='lat' dir='ltr'>ne</span> <span class='ocrx_word' id='word_1_125' title='bbox 555 1979 610 2030; x_wconf 77' lang='lat' dir='ltr'>ea,</span> <span class='ocrx_word' id='word_1_126' title='bbox 642 1979 718 2036; x_wconf 74' lang='lat' dir='ltr'>que</span> <span class='ocrx_word' id='word_1_127' title='bbox 739 1961 974 2037; x_wconf 78' lang='lat' dir='ltr'>scripsisset,</span> <span class='ocrx_word' id='word_1_128' title='bbox 1003 1981 1160 2039; x_wconf 72' lang='lat' dir='ltr'>presens</span> 
     </span>
     <span class='ocr_line' id='line_1_17' title="bbox 99 2065 1159 2142; baseline 0 -20"><span class='ocrx_word' id='word_1_129' title='bbox 99 2065 243 2123; x_wconf 88' lang='lat' dir='ltr'>diceret</span> <span class='ocrx_word' id='word_1_130' title='bbox 272 2077 332 2124; x_wconf 85' lang='lat' dir='ltr'>aut</span> <span class='ocrx_word' id='word_1_131' title='bbox 353 2077 526 2142; x_wconf 80' lang='lat' dir='ltr'>urgueret</span> <span class='ocrx_word' id='word_1_132' title='bbox 546 2085 671 2124; x_wconf 86' lang='lat' dir='ltr'>eorem</span> <span class='ocrx_word' id='word_1_133' title='bbox 696 2077 745 2138; x_wconf 81' lang='lat' dir='ltr'>et,</span> <span class='ocrx_word' id='word_1_134' title='bbox 781 2067 811 2124; x_wconf 89' lang='lat' dir='ltr'>si</span> <span class='ocrx_word' id='word_1_135' title='bbox 834 2067 918 2141; x_wconf 83' lang='lat' dir='ltr'>quid</span> <span class='ocrx_word' id='word_1_136' title='bbox 939 2067 1024 2123; x_wconf 88' lang='lat' dir='ltr'>veni</span> <span class='ocrx_word' id='word_1_137' title='bbox 1045 2065 1159 2124; x_wconf 83' lang='lat' dir='ltr'>effer-</span> 
     </span>
     <span class='ocr_line' id='line_1_18' title="bbox 99 2173 1160 2249; baseline -0.002 -20"><span class='ocrx_word' id='word_1_138' title='bbox 99 2182 170 2242; x_wconf 77' lang='lat' dir='ltr'>ret,</span> <span class='ocrx_word' id='word_1_139' title='bbox 192 2173 295 2249; x_wconf 81' lang='lat' dir='ltr'>argui</span> <span class='ocrx_word' id='word_1_140' title='bbox 316 2183 443 2249; x_wconf 91' lang='lat' dir='ltr'>posset</span> <span class='ocrx_word' id='word_1_141' title='bbox 475 2173 540 2246; x_wconf 87' lang='lat' dir='ltr'>(etsi</span> <span class='ocrx_word' id='word_1_142' title='bbox 573 2181 684 2230; x_wconf 85' lang='lat' dir='ltr'>tuntum</span> <span class='ocrx_word' id='word_1_143' title='bbox 712 2191 805 2248; x_wconf 84' lang='lat' dir='ltr'>usque</span> <span class='ocrx_word' id='word_1_144' title='bbox 835 2175 873 2231; x_wconf 84' lang='lat' dir='ltr'>ad</span> <span class='ocrx_word' id='word_1_145' title='bbox 902 2190 1020 2230; x_wconf 81' lang='lat' dir='ltr'>corana</span> <span class='ocrx_word' id='word_1_146' title='bbox 1042 2180 1160 2229; x_wconf 86' lang='lat' dir='ltr'>notatur</span> 
     </span>
     <span class='ocr_line' id='line_1_19' title="bbox 102 2275 1160 2356; baseline -0.004 -19"><span class='ocrx_word' id='word_1_147' title='bbox 102 2279 211 2338; x_wconf 86' lang='lat' dir='ltr'>codicis</span> <span class='ocrx_word' id='word_1_148' title='bbox 232 2280 399 2356; x_wconf 80' lang='lat' dir='ltr'>scripturo),</span> <span class='ocrx_word' id='word_1_149' title='bbox 420 2278 633 2354; x_wconf 87' lang='lat' dir='ltr'>tenendumque</span> <span class='ocrx_word' id='word_1_150' title='bbox 647 2279 804 2356; x_wconf 83' lang='lat' dir='ltr'>aptissimas</span> <span class='ocrx_word' id='word_1_151' title='bbox 824 2278 1005 2338; x_wconf 87' lang='lat' dir='ltr'>diiunctionis</span> <span class='ocrx_word' id='word_1_152' title='bbox 1026 2275 1160 2334; x_wconf 90' lang='lat' dir='ltr'>indicium</span> 
     </span>
     <span class='ocr_line' id='line_1_20' title="bbox 104 2383 1161 2461; baseline -0.003 -19"><span class='ocrx_word' id='word_1_153' title='bbox 104 2387 182 2460; x_wconf 85' lang='lat' dir='ltr'>(aut</span> <span class='ocrx_word' id='word_1_154' title='bbox 201 2383 400 2461; x_wconf 81' lang='lat' dir='ltr'>argueret);</span> <span class='ocrx_word' id='word_1_155' title='bbox 432 2383 613 2442; x_wconf 86' lang='lat' dir='ltr'>scribendum</span> <span class='ocrx_word' id='word_1_156' title='bbox 636 2393 680 2441; x_wconf 91' lang='lat' dir='ltr'>est</span> <span class='ocrx_word' id='word_1_157' title='bbox 701 2385 792 2442; x_wconf 85' lang='lat' dir='ltr'>enim:</span> <span class='ocrx_word' id='word_1_158' title='bbox 818 2403 860 2443; x_wconf 91' lang='lat' dir='ltr'>ne</span> <span class='ocrx_word' id='word_1_159' title='bbox 882 2404 932 2457; x_wconf 85' lang='lat' dir='ltr'>ea,</span> <span class='ocrx_word' id='word_1_160' title='bbox 954 2401 1028 2458; x_wconf 74' lang='lat' dir='ltr'>quse</span> <span class='ocrx_word' id='word_1_161' title='bbox 1049 2383 1161 2458; x_wconf 85' lang='lat' dir='ltr'>scrip-</span> 
     </span>
     <span class='ocr_line' id='line_1_21' title="bbox 102 2490 1161 2568; baseline 0.003 -20"><span class='ocrx_word' id='word_1_162' title='bbox 102 2491 233 2562; x_wconf 79' lang='lat' dir='ltr'>sisset,</span> <span class='ocrx_word' id='word_1_163' title='bbox 255 2508 414 2566; x_wconf 79' lang='lat' dir='ltr'>praesens</span> <span class='ocrx_word' id='word_1_164' title='bbox 436 2490 577 2547; x_wconf 88' lang='lat' dir='ltr'>diceret</span> <span class='ocrx_word' id='word_1_165' title='bbox 603 2497 638 2554; x_wconf 82' lang='lat' dir='ltr'>ct</span> <span class='ocrx_word' id='word_1_166' title='bbox 663 2501 727 2548; x_wconf 83' lang='lat' dir='ltr'>eut</span> <span class='ocrx_word' id='word_1_167' title='bbox 750 2501 922 2568; x_wconf 78' lang='lat' dir='ltr'>urgueret</span> <span class='ocrx_word' id='word_1_168' title='bbox 951 2507 1070 2548; x_wconf 81' lang='lat' dir='ltr'>corum</span> <span class='ocrx_word' id='word_1_169' title='bbox 1092 2493 1161 2556; x_wconf 75' lang='lat' dir='ltr'>ni.</span> 
     </span>
     <span class='ocr_line' id='line_1_22' title="bbox 102 2595 1161 2672; baseline 0 -19"><span class='ocrx_word' id='word_1_170' title='bbox 102 2598 134 2655; x_wconf 91' lang='lat' dir='ltr'>si</span> <span class='ocrx_word' id='word_1_171' title='bbox 167 2617 195 2672; x_wconf 92' lang='lat' dir='ltr'>q.</span> <span class='ocrx_word' id='word_1_172' title='bbox 227 2616 257 2654; x_wconf 86' lang='lat' dir='ltr'>v.</span> <span class='ocrx_word' id='word_1_173' title='bbox 289 2616 335 2666; x_wconf 77' lang='lat' dir='ltr'>a,</span> <span class='ocrx_word' id='word_1_174' title='bbox 372 2595 476 2672; x_wconf 78' lang='lat' dir='ltr'>argui</span> <span class='ocrx_word' id='word_1_175' title='bbox 507 2605 643 2672; x_wconf 78' lang='lat' dir='ltr'>posset.</span> <span class='ocrx_word' id='word_1_176' title='bbox 686 2598 787 2671; x_wconf 87' lang='lat' dir='ltr'>Atque</span> <span class='ocrx_word' id='word_1_177' title='bbox 817 2595 892 2654; x_wconf 85' lang='lat' dir='ltr'>idem</span> <span class='ocrx_word' id='word_1_178' title='bbox 914 2597 998 2654; x_wconf 85' lang='lat' dir='ltr'>video</span> <span class='ocrx_word' id='word_1_179' title='bbox 1019 2595 1161 2672; x_wconf 70' lang='lat' dir='ltr'>placuisse</span> 
     </span>
     <span class='ocr_line' id='line_1_23' title="bbox 103 2701 1161 2779; baseline -0.002 -17"><span class='ocrx_word' id='word_1_180' title='bbox 103 2702 252 2774; x_wconf 82' lang='lat' dir='ltr'>Creveri0‚</span> <span class='ocrx_word' id='word_1_181' title='bbox 281 2703 336 2761; x_wconf 90' lang='lat' dir='ltr'>nisi</span> <span class='ocrx_word' id='word_1_182' title='bbox 366 2702 444 2776; x_wconf 85' lang='lat' dir='ltr'>quod</span> <span class='ocrx_word' id='word_1_183' title='bbox 475 2702 511 2759; x_wconf 81' lang='lat' dir='ltr'>de</span> <span class='ocrx_word' id='word_1_184' title='bbox 538 2721 580 2760; x_wconf 88' lang='lat' dir='ltr'>ne</span> <span class='ocrx_word' id='word_1_185' title='bbox 600 2702 778 2760; x_wconf 84' lang='lat' dir='ltr'>restituendo</span> <span class='ocrx_word' id='word_1_186' title='bbox 799 2720 857 2760; x_wconf 91' lang='lat' dir='ltr'>non</span> <span class='ocrx_word' id='word_1_187' title='bbox 879 2702 1026 2778; x_wconf 80' lang='lat' dir='ltr'>cogitavit.</span> <span class='ocrx_word' id='word_1_188' title='bbox 1070 2701 1161 2779; x_wconf 83' lang='lat' dir='ltr'>Origo</span> 
     </span>
     <span class='ocr_line' id='line_1_24' title="bbox 101 2808 1159 2885; baseline 0 -19"><span class='ocrx_word' id='word_1_189' title='bbox 101 2809 208 2885; x_wconf 88' lang='lat' dir='ltr'>prioris</span> <span class='ocrx_word' id='word_1_190' title='bbox 235 2809 422 2867; x_wconf 86' lang='lat' dir='ltr'>mendinete</span> <span class='ocrx_word' id='word_1_191' title='bbox 443 2819 544 2866; x_wconf 85' lang='lat' dir='ltr'>estex</span> <span class='ocrx_word' id='word_1_192' title='bbox 564 2827 632 2866; x_wconf 87' lang='lat' dir='ltr'>nea</span> <span class='ocrx_word' id='word_1_193' title='bbox 653 2827 707 2884; x_wconf 89' lang='lat' dir='ltr'>pro</span> <span class='ocrx_word' id='word_1_194' title='bbox 737 2827 779 2865; x_wconf 89' lang='lat' dir='ltr'>ne</span> <span class='ocrx_word' id='word_1_195' title='bbox 801 2826 842 2865; x_wconf 90' lang='lat' dir='ltr'>ea</span> <span class='ocrx_word' id='word_1_196' title='bbox 862 2808 986 2883; x_wconf 78' lang='lat' dir='ltr'>scripto,</span> <span class='ocrx_word' id='word_1_197' title='bbox 1016 2809 1159 2872; x_wconf 70' lang='lat' dir='ltr'>deinde·</span> 
     </span>
     <span class='ocr_line' id='line_1_25' title="bbox 102 2909 907 2990; baseline 0 -18"><span class='ocrx_word' id='word_1_198' title='bbox 102 2915 221 2985; x_wconf 86' lang='lat' dir='ltr'>omisso,</span> <span class='ocrx_word' id='word_1_199' title='bbox 243 2915 360 2972; x_wconf 83' lang='lat' dir='ltr'>alterius</span> <span class='ocrx_word' id='word_1_200' title='bbox 382 2933 419 2971; x_wconf 90' lang='lat' dir='ltr'>ex</span> <span class='ocrx_word' id='word_1_201' title='bbox 442 2925 475 2972; x_wconf 89' lang='lat' dir='ltr'>et</span> <span class='ocrx_word' id='word_1_202' title='bbox 497 2924 565 2990; x_wconf 88' lang='lat' dir='ltr'>post</span> <span class='ocrx_word' id='word_1_203' title='bbox 588 2914 730 2972; x_wconf 87' lang='lat' dir='ltr'>diceret</span> <span class='ocrx_word' id='word_1_204' title='bbox 751 2915 868 2974; x_wconf 89' lang='lat' dir='ltr'>omisso.</span> <span class='ocrx_word' id='word_1_205' title='bbox 876 2909 907 2985; x_wconf 85' lang='lat'>¹)</span> 
     </span>
    </p>

    <p class='ocr_par' dir='ltr' id='par_1_3' title="bbox 101 3017 1163 3734">
     <span class='ocr_line' id='line_1_26' title="bbox 187 3017 1162 3097; baseline -0.001 -18"><span class='ocrx_word' id='word_1_206' title='bbox 187 3019 259 3097; x_wconf 86' lang='lat' dir='ltr'>Cap.</span> <span class='ocrx_word' id='word_1_207' title='bbox 296 3023 350 3090; x_wconf 80' lang='lat'>12,</span> <span class='ocrx_word' id='word_1_208' title='bbox 383 3021 400 3078; x_wconf 88' lang='grc'>8</span> <span class='ocrx_word' id='word_1_209' title='bbox 430 3017 496 3096; x_wconf 90' lang='lat' dir='ltr'>(ubi</span> <span class='ocrx_word' id='word_1_210' title='bbox 518 3019 706 3078; x_wconf 81' lang='lat' dir='ltr'>Damocritus</span> <span class='ocrx_word' id='word_1_211' title='bbox 727 3020 846 3078; x_wconf 86' lang='lat' dir='ltr'>AEtolus</span> <span class='ocrx_word' id='word_1_212' title='bbox 868 3020 977 3080; x_wconf 80' lang='lat' dir='ltr'>Nabidi</span> <span class='ocrx_word' id='word_1_213' title='bbox 998 3020 1109 3091; x_wconf 83' lang='lat' dir='ltr'>suadet,</span> <span class='ocrx_word' id='word_1_214' title='bbox 1131 3031 1162 3078; x_wconf 93' lang='lat' dir='ltr'>ut</span> 
     </span>
     <span class='ocr_line' id='line_1_27' title="bbox 102 3124 1161 3203; baseline 0.003 -21"><span class='ocrx_word' id='word_1_215' title='bbox 102 3124 264 3182; x_wconf 70' lang='lat' dir='ltr'>maritimas</span> <span class='ocrx_word' id='word_1_216' title='bbox 291 3125 444 3182; x_wconf 79' lang='lat' dir='ltr'>Laconicas</span> <span class='ocrx_word' id='word_1_217' title='bbox 471 3125 603 3183; x_wconf 87' lang='lat' dir='ltr'>civitates</span> <span class='ocrx_word' id='word_1_218' title='bbox 628 3125 706 3183; x_wconf 88' lang='lat' dir='ltr'>bello</span> <span class='ocrx_word' id='word_1_219' title='bbox 729 3127 907 3203; x_wconf 88' lang='lat' dir='ltr'>recuperet):</span> <span class='ocrx_word' id='word_1_220' title='bbox 933 3128 1079 3186; x_wconf 88' lang='lat' dir='ltr'>Nullum</span> <span class='ocrx_word' id='word_1_221' title='bbox 1102 3147 1161 3185; x_wconf 82' lang='lat' dir='ltr'>ex-</span> 
     </span>
     <span class='ocr_line' id='line_1_28' title="bbox 102 3231 1162 3311; baseline 0.001 -22"><span class='ocrx_word' id='word_1_222' title='bbox 102 3232 253 3290; x_wconf 88' lang='lat' dir='ltr'>ercitum</span> <span class='ocrx_word' id='word_1_223' title='bbox 294 3232 493 3289; x_wconf 88' lang='lat' dir='ltr'>Romanum</span> <span class='ocrx_word' id='word_1_224' title='bbox 532 3233 565 3290; x_wconf 92' lang='lat' dir='ltr'>in</span> <span class='ocrx_word' id='word_1_225' title='bbox 599 3231 742 3291; x_wconf 71' lang='lat' dir='ltr'>Graecia</span> <span class='ocrx_word' id='word_1_226' title='bbox 774 3251 868 3304; x_wconf 82' lang='lat' dir='ltr'>esse,</span> <span class='ocrx_word' id='word_1_227' title='bbox 917 3252 980 3292; x_wconf 87' lang='lat' dir='ltr'>nec</span> <span class='ocrx_word' id='word_1_228' title='bbox 1011 3243 1162 3311; x_wconf 87' lang='lat' dir='ltr'>propter</span> 
     </span>
     <span class='ocr_line' id='line_1_29' title="bbox 102 3337 1161 3415; baseline 0 -19"><span class='ocrx_word' id='word_1_229' title='bbox 102 3337 277 3414; x_wconf 80' lang='lat' dir='ltr'>Gythium</span> <span class='ocrx_word' id='word_1_230' title='bbox 300 3346 362 3394; x_wconf 83' lang='lat' dir='ltr'>ant-</span> <span class='ocrx_word' id='word_1_231' title='bbox 383 3338 587 3396; x_wconf 82' lang='lat' dir='ltr'>mcritimos</span> <span class='ocrx_word' id='word_1_232' title='bbox 610 3339 705 3396; x_wconf 84' lang='lat' dir='ltr'>aiios</span> <span class='ocrx_word' id='word_1_233' title='bbox 729 3339 897 3397; x_wconf 75' lang='lat' dir='ltr'>Lacones</span> <span class='ocrx_word' id='word_1_234' title='bbox 919 3338 1061 3415; x_wconf 81' lang='lat' dir='ltr'>dignum</span> <span class='ocrx_word' id='word_1_235' title='bbox 1083 3357 1161 3396; x_wconf 84' lang='lat' dir='ltr'>cau-</span> 
     </span>
     <span class='ocr_line' id='line_1_30' title="bbox 101 3443 1161 3520; baseline 0.002 -20"><span class='ocrx_word' id='word_1_236' title='bbox 101 3461 176 3501; x_wconf 87' lang='lat' dir='ltr'>sam</span> <span class='ocrx_word' id='word_1_237' title='bbox 199 3443 477 3502; x_wconf 75' lang='lat' dir='ltr'>existimaturos</span> <span class='ocrx_word' id='word_1_238' title='bbox 499 3444 697 3516; x_wconf 82' lang='lat' dir='ltr'>Romanos,</span> <span class='ocrx_word' id='word_1_239' title='bbox 728 3463 792 3503; x_wconf 86' lang='lat' dir='ltr'>cur</span> <span class='ocrx_word' id='word_1_240' title='bbox 820 3443 986 3520; x_wconf 87' lang='lat' dir='ltr'>legiones</span> <span class='ocrx_word' id='word_1_241' title='bbox 1011 3445 1045 3503; x_wconf 93' lang='lat' dir='ltr'>in</span> <span class='ocrx_word' id='word_1_242' title='bbox 1068 3443 1161 3504; x_wconf 74' lang='lat' dir='ltr'>Gra·</span> 
     </span>
     <span class='ocr_line' id='line_1_31' title="bbox 101 3549 1163 3627; baseline 0.001 -20"><span class='ocrx_word' id='word_1_243' title='bbox 101 3549 194 3607; x_wconf 88' lang='lat' dir='ltr'>ciam</span> <span class='ocrx_word' id='word_1_244' title='bbox 216 3568 341 3608; x_wconf 87' lang='lat' dir='ltr'>rursus</span> <span class='ocrx_word' id='word_1_245' title='bbox 364 3551 631 3610; x_wconf 78' lang='lat' dir='ltr'>transmittant.</span> <span class='ocrx_word' id='word_1_246' title='bbox 676 3549 988 3609; x_wconf 86' lang='lat' dir='ltr'>Vitiosissimedicitur</span> <span class='ocrx_word' id='word_1_247' title='bbox 1009 3559 1163 3627; x_wconf 86' lang='lat' dir='ltr'>propter</span> 
     </span>
     <span class='ocr_line' id='line_1_32' title="bbox 101 3653 1161 3734; baseline 0 -20"><span class='ocrx_word' id='word_1_248' title='bbox 101 3656 243 3730; x_wconf 84' lang='lat' dir='ltr'>aliquid</span> <span class='ocrx_word' id='word_1_249' title='bbox 277 3656 423 3732; x_wconf 79' lang='lat' dir='ltr'>dignam</span> <span class='ocrx_word' id='word_1_250' title='bbox 445 3677 589 3717; x_wconf 82' lang='lat' dir='ltr'>causam</span> <span class='ocrx_word' id='word_1_251' title='bbox 612 3659 828 3717; x_wconf 72' lang='lat' dir='ltr'>existimare</span> <span class='ocrx_word' id='word_1_252' title='bbox 851 3653 902 3734; x_wconf 87' lang='lat' dir='ltr'>(ne</span> <span class='ocrx_word' id='word_1_253' title='bbox 924 3655 1023 3714; x_wconf 82' lang='lat' dir='ltr'>addito</span> <span class='ocrx_word' id='word_1_254' title='bbox 1046 3656 1161 3732; x_wconf 80' lang='lat' dir='ltr'>quidem</span> 
     </span>
    </p>
   </div>
   <div class='ocr_carea' id='block_1_3' title="bbox 122 3919 1162 4162">
    <p class='ocr_par' dir='ltr' id='par_1_4' title="bbox 122 3919 1162 4162">
     <span class='ocr_line' id='line_1_33' title="bbox 122 3919 1162 3990; baseline 0 -16"><span class='ocrx_word' id='word_1_255' title='bbox 122 3919 143 3986; x_wconf 84' lang='lat'>¹)</span> <span class='ocrx_word' id='word_1_256' title='bbox 170 3923 235 3990; x_wconf 86' lang='lat' dir='ltr'>Cep.</span> <span class='ocrx_word' id='word_1_257' title='bbox 256 3931 280 3984; x_wconf 79' lang='lat'>³,</span> <span class='ocrx_word' id='word_1_258' title='bbox 303 3931 313 3976; x_wconf 87' lang='grc'>1</span> <span class='ocrx_word' id='word_1_259' title='bbox 335 3921 438 3986; x_wconf 86' lang='lat' dir='ltr'>nescio,</span> <span class='ocrx_word' id='word_1_260' title='bbox 464 3941 509 3976; x_wconf 89' lang='lat' dir='ltr'>cnr</span> <span class='ocrx_word' id='word_1_261' title='bbox 532 3941 584 3975; x_wconf 91' lang='lat' dir='ltr'>non</span> <span class='ocrx_word' id='word_1_262' title='bbox 609 3923 652 3988; x_wconf 88' lang='lat' dir='ltr'>(ut</span> <span class='ocrx_word' id='word_1_263' title='bbox 674 3927 700 3975; x_wconf 90' lang='lat' dir='ltr'>in</span> <span class='ocrx_word' id='word_1_264' title='bbox 720 3923 863 3988; x_wconf 87' lang='lat' dir='ltr'>codicibus)</span> <span class='ocrx_word' id='word_1_265' title='bbox 888 3923 1005 3972; x_wconf 87' lang='lat' dir='ltr'>dicantur</span> <span class='ocrx_word' id='word_1_266' title='bbox 1024 3923 1162 3987; x_wconf 80' lang='lat' dir='ltr'>Ligures</span> 
     </span>
     <span class='ocr_line' id='line_1_34' title="bbox 172 4013 1162 4082; baseline -0.001 -15"><span class='ocrx_word' id='word_1_267' title='bbox 172 4017 227 4069; x_wconf 84' lang='lat' dir='ltr'>XL</span> <span class='ocrx_word' id='word_1_268' title='bbox 246 4019 398 4068; x_wconf 85' lang='lat' dir='ltr'>millibus</span> <span class='ocrx_word' id='word_1_269' title='bbox 421 4019 585 4068; x_wconf 84' lang='lat' dir='ltr'>bominum</span> <span class='ocrx_word' id='word_1_270' title='bbox 609 4015 703 4068; x_wconf 83' lang='lat' dir='ltr'>Pisas</span> <span class='ocrx_word' id='word_1_271' title='bbox 721 4015 888 4066; x_wconf 84' lang='lat' dir='ltr'>obsidere.</span> <span class='ocrx_word' id='word_1_272' title='bbox 934 4013 997 4082; x_wconf 85' lang='lat' dir='ltr'>Cap.</span> <span class='ocrx_word' id='word_1_273' title='bbox 1016 4021 1040 4076; x_wconf 79' lang='lat' dir='ltr'>b,</span> <span class='ocrx_word' id='word_1_274' title='bbox 1065 4021 1095 4066; x_wconf 80' lang='lat'>1⁴</span> <span class='ocrx_word' id='word_1_275' title='bbox 1114 4017 1162 4066; x_wconf 92' lang='lat' dir='ltr'>tol·</span> 
     </span>
     <span class='ocr_line' id='line_1_35' title="bbox 172 4109 967 4162; baseline -0.003 -2"><span class='ocrx_word' id='word_1_276' title='bbox 172 4111 277 4161; x_wconf 87' lang='lat' dir='ltr'>lendum</span> <span class='ocrx_word' id='word_1_277' title='bbox 297 4119 335 4162; x_wconf 89' lang='lat' dir='ltr'>est</span> <span class='ocrx_word' id='word_1_278' title='bbox 356 4113 473 4162; x_wconf 84' lang='lat' dir='ltr'>codicum</span> <span class='ocrx_word' id='word_1_279' title='bbox 493 4110 644 4161; x_wconf 72' lang='lat' dir='ltr'>auctoritate</span> <span class='ocrx_word' id='word_1_280' title='bbox 663 4117 742 4159; x_wconf 84' lang='lat' dir='ltr'>sunt</span> <span class='ocrx_word' id='word_1_281' title='bbox 760 4116 819 4159; x_wconf 81' lang='lat' dir='ltr'>ante</span> <span class='ocrx_word' id='word_1_282' title='bbox 841 4109 967 4158; x_wconf 82' lang='lat' dir='ltr'>amissa.</span> 
     </span>
    </p>
   </div>
   <div class='ocr_carea' id='block_1_4' title="bbox 0 0 1410 4646">
    <p class='ocr_par' dir='ltr' id='par_1_5' title="bbox 0 0 1410 4646">
     <span class='ocr_line' id='line_1_36' title="bbox 0 0 1410 4646; baseline 0 0"><span class='ocrx_word' id='word_1_283' title='bbox 0 0 1410 4646; x_wconf 95' lang='lat' dir='ltr'> </span> 
     </span>
    </p>
   </div>
  </div>
 </body>
</html>
