2820 4646
625 237 683 292 615
1029 233 1086 282 Lib.
1100 231 1185 285 XLV.

126 420 272 494 iamque
306 417 477 493 Synnada
512 428 775 493 pervenerant,
813 436 887 476 cum
932 419 1111 476 Eumenes
1142 417 1186 476 ad

126 525 263 584 Sardes
290 523 451 598 undique
473 523 673 582 exercitum
696 533 944 586 contraxerat.
994 526 1063 582 Non
1091 525 1184 582 solum

127 643 230 690 contra
251 649 334 688 usum
358 631 793 706 sermonisplusquamperfecto
815 649 867 705 per
889 649 992 704 quum
1013 631 1184 706 particulam

127 737 249 794 alterum
272 735 586 811 plusquamperfectum
613 737 771 808 subiicitur,
804 737 855 794 sed
889 747 990 794 contra
1016 756 1112 794 rerum
1133 757 1185 794 na·

127 853 238 914 turam;
264 841 454 916 nequeenim
478 842 599 900 alterum
621 844 680 901 iam
702 843 811 901 factum
843 853 916 912 erat,
948 861 1036 918 quum
1064 843 1186 900 alterum

129 951 214 1024 (iam)
236 947 345 1006 factum
370 957 448 1018 erat,
480 949 531 1006 sed
564 968 651 1023 quum
676 949 797 1007 alterum
831 949 940 1007 factum
962 959 1015 1010 est.
1069 950 1187 1024 (Longe

128 1055 212 1112 aliter
226 1054 330 1112 dicitur
341 1054 546 1114 Germanicum
569 1056 738 1114 wahrend
762 1055 1048 1132 [gleichzeitigD.
1086 1056 1186 1113 Livius

128 1161 277 1236 scripsisse
288 1159 417 1218 videtur:
438 1162 581 1237 iamque
603 1161 774 1238 Synnada
795 1173 1043 1236 pervenerant
1067 1173 1100 1219 et
1121 1162 1186 1218 Eu·

128 1286 249 1326 menes
350 1277 603 1338 contraxerat3
626 1268 731 1324 extrito
754 1275 875 1343 etpost
896 1273 917 1333 i,
941 1277 1035 1325 ortum
1047 1277 1091 1324 est
1111 1287 1186 1325 cum

128 1393 165 1432 cx
186 1373 287 1450 primis
308 1373 410 1431 litteris
440 1371 563 1430 nominis
594 1373 776 1434 Eumenis.
831 1374 867 1430 In
890 1373 1069 1432 excivitat
1098 1373 1187 1446 (cod.)

127 1491 224 1556 potest
245 1479 335 1536 latere
358 1475 557 1534 exciverat.
601 1479 768 1554 Sequuntur
789 1480 817 1536 in
841 1480 924 1536 editis
948 1478 1187 1556 (exceptoWeis·

129 1585 276 1644 senbornii
297 1582 446 1658 exemplo)
469 1584 530 1640 haec
553 1589 582 1655 (5
609 1588 671 1658 12):
700 1585 759 1642 Ibi
795 1595 828 1643 et
849 1585 1002 1644 Romani
1022 1585 1187 1644 Solovet-

128 1692 215 1748 tium
240 1691 362 1748 ducem
385 1688 574 1748 Gallorum
599 1692 780 1768 Synnadis
808 1692 963 1750 allocuti
984 1702 1018 1748 ot
1039 1690 1187 1748 Attalus

128 1816 204 1856 cnm
227 1797 278 1854 eis
299 1794 503 1872 profectus;
522 1796 583 1852 sed
599 1807 722 1854 castra
739 1797 931 1856 Gallorum
950 1797 1091 1855 intrare
1112 1816 1187 1854 eum

127 1923 197 1960 non
219 1902 368 1978 placuit,
390 1921 432 1958 ne
454 1901 564 1958 animi
586 1921 628 1960 ex
643 1903 918 1980 disceptatione
939 1904 1188 1962 irritarentur.

128 2013 165 2071 P.
195 2009 358 2068 Licinius
391 2026 468 2066 cum
501 2010 629 2084 regulo
653 2009 842 2068 Gallorum
880 2020 934 2068 est
962 2010 1108 2068 locutus
1136 2019 1188 2068 etc.

128 2116 216 2178 Ultra
237 2133 351 2172 omnem
380 2113 497 2171 modum
526 2115 645 2172 ridicule
675 2115 800 2174 Romani
821 2115 886 2182 ibi,
918 2117 974 2173 hoc
1002 2129 1046 2174 est
1067 2117 1189 2176 Sardi-

128 2224 210 2291 bus,
247 2221 439 2280 Solovettium
475 2221 658 2297 Synnadis
693 2220 810 2278 allocuti
832 2221 975 2292 dicuntur,
996 2223 1083 2297 idque
1108 2231 1189 2279 ante·

130 2348 218 2403 quarn
250 2329 280 2385 in
313 2328 374 2385 eius
403 2337 499 2384 castra
520 2327 721 2402 pervenerint;
758 2339 785 2384 et
817 2327 967 2386 subiicitur
998 2337 1077 2386 recto
1110 2327 1189 2385 loco:

131 2436 167 2496 P.
190 2434 356 2492 Licinius
395 2477 423 2493 ..
452 2443 506 2490 est
538 2432 698 2504 locutus,
727 2444 806 2492 recto
838 2433 925 2490 etiam
958 2435 1064 2509 verbo;
1097 2452 1190 2508 neque

130 2541 207 2598 enim
243 2540 379 2598 allocutio
415 2541 477 2598 hac
510 2548 581 2607 arat,
615 2539 666 2597 sed
702 2539 887 2614 colloquiunt.
944 2541 980 2598 In
1013 2539 1112 2597 codice
1133 2549 1189 2596 est:

129 2647 189 2704 lbi
209 2635 361 2705 Romani
391 2665 466 2704 cum
499 2657 533 2703 et
566 2645 810 2704 Solovettium
843 2645 965 2704 ducem
1000 2645 1189 2704 Gallorum

131 2751 321 2828 Synnades
352 2753 544 2810 adlocutus
579 2761 613 2808 et
645 2751 744 2808 talus
775 2763 828 2810 cet.
883 2751 1073 2811 Scribendum
1094 2750 1190 2826 igitur,

130 2867 234 2916 notata
259 2857 363 2916 lacuna
394 2858 566 2927 manifesta,
599 2857 636 2914 ad
668 2858 743 2914 hanc
777 2858 915 2916 formam:
948 2858 1006 2916 Ibi
1038 2857 1191 2916 Romani

132 2963 512 3038 quumSolovattium‚
536 2965 658 3021 ducem
674 2963 876 3036 Gallorum,
892 2964 1073 3041 Synnadis
1097 2959 1190 3040 [esse

132 3070 406 3146 comperissent,
434 3089 475 3128 eo
499 3069 694 3146 proficisci
711 3068 921 3148 decrerunt]
946 3071 988 3134 ad
1010 3069 1190 3150 colloqui·

132 3195 200 3246 um
232 3177 383 3235 Attalns
400 3196 475 3235 cum
492 3175 747 3252 eisprofectus
770 3181 838 3246 θεὴ
860 3187 984 3234 castra
996 3176 1190 3234 Gallorum

132 3283 280 3340 intrare
296 3301 371 3340 eum
384 3293 437 3340 etc.
485 3283 666 3353 Postremo§
683 3287 718 3340 14
732 3283 913 3342 scribendum
929 3293 985 3339 est:
1010 3291 1047 3338 ut
1067 3280 1190 3337 mirum

132 3389 250 3447 videri
272 3390 392 3464 possit
408 3391 473 3465 (pro
488 3388 639 3465 posset);
662 3407 699 3444 ex
711 3389 787 3446 Livii
806 3389 881 3446 anim
900 3379 1034 3464 persona,
1052 3405 1105 3444 sno
1119 3395 1191 3442 torn·

131 3515 203 3572 pore
217 3496 253 3552 de
263 3515 295 3552 re
307 3496 453 3571 praeterita
463 3493 625 3564 iudicantis,
639 3494 700 3550 hac
712 3494 790 3564 addi,
803 3503 902 3569 aperte
924 3494 1050 3551 ostendit
1064 3491 1191 3560 fuisse3

131 3621 199 3660 nam
222 3602 327 3659 Licinii
349 3612 478 3678 tempore
500 3599 602 3657 mirum
638 3599 729 3656 videri
758 3608 890 3675 poterat,
919 3599 1024 3656 nullius
1055 3596 1192 3654 momenti

132 3727 212 3767 esse
239 3697 413 3785 legatorum
432 3707 531 3766 verba.
581 3706 672 3772 (Bene
693 3706 844 3763 nobiscnm
872 3706 931 3782 egit
962 3703 1096 3772 fortuna,
1128 3721 1192 3777 qnae

132 3825 248 3872 servato
272 3813 388 3891 Polybii
410 3813 573 3888 fragmento
595 3811 668 3868 scire
695 3832 749 3870 nos
771 3813 871 3883 voluit,
903 3831 990 3887 quam
1013 3809 1193 3886 impudenter

134 3920 233 3978 Livius
256 3919 394 3977 admirari
416 3937 447 3976 ee
468 3918 595 3990 simulet,
626 3911 742 3976 loedam
764 3919 963 3977 Romanorum
988 3916 1119 3974 nautam
1143 3936 1192 3976 oc-

132 4027 269 4101 cultane.)
