2800 4646
568 281 623 338 189
757 327 759 332 ,
987 275 1043 326 Lib.
1055 276 1089 324 X.

55 467 143 522 huius
163 464 337 540 posterioris
359 462 576 539 significationis
599 465 739 537 exemplis
760 463 878 532 Plauti,
908 443 1041 530 Senecae,
1063 460 1127 516 Ta·

56 571 121 640 citi3
144 589 201 626 nec
223 570 304 626 deest
323 569 414 645 ipsius
446 569 539 639 Livii,
565 567 740 626 simillimum
763 571 829 628 huic
859 571 943 637 loco,
975 575 1008 623 ut
1040 586 1058 623 a
1079 585 1128 622 me

58 685 102 732 est
132 675 299 744 restitutus,
321 675 443 746 XXIV,
467 677 523 744 29,
549 679 559 732 1
594 675 645 744 (de
667 673 847 751 Syrastraislz
875 673 1014 749 legatio
1043 690 1126 748 per-

57 789 271 856 opportuna
313 781 392 837 visa
434 781 477 836 ad
514 780 787 838 multitudinem
822 779 1050 838 inconditam
1087 795 1128 834 ac

57 886 321 944 tumultuosam
344 886 626 944 exonerandam.
675 884 830 962 (Extremo
853 888 956 963 capite,
979 888 1055 954 §lh
1077 883 1126 940 ubi

57 993 94 1048 de
129 992 263 1068 patriciis
296 995 391 1050 minus
421 993 541 1050 firmiter
572 991 770 1050 resistentibus
801 993 858 1067 legi
884 994 921 1050 de
957 989 1126 1048 sacerdotiis

56 1116 124 1154 cum
141 1097 228 1172 plebe
240 1097 485 1157 communicandis
508 1097 613 1172 agitur,
635 1098 726 1154 verba
748 1097 789 1154 sic
803 1097 1034 1173 interpungenda
1047 1105 1126 1152 suut:

56 1211 91 1260 et
114 1205 319 1260 cernebant
340 1203 580 1260 adversarios
602 1223 680 1272 non,
702 1203 736 1260 id
759 1203 853 1278 quod
876 1201 1127 1277 olimvixspe·

56 1309 252 1377 raserint,
279 1307 511 1366 adfectantes
540 1326 690 1383 magnos
711 1309 890 1377 honores,
916 1308 977 1364 sed
1006 1297 1126 1364 omnia

57 1414 139 1483 iam,
162 1413 198 1470 iu
221 1432 372 1489 quorum
395 1432 492 1489 spem
515 1414 659 1470 dubiam
682 1423 762 1470 erat
783 1421 981 1484 certatum,
1009 1413 1128 1487 adep-

56 1529 126 1578 tos.
172 1521 293 1577 Pondus
320 1520 460 1576 orationis
482 1529 526 1576 est
558 1521 588 1576 in
610 1518 851 1576 adfectantes.
906 1518 983 1577 Olim
1022 1517 1127 1592 plebeii

55 1625 108 1680 rix
132 1624 282 1682 adfectare
304 1643 335 1682 se
357 1627 501 1694 honores,
527 1626 582 1682 hoc
605 1635 649 1682 est
669 1635 767 1701 petere
790 1644 896 1701 posse,
920 1632 1124 1700 speraveraut3

55 1743 128 1787 tunc
152 1730 209 1786 iam
232 1731 329 1807 adepti
351 1735 447 1802 eraut)
469 1737 490 1801 l.

145 1835 261 1911 Capti
290 1841 322 1893 3:
355 1838 428 1894 Nec
465 1847 527 1894 aut
562 1847 634 1893 tum
671 1836 842 1912 patriciis
877 1835 955 1892 ulla
991 1834 1126 1891 iniuria

55 1941 162 1998 factu
195 1951 266 2010 est,
300 1961 404 2017 quum
436 1941 639 1999 duumviris
659 1942 775 1999 sacris
797 1935 983 1998 faciundis
1006 1940 1127 1996 adiec-

55 2057 116 2102 tus
143 2053 196 2102 est
219 2056 372 2122 propter
392 2047 560 2123 plebeios
583 2065 768 2116 numcrua
793 2056 826 2103 et
847 2065 939 2102 nunc
958 2046 1131 2104 tribunus

58 2183 96 2194 -
126 2151 287 2226 quinque
309 2171 484 2227 augurum
507 2153 598 2221 loca,
623 2162 798 2227 quattuor
819 2150 1042 2226 pontificum
1067 2151 1129 2207 ad·

57 2257 166 2324 iecit,
198 2256 232 2313 in
263 2275 338 2330 quae
359 2257 496 2332 plebeii
517 2259 769 2329 nominentur,
805 2277 873 2314 nou
905 2265 942 2313 ut
976 2275 1040 2312 vos
1073 2265 1126 2314 cet.

57 2363 159 2435 fluum
181 2379 235 2436 per
255 2379 286 2416 se
307 2381 411 2436 parum
433 2364 585 2437 probabile
608 2373 660 2432 est,
683 2363 797 2420 Livium
819 2363 848 2419 in
866 2361 1060 2419 anacoluthon
1082 2361 1126 2417 in-

57 2467 166 2525 cidisse
195 2467 224 2524 in
247 2467 302 2524 hac
321 2467 461 2524 orationis
483 2465 579 2525 forme
607 2467 683 2542 (nec
705 2479 775 2524 tum
799 2497 839 2510 ·-
863 2477 897 2524 et
918 2465 1037 2539 nunc),
1065 2477 1125 2522 tum

60 2573 158 2647 quod,
191 2581 302 2630 retento
329 2581 404 2641 aut,
430 2574 501 2631 'hac
523 2574 666 2630 sententia
690 2573 854 2630 necessario
875 2592 928 2648 per
949 2590 1023 2640 nee,
1047 2569 1125 2644 quod

58 2687 122 2736 tum
146 2679 184 2734 ed
206 2679 357 2753 sequentia
378 2690 511 2754 spectare
522 2680 631 2753 nequit,
653 2678 813 2736 arctissime
835 2677 996 2734 adnectitur
1015 2675 1125 2751 superi·

60 2783 115 2852 ori,
143 2782 231 2840 etiam
260 2783 389 2857 alioquin
413 2803 554 2859 perquam
578 2783 762 2841 incommode
784 2792 812 2839 et
838 2801 930 2858 prave
953 2783 1125 2840 continuatis

59 2888 116 2945 illis
134 2897 167 2945 et
189 2907 281 2944 nuuc
303 2897 356 2946 cet.
399 2891 514 2964 Itaque,
536 2890 648 2946 etiamsi
662 2887 902 2946 Drakenborchio
925 2889 1081 2946 affirmanti
1096 2889 1125 2946 iu

59 2991 91 3048 bf
127 3009 190 3048 esse
226 3001 337 3050 tantum
374 3013 438 3052 nce
475 3005 547 3052 tum
591 3013 694 3069 parum
743 2993 821 3052 credi
852 3003 953 3050 contra
989 2993 1125 3052 Alschef-

58 3096 154 3154 skium
178 3106 285 3172 potest
307 3107 404 3155 temen
426 3108 504 3156 recte
527 3119 544 3158 a
568 3099 765 3175 superioribus
788 3099 946 3157 editoribus
968 3109 1034 3157 aut
1055 3101 1126 3156 sub·

77 3403 104 3474 ¹)
132 3408 195 3472 Cap.
217 3411 240 3466 t,
261 3413 275 3456 9
295 3416 321 3457 et
344 3415 374 3458 to
394 3411 413 3458 ei
425 3409 522 3460 Decius
540 3425 555 3458 a
573 3410 682 3474 simplici
701 3417 727 3458 ct
741 3417 829 3473 aperta
842 3411 1041 3474 intomogatione
1060 3411 1124 3474 (cui

129 3501 300 3563 indignum
331 3501 440 3550 videri
469 3511 580 3567 potest
610 3503 672 3566 -η
705 3501 790 3552 subito
816 3503 908 3552 transit
935 3503 967 3550 ad
1001 3503 1122 3550 ironicam

129 3593 200 3657 (qui
221 3617 254 3628 -
273 3593 478 3654 accenderit,
497 3595 522 3642 ie
543 3594 773 3658 conspiciatur
791 3595 931 3643 -caedet
948 3622 978 3630 -
995 3595 1123 3658 cupiet?

131 3711 162 3722 —
182 3685 237 3746 qui
256 3685 504 3746 sustinebunt),
523 3687 612 3736 saltem
631 3687 719 3734 codem
740 3686 873 3734 verborum
892 3689 970 3736 modo
994 3688 1029 3736 uti
1049 3688 1124 3736 dcbct

130 3777 381 3841 (conspicietur
402 3803 433 3814 -
453 3779 555 3828 cadet
576 3805 605 3814 -
626 3783 692 3836 cet).
731 3777 781 3828 Sed
800 3777 872 3828 locus
890 3780 982 3828 ‹tubtm
998 3789 1044 3838 cst,
1061 3794 1124 3842 quo-

129 3871 198 3919 niem
214 3867 277 3918 illud
297 3869 351 3930 qui
372 3877 430 3918 aute
449 3870 664 3918 sustinebunt
678 3871 704 3918 iu
723 3885 775 3918 uuo
793 3869 815 3919 P
834 3881 880 3928 est,
900 3873 978 3921 ceteri
996 3885 1057 3920 uon
1077 3871 1124 3920 bu·

128 3963 198 4016 baut,
234 3960 342 4024 Vereor,
359 3962 428 4010 uein
444 3961 525 4010 altera
543 3969 614 4026 parte
632 3963 696 4026 (qui
718 3989 748 3998 -·
769 3965 967 4016 ascenderit.
989 3966 1015 4014 ir
1034 3979 1124 4014 cona-

126 4055 273 4119 pieiatur
295 4052 358 4115 cet.)
379 4053 474 4114 aliquid
494 4054 575 4104 subsit
597 4055 681 4102 mendi
706 4055 805 4104 occulti.
