2810 4644
267 204 428 280 nrusxxx.
767 231 825 288 352

265 413 385 493 petitaJ:
417 432 527 489 qnam
561 459 589 474 ..
630 430 734 470 namo
765 412 920 469 omnium
949 411 1073 470 verius
1106 411 1330 469 existimare

266 529 401 596 posset,
422 537 490 594 qna
510 529 690 576 mentesa
710 535 782 594 pax
803 527 998 593 peteretur,
1020 537 1126 593 quam
1149 536 1241 587 eum,
1262 516 1329 590 qui

267 635 351 682 ante
381 633 509 700 portas
537 621 778 699 Carthaginis
816 623 953 681 bellum
983 633 1151 698 gereret,
1183 622 1329 680 nullius

268 731 424 790 alterius
447 729 605 788 consilio
636 748 741 803 quam
764 728 955 804 Scipionis
978 729 1235 804 accipiendam
1255 729 1331 786 ab·

267 836 493 893 nuendamve
514 853 638 910 pacem
660 853 749 894 esse.
797 833 846 894 Sic
867 834 990 904 codices,
1011 833 1165 892 manifesto
1185 835 1216 892 in
1237 853 1330 908 aceu-

265 942 361 999 aativo
383 959 462 998 eum
485 941 624 999 orationis
645 940 732 1011 vitio;
764 940 863 1015 itaque
892 941 921 998 in
959 941 1154 1017 superioribus
1191 941 1330 999 editioni-

266 1048 320 1104 bus
356 1047 473 1104 licenter
503 1047 720 1123 scriptumest:
753 1065 859 1121 quam
880 1047 927 1118 is,
959 1047 1033 1122 qui3
1069 1065 1161 1122 nuper
1199 1064 1256 1103 non
1290 1047 1332 1102 li-

267 1162 372 1222 center,
405 1153 456 1210 sed
477 1155 687 1230 superstitiosa:
721 1172 826 1228 quam
849 1163 921 1211 tum
943 1153 1023 1228 qui,
1055 1153 1147 1212 inutili
1178 1153 1331 1212 vocabulo

266 1259 440 1336 pravissimo
463 1259 529 1316 loco
550 1259 645 1334 posito
672 1259 846 1333 (nonsolum
866 1267 932 1317 ante
954 1260 1022 1334 qui,
1046 1259 1098 1316 sad
1119 1259 1193 1315 inter
1217 1277 1330 1332 qnam

268 1366 346 1442 qni,
375 1385 439 1441 quae
460 1365 618 1422 arctissime
639 1366 977 1442 consentanearum
997 1365 1099 1422 saltem
1121 1365 1189 1422 diois
1218 1383 1328 1440 quern

269 1471 329 1548 qui
349 1481 420 1527 tum
440 1470 563 1545 ipsum.
622 1471 797 1546 Simpliciter
825 1470 983 1528 tollendum
1005 1481 1067 1528 arat
1093 1489 1251 1547 pronomen
1274 1489 1330 1526 ao-

267 1579 332 1634 dcm
356 1577 563 1651 interpretandi
585 1576 697 1646 studio,
733 1577 832 1634 eadem
854 1595 973 1653 prorsus
1003 1577 1033 1634 in
1055 1596 1124 1634 casn
1148 1575 1329 1652 negligentia

268 1682 406 1752 additum,
431 1700 517 1756 quam
539 1683 569 1738 in
592 1683 647 1752 IV,
670 1684 719 1753 32,
743 1685 757 1738 7
782 1680 986 1740 animadvertit
1007 1685 1081 1741 Tan.
1104 1683 1210 1752 Faber,
1231 1681 1327 1746 inVI,

273 1793 318 1858 17,
342 1793 359 1846 6
382 1789 440 1845 alii.
462 1785 545 1864 (Vid.
568 1807 595 1863 p.
623 1791 658 1844 lt
681 1787 749 1857 ima,
771 1806 799 1862 p.
828 1788 884 1844 132
904 1788 978 1861 not.)

357 1892 429 1968 Cup.
453 1897 501 1964 30,
525 1895 542 1950 8
574 1893 619 1970 (in
652 1893 782 1952 oratione
814 1891 987 1950 Hannibalis
1021 1893 1098 1968 apud
1130 1893 1329 1970 Scipionem):

268 1999 326 2055 lta
347 1999 470 2056 aliena
492 2001 695 2076 adpetimus
718 2005 787 2068 (sor.
812 2016 886 2054 oum.
908 1997 972 2054 edd.
995 1997 1264 2074 adpetivimus),
1283 2007 1328 2053 ut

269 2104 311 2161 de
332 2105 469 2162 nostris
491 2106 759 2175 dimicaremus,
781 2123 845 2160 nec
872 2103 907 2160 in
930 2105 1043 2162 Italia
1071 2106 1185 2163 solnm
1216 2103 1326 2160 vobis

268 2211 301 2268 in
322 2211 451 2270 Africa
473 2223 585 2282 esset,
618 2212 678 2268 aad
705 2220 742 2268 ct
773 2227 836 2267 vos
857 2209 891 2266 in
912 2209 1032 2284 portis
1053 2209 1190 2269 vestris
1211 2227 1327 2284 prope

268 2335 308 2374 ao
330 2317 519 2375 moenibus
541 2316 832 2392 signaarmaqua
852 2294 1011 2372 bostium
1034 2315 1184 2374 vidistis
1205 2323 1240 2372 at
1256 2333 1326 2370 nos

268 2424 310 2480 ab'
333 2421 557 2499 Cartbagine
579 2422 763 2481 fremitum
785 2421 1245 2480 castrornmRomanorum
1268 2441 1326 2478 ex—

269 2529 441 2586 cudimus.
488 2529 536 2586 Ita
567 2529 741 2586 Puteaneus.
765 2528 914 2584 Lacunam
936 2525 1119 2585 manifestam
1142 2527 1190 2586 alii
1210 2527 1327 2586 'codices

269 2635 304 2703 (si
326 2635 413 2691 modo
434 2644 512 2691 recte
534 2634 570 2691 de
591 2634 626 2691 iis
648 2633 772 2707 tacetur)
795 2641 826 2691 et
846 2633 985 2690 editiones
1006 2633 1048 2690 ita
1059 2633 1271 2709 suppleverunt,
1294 2643 1328 2690 nt

268 2739 453 2796 scriberetur:
482 2757 546 2797 nac
573 2739 608 2796 in
629 2739 743 2797 Italia
773 2739 887 2796 solnm
916 2739 1021 2796 vobis
1043 2739 1191 2810 bellurn,
1221 2740 1326 2797 nobis

268 2847 302 2902 in
337 2845 471 2903 Africa
502 2856 615 2915 essct,
660 2864 696 2902 ex
740 2864 798 2920 quo
826 2845 938 2918 (audita
977 2845 1096 2920 copula:
1135 2844 1325 2919 nobisque)

268 2949 391 3006 efficitur
412 2969 448 3007 ea
469 2951 619 3020 sententia,
641 2952 790 3009 Romanos
822 2967 880 3006 non
914 2949 1007 3007 solum
1044 2951 1074 3006 in
1095 2951 1182 3008 Italia
1210 2949 1326 3018 alicubi,

268 3053 520 3130 Carthaginienses
542 3056 571 3113 in
593 3055 697 3114 Africa
717 3055 824 3114 bellum
845 3053 994 3123 habuisse,
1030 3055 1080 3114 sed
1110 3066 1247 3132 utrosque
1269 3057 1326 3114 cir·

268 3180 332 3219 cum
361 3161 454 3236 ipsam
484 3164 595 3222 urbem.
660 3163 772 3219 Verum
802 3162 864 3219 bac
891 3161 1034 3219 subtilitas
1079 3163 1110 3219 in
1146 3163 1326 3238 exquirendo

266 3267 418 3326 intervallo
444 3267 515 3324 nibil
539 3267 577 3324 ad
598 3287 660 3325 rem
680 3268 823 3344 pertinet3
843 3267 873 3324 id
894 3266 1027 3342 pertinet,
1048 3287 1107 3324 non
1119 3269 1326 3346 alteriutripo·

267 3374 336 3450 pulo
358 3373 464 3432 bellum
485 3374 514 3431 in
537 3392 591 3431 sua
613 3383 691 3432 terra
711 3373 867 3443 accidisse,
888 3373 939 3431 sed
962 3374 1085 3449 utrique.
1127 3375 1232 3451 Itaque
1252 3377 1326 3434 sori-

268 3481 392 3538 bcndum
415 3489 472 3537 est:
506 3498 570 3536 noc
601 3480 635 3536 in
666 3481 784 3540 Italia
817 3480 930 3538 solum
952 3479 1056 3537 vobis
1096 3477 1242 3556 [bellum
1263 3497 1324 3540 eut

268 3583 387 3664 nobis]
417 3587 454 3644 in
481 3585 611 3644 Airiea
640 3597 745 3644 osset.
802 3585 939 3660 Sequitur
970 3591 1049 3654 (nam
1078 3586 1163 3662 plura
1191 3589 1275 3647 nobis
1297 3589 1326 3646 in

267 3693 355 3767 longo
377 3693 433 3750 hoc
462 3691 557 3767 capite
588 3692 757 3767 attingenda
778 3691 855 3768 sunt)
878 3695 893 3761 ξ
916 3693 950 3748 9:
983 3691 1086 3764 Quod
1117 3693 1230 3769 igitur
1260 3714 1325 3753 nos

268 3797 420 3855 maxime
442 3797 714 3867 abominamur,
746 3817 810 3856 vos
832 3807 948 3855 antem
973 3806 1058 3854 ante
1079 3800 1197 3856 omnia
1219 3811 1325 3876 opte-

268 3903 377 3973 retis,
413 3903 450 3958 in
482 3902 630 3960 meliore
663 3913 787 3960 vestra
819 3901 971 3960 fortuna
998 3903 1040 3960 dc
1072 3921 1164 3979 paca
1197 3905 1327 3980 agitur.

268 4007 482 4065 condicionalis
506 4008 585 4064 uerbi
608 4008 711 4064 modus
729 4007 759 4064 in
782 4008 965 4082 optaretis
986 4008 1095 4066 nullam
1116 4010 1207 4068 habet
1237 4012 1324 4070 ratio-

268 4129 348 4180 nem3
369 4111 438 4166 nibil
461 4110 534 4166 enim
558 4112 675 4169 omnino
698 4113 735 4168 ed
758 4130 818 4170 rem
840 4114 981 4188 pertinet,
1013 4115 1082 4189 quid
1111 4115 1168 4173 alio
1197 4129 1326 4194 tempore

834 4457 972 4636 N
