2810 4644
590 283 648 342 339
948 282 1007 332 Lib.
1022 281 1149 334 xxvm.

99 485 144 526 ecs
165 467 292 543 singulos
314 468 449 545 pluresve
469 468 540 526 inP
560 479 590 526 et
612 468 715 526 ceteris
736 467 820 524 codd.
852 467 974 524 omissos
995 468 1149 536 notaverit,

99 573 291 648 potiusquam
311 574 434 632 retinent
447 573 636 632 certissimum
656 572 837 650 superiorum
853 572 1079 649 supplementum
1094 619 1100 632 .
1114 619 1121 634 .
1136 619 1142 634 .

99 679 275 750 excellat,
307 675 389 756 [qno
412 677 477 756 me]
499 697 644 755 qnoque
665 677 734 734 niti
762 697 833 736 non
859 678 1061 740 dissimulo.
1090 679 1149 738 Hic

98 785 209 859 quidem
235 786 340 843 erroris
366 803 456 843 causo
483 804 599 860 quoqne
619 784 774 844 monifesta
796 793 840 842 est
874 785 903 841 in
925 802 994 859 quo
1016 786 1061 844 bis
1082 805 1148 863 po·

97 885 196 968 sitc.¹)

176 995 248 1072 Cep.
272 1001 329 1067 45,
365 1001 400 1055 to
434 1005 589 1074 postquam
615 995 716 1053 Livius
745 995 780 1052 de
806 995 956 1054 consulum
983 996 1012 1054 in
1040 1017 1146 1058 cunum

97 1103 153 1158 205
174 1103 329 1178 provinciis
349 1102 423 1160 dixit
447 1104 494 1176 i-
529 1121 596 1159 nam
618 1109 774 1176 protorum
794 1101 959 1176 provincias
980 1103 1039 1162 iem
1060 1123 1086 1164 c.
1110 1107 1148 1164 38

95 1208 230 1265 indicavit
252 1209 304 1282 -)
330 1219 359 1265 et
385 1210 421 1266 de
442 1209 563 1286 imperio
596 1206 679 1264 alteri
711 1225 748 1263 ex
779 1207 934 1282 superioris
956 1210 1024 1266 unni
1045 1229 1149 1270 consu·

94 1314 166 1372 iibns
187 1325 364 1390 prorogato,
401 1316 527 1372 breviter
557 1299 624 1371 haee'
640 1311 767 1370 subiicit:
804 1321 838 1369 ct
866 1315 1001 1372 ceteris
1018 1327 1149 1392 prester

93 1421 260 1478 consules
287 1428 553 1495 praetoresque,
584 1419 644 1494 qui
665 1418 891 1476 exercitibus
926 1423 1148 1494 provinciis·

93 1545 161 1600 quc
192 1525 384 1601 prncfntnri
414 1534 536 1592 erent,
566 1533 773 1602 prorogate
804 1523 966 1600 imperis.
1027 1528 1059 1586 si
1087 1529 1147 1602 qni

91 1649 248 1707 pronomen
271 1631 308 1687 nd
330 1631 503 1688 eonsules
525 1641 775 1707 praetoresque
792 1628 923 1700 refertur,
944 1632 1147 1690 incommodis-

92 1736 161 1792 sime
182 1737 224 1794 sic
245 1737 386 1808 scribitur,
409 1738 492 1812 qussi
511 1738 566 1794 hoc
587 1737 671 1794 huius
687 1736 755 1794 anni
770 1735 918 1794 consulum
934 1747 1148 1813 praetorumque

90 1843 238 1918 proprium
260 1841 359 1912 inerit3
390 1843 564 1918 omninoque
592 1842 673 1900 nulls
695 1851 739 1898 est
760 1859 864 1912 conss,
894 1859 946 1899 cnr
968 1843 997 1900 in
1018 1840 1148 1921 imperiis

88 1947 260 2004 continuatis
281 1948 429 2007 consulum
451 1957 664 2026 pictorumque
685 1947 770 2006 huius
785 1947 854 2005 enni
877 1949 984 2006 mentio
1012 1950 1082 2020 tint,
1118 1950 1148 2006 in

88 2053 192 2128 quibus
213 2053 292 2110 nulls
313 2063 376 2111 erat
396 2055 508 2132 imperii
527 2054 716 2114 continuatio.
762 2055 829 2112 Hoc
844 2072 932 2130 quum
942 2054 1146 2115 Weissenbon-

88 2159 151 2218 nius
172 2160 317 2230 sensisset,
337 2179 497 2236 pronomen
521 2161 674 2219 relativum
695 2159 733 2216 ad
754 2159 892 2217 ceteris
922 2159 1024 2218 referri
1044 2163 1145 2233 voluit,

91 2265 187 2352 verbis
208 2266 250 2322 sic
272 2266 443 2324 coniunctis:
464 2267 615 2338 ceteris,
638 2266 699 2341 qui
720 2273 852 2342 praeter
872 2266 1041 2326 consules
1062 2288 1147 2344 pren·

89 2381 262 2446 torosque
288 2373 517 2430 exercitibus
537 2390 588 2448 pr.
610 2370 801 2449 praefutnri
823 2380 938 2428 erant
974 2373 1016 2432 Ut
1032 2373 1147 2433 dever-

90 2475 194 2532 borum
217 2477 317 2536 ordine
339 2479 510 2550 concedam,
542 2478 684 2541 sententis
713 2475 836 2535 efficitur
870 2478 1038 2536 inanissime
1066 2489 1095 2537 et
1129 2501 1148 2539 c

89 2579 167 2637 Livii
191 2583 309 2640 consilio
333 2584 522 2654 alienissime;
553 2582 738 2658 nequeenim
758 2582 788 2639 id
810 2583 921 2654 dicitur,
943 2585 1022 2659 quod
1043 2595 1072 2642 et
1095 2587 1146 2644 Li-

87 2685 129 2742 vii
151 2689 354 2748 consuetudine
375 2701 405 2748 et
422 2699 541 2767 propter
561 2709 622 2747 rem
644 2689 739 2764 ipsum
760 2688 911 2746 dicendum
933 2698 1004 2758 erat,
1028 2691 1146 2766 quibus·

88 2810 157 2848 num
181 2811 218 2849 ex
249 2793 301 2865 iis,
332 2797 382 2871 qui
413 2797 562 2872 superiore
583 2813 660 2852 anno
683 2793 825 2852 exercit-us
851 2794 1072 2872 provinciasque
1092 2799 1144 2857 hn-

87 2899 218 2970 baccini,
240 2900 390 2977 imperium
412 2911 601 2978 prorogatum
623 2901 679 2970 sit,
707 2909 739 2956 nt
759 2900 789 2957 in
809 2901 966 2976 provinciis
987 2914 1145 2974 manerent,

87 3005 195 3078 quibus
216 3025 274 3064 non
295 3017 493 3084 prorogatum,
514 3007 565 3065 sed
587 3005 787 3064 tantummodo
809 3006 936 3078 infinite,
956 3007 1001 3078 iis,
1023 3010 1073 3086 qni
1094 3029 1145 3068 cx·

88 3111 195 3168 orcitus
225 3121 254 3169 ct
272 3113 437 3189 provincias
458 3113 581 3171 rotinere
601 3112 672 3170 iussi
693 3112 766 3182 siut,
789 3123 978 3188 prorogatum
1002 3131 1065 3173 esse
1090 3117 1146 3175 im-

87 3218 216 3290 perium,
239 3221 315 3294 quod
337 3217 468 3295 proiecto
489 3219 560 3276 nihil
581 3237 654 3294 opus
676 3229 740 3276 eret
759 3217 832 3286 dici,
859 3219 996 3292 quonism
1017 3239 1052 3278 eo
1074 3241 1146 3281 con-

86 3325 197 3384 tinetur
217 3325 371 3402 provincius
389 3325 576 3385 continuatio.
619 3328 667 3384 Ac
699 3325 736 3382 de
762 3341 794 3380 rc
824 3323 939 3397 quidem
967 3325 1051 3400 ipse,
1082 3345 1145 3402 quie

89 3431 175 3490 Livio
197 3432 385 3508 significanda
406 3441 477 3502 eret,
496 3431 567 3488 sotis
589 3439 717 3500 constst3
739 3429 968 3502 omnibnsenim,
990 3439 1021 3488 ut
1042 3451 1079 3489 ex
1099 3452 1145 3490 re·

118 3701 141 3768 ι)
160 3705 219 3755 Non
238 3707 321 3756 minus
339 3717 415 3768 prore
433 3718 456 3751 c.
477 3707 522 3762 27,
545 3708 575 3751 tc
594 3703 677 3751 indes
697 3700 826 3750 Gronorio
843 3700 966 3751 omittitur
983 3702 1019 3761 is,
1037 3705 1105 3768 qnod
1117 3704 1144 3754 in

163 3799 250 3847 codice
274 3797 411 3860 archetypo
434 3795 529 3843 excidit
551 3803 608 3860 post
628 3793 843 3844 crodideritis
867 3793 909 3858 (is
927 3793 1066 3860 deniqne
1084 3811 1144 3860 ego

160 3891 237 3954 sim).
271 3864 310 3938 ¹Iu
327 3889 454 3953 Scipionis
472 3903 581 3953 persons
604 3887 642 3940 sic
659 3889 768 3953 deniqne
791 3885 896 3935 venitur
914 3897 1069 3940 momentum
1086 3905 1145 3942 cre·

161 3982 254 4040 donis,
272 3991 300 4031 nt
318 3991 459 4045 quaretur,
485 3982 551 4032 sitne
568 3984 595 4032 is
621 3981 717 4047 Scipio,
735 3979 807 4028 cuins
824 3978 924 4043 imperii
940 3981 1034 4032 tudere
1051 3981 1145 4033 milites

159 4081 283 4140 oporteat.
319 4073 398 4124 Nullo
415 4083 453 4124 est
470 4075 497 4124 in
515 4061 573 4124 hee
583 4073 706 4125 cretionis
722 4070 804 4121 forms
824 4071 946 4136 exceptio.
