2800 4646
579 252 638 307 225
957 251 1013 301 Lib.
1032 251 1107 300 xxl.

1162 371 1176 398 ὗ

79 433 164 490 inde
190 451 316 508 pugne
351 441 626 507 sequentesque
658 450 809 505 cumque
841 433 886 508 (M
920 445 948 532 qt
968 435 1143 492 recentiores

81 539 195 613 aliquot
228 546 425 612 sequentes
461 555 699 612 quaecunque,
737 536 786 594 elii
808 556 831 598 s.
854 555 1069 615 quecunque
1094 552 1144 598 eut

82 666 106 708 ι.
139 643 367 719 quocunque)
408 643 452 699 ed
482 651 684 724 extremum
712 653 917 717 aequessent
947 655 1143 717 certamen,

82 751 199 808 maior
226 757 342 804 tamen
364 747 535 811 hostium,
557 749 742 806 Romanos
770 748 973 824 (recentiores,
1004 759 1036 806 ut
1065 751 1144 808 vide·

84 866 141 922 tur,
162 849 349 927 Romanis)
373 851 470 908 fama
492 853 658 910 victorite
679 854 764 924 fuit,
799 854 830 910 in
855 855 956 929 primis
982 856 1079 913 verbis
1100 856 1144 914 ie·

83 961 138 1018 a'le
169 959 343 1016 intellectum
379 969 438 1014 est·
454 957 563 1034 aliquid
597 959 753 1028 excidisse,
784 959 1031 1036 probabiliterque
1053 962 1146 1019 editur

83 1068 156 1135 iam,
176 1065 329 1128 coniuncta
349 1063 524 1138 Heusingeri
555 1062 720 1120 coniectura
744 1073 773 1120 et
793 1064 901 1121 codicis
924 1063 1082 1122 colbertini
1104 1067 1146 1122 el-

85 1183 151 1230 tere
171 1171 313 1246 scripture
341 1168 503 1244 (cumpro
526 1173 701 1242 cumque):
717 1167 831 1226 Varie
852 1169 935 1226 inde
953 1189 1073 1246 pugne
1094 1189 1146 1226 so-

87 1283 247 1351 quentes
269 1269 476 1350 [cedentes]
500 1285 567 1346 que
589 1291 693 1347 quum
713 1273 970 1332 adextremum
993 1286 1046 1333 cet.
1085 1277 1146 1334 Ex·

87 1381 187 1440 tremis
209 1381 305 1438 verbis
327 1395 446 1454 prorsus
468 1378 649 1436 incredibiles
679 1379 888 1454 interpretandi
915 1381 1065 1438 machinos
1096 1382 1147 1438 ad·

89 1495 216 1556 movent,
237 1486 316 1542 velut
335 1483 590 1541 Weissenboruins
612 1485 674 1558 (qui
695 1503 750 1560 pro
773 1485 946 1542 Romanis
968 1504 1005 1542 ex
1022 1487 1147 1544 Rome-

89 1609 157 1649 nos
187 1589 282 1648 effecit
313 1590 486 1662 Rom'eno)
516 1591 577 1646 hoec
605 1589 646 1647 sic
679 1597 809 1646 enarret:
842 1591 957 1647 maior
990 1593 1147 1649 hostium

91 1695 186 1755 lame
208 1697 374 1754 victoriae
396 1695 469 1752 init
490 1693 587 1752 fama
607 1696 779 1764 Romano,
811 1694 840 1751 in
874 1715 932 1770 que
967 1698 1150 1755 enarratione

91 1802 161 1877 qnid
183 1801 308 1859 maxime
329 1801 431 1872 mirer,
453 1800 570 1870 nescio,
591 1800 855 1875 comparationisne
875 1801 966 1876 ipsius
987 1803 1151 1860 absurdita-

91 1917 149 1964 tem
181 1903 256 1983 (quo
291 1905 355 1964 dnae
384 1907 512 1964 victorie
533 1905 619 1963 lemae
640 1906 715 1962 inter
737 1922 769 1962 se
791 1905 1031 1982 componuntur),
1061 1927 1099 1964 an
1121 1909 1179 1965 in'

91 2015 148 2070 luto
180 2012 397 2087 comparatione
418 2013 562 2069 variatum
594 2029 745 2069 numerum
777 2012 807 2068 in
840 2013 1000 2070 hostium
1033 2025 1063 2070 et
1085 2015 1151 2072 Ro-

92 2135 214 2186 mano,
251 2135 288 2174 an
322 2135 430 2174 novam
463 2118 541 2175 illam
565 2117 686 2174 ebletivi
718 2117 748 2173 in
781 2119 979 2193 comparando
1012 2120 1151 2194 evgeni-

91 2223 145 2280 tiri
183 2221 290 2288 (ieme
322 2222 502 2298 victorie)
534 2223 729 2282 omissionem.
789 2223 907 2296 Quanto
935 2223 1030 2282 fuerat
1051 2225 1152 2282 melius

91 2327 188 2398 lateri,
209 2329 300 2384 verba
320 2327 441 2404 intelligi
461 2347 521 2385 nou
541 2329 641 2404 posse!
685 2327 830 2386 Nimirum
861 2329 907 2385 hic
937 2346 1052 2402 quoque
1073 2329 1153 2386 exci-

90 2434 135 2492 dit
158 2433 283 2508 aliquid;
315 2433 471 2508 scripserat
492 2433 567 2491 enim
592 2432 691 2489 Livius
713 2433 751 2490 ad
773 2433 849 2490 hano
870 2432 1009 2490 formem:
1039 2434 1155 2491 maior

91 2553 213 2598 tamen
235 2539 396 2597 hostium
425 2537 570 2615 [caedes‚
589 2535 715 2614 penes]
752 2539 934 2596 Romanos
958 2537 1055 2596 fame
1078 2539 1153 2597 vic·

92 2645 198 2702 torine
218 2642 298 2703 init.
389 2643 477 2700 Initio
499 2641 602 2717 cepitis
625 2642 653 2715 (ς
677 2641 708 2716 2)
734 2643 805 2699 setis
827 2653 936 2700 certum
957 2646 1082 2714 videtur,
1095 2645 1154 2702 Le·

92 2752 154 2808 tine
175 2769 234 2806 uon
266 2749 323 2806 dici
344 2749 487 2806 homiuem
511 2748 676 2822 equestri
699 2749 841 2823 proelio
864 2759 898 2805 et
919 2749 1070 2805 vulnere
1091 2765 1155 2805 suo

92 2856 157 2912 sive
176 2855 348 2912 minutum
374 2853 435 2910 sire
457 2853 698 2922 deminutum,
726 2863 759 2910 ut
780 2853 869 2911 enimi
890 2854 1026 2911 demissio
1048 2853 1156 2929 signifi·

93 2969 189 3029 cetur;
222 2956 304 3035 (spes
332 2957 408 3014 enim
439 2971 467 3015 et
501 2960 613 3016 enimus
642 2959 795 3030 minuitur,
820 2979 878 3017 non
901 2961 1004 3030 homo,
1034 2959 1156 3016 frustra·

94 3084 153 3140 que
175 3063 322 3121 Homerus
343 3083 361 3119 a
384 3063 537 3122 Gronorio
560 3065 715 3122 arcessitur
739 3065 835 3136 testis,
865 3067 913 3140 qui
941 3065 1074 3122 nedixit
1096 3064 1158 3139 qui-

94 3171 163 3228 dem
185 3169 227 3226 ite
247 3156 415 3248 prendunt
449 3169 486 3226 de
516 3169 649 3240 homine,
684 3177 716 3226 nt
737 3179 814 3226 esset
845 3170 972 3227 animum
994 3169 1159 3246 frangere);

95 3276 167 3352 quid
189 3271 396 3333 restituendum
419 3275 457 3332 sit
479 3276 544 3350 (pro
566 3273 802 3350 eminutus),
834 3275 952 3332 dubium
975 3287 1034 3345 est;
1068 3275 1159 3334 fuitne

95 3379 331 3439 admonitus?
374 3381 479 3455 Neque
501 3379 575 3436 enim
598 3377 722 3436 fractum
746 3379 890 3456 Scipionis
912 3381 1038 3439 animum
1058 3380 1159 3438 Livius

96 3486 178 3556 dicit,
200 3486 251 3543 sed
273 3485 431 3542 cautiorem
453 3485 572 3542 fectum.

191 3588 264 3666 Cep.
289 3595 337 3662 bl,
361 3595 377 3649 6
402 3591 450 3664 (de
474 3591 646 3666 Sempronio
668 3610 797 3666 pugnem
819 3593 857 3650 nd
879 3591 1161 3650 Trebiamcommit·

96 3696 197 3767 centu:
229 3707 414 3770 postremo
446 3714 568 3754 omnes
599 3697 726 3772 copies
761 3697 803 3754 ed
835 3698 1063 3754 destinatum
1094 3696 1160 3754 iem

96 3811 187 3860 ente
211 3801 372 3860 oonsilio
399 3802 530 3860 nvidus
559 3801 775 3860 certaminis
806 3801 942 3858 eduxit.
993 3803 1097 3874 Neque
1118 3800 1162 3856 ud

95 3906 327 3965 destinatum
358 3907 514 3964 educere
543 3907 668 3983 copies
696 3885 744 3964 hio
764 3905 877 3981 placet,
908 3905 1002 3974 (locus
1023 3905 1098 3964 enirn
1121 3907 1162 3963 sic

94 4011 258 4088 significari
287 4010 414 4080 videtum
445 4009 633 4086 Sempronius
665 4021 760 4070 etitem
788 4029 846 4068 non
878 4010 974 4068 locum
1007 4011 1163 4088 delegerat,

126 4130 236 4170 rrovruu
250 4131 344 4169 mm..
354 4129 409 4167 un.
933 4121 962 4165 ts
