2826 4640
259 260 317 310 uit.
334 261 392 310 XL.
762 263 822 319 480

261 464 330 520 que
361 445 487 502 eodem
519 443 576 500 dio
609 443 723 518 oepit3
752 443 827 500 tria
858 443 958 500 milia
992 443 1141 502 ducenti
1162 443 1316 502 hostiurn

260 551 454 627 omnisque
480 569 522 608 ea
542 549 650 624 regio
683 549 856 623 Ligurum
892 548 926 605 in
959 549 1182 608 deditionem
1212 549 1321 606 venit

261 653 400 713 Consul
427 654 581 713 deditos
610 653 645 710 iu
677 663 906 728 campestres
928 673 1037 730 agros
1059 656 1217 714 deduxit
1237 674 1322 731 pru·

261 761 431 836 uiuisque
452 759 640 818 montibus
661 759 852 834 imposuit.
896 759 991 818 Nimis
1013 762 1136 838 exiguus
1157 771 1201 818 est
1221 779 1322 818 nume-

261 884 311 924 rus
332 866 494 924 deditorum
516 884 570 940 pro
593 875 656 922 tota
677 865 804 941 regione,
828 884 893 940 qua
916 866 1022 924 bellum
1043 867 1184 926 Romanis
1205 865 1324 934 fecerat,

262 972 314 1028 vix
338 990 402 1028 eum
425 988 560 1046 iaqueus,
590 988 675 1045 quem
707 981 859 1046 captorum
880 971 910 1028 in
931 971 1049 1047 proeliis
1072 973 1197 1030 hostium
1224 971 1324 1028 Livius

262 1077 291 1134 in
314 1077 359 1134 his
383 1077 465 1134 bellis
487 1077 572 1134 edere
594 1075 684 1145 solet3
707 1092 776 1146 uec,
799 1075 848 1133 ubi
878 1084 948 1133 tota
968 1077 1101 1152 regiones
1132 1095 1164 1134 se
1184 1077 1325 1135 Romanis

262 1183 389 1252 dedunt,
424 1200 559 1240 uumerus
587 1180 747 1239 incolarum
771 1180 838 1238 iniri
860 1181 964 1256 edique
985 1182 1073 1252 solet;
1102 1183 1220 1240 omniuo
1250 1181 1324 1239 euim

262 1288 421 1346 incolarum
451 1285 563 1344 numeri
591 1287 706 1344 urbium
733 1287 943 1362 regionumque
972 1307 1093 1364 perraro
1122 1297 1327 1363 computantur

263 1393 341 1470 apud
373 1401 495 1450 veteres.
559 1391 723 1466 Scripserat
758 1393 859 1450 Livius
891 1393 920 1450 in
948 1395 1024 1452 hauc
1058 1395 1197 1452 formam:
1239 1393 1327 1450 Tria

262 1499 365 1558 milia
399 1497 547 1554 ducenti
578 1498 741 1556 hostium
773 1497 869 1576 [caesi
892 1509 991 1570 sunt,
1013 1532 1025 1558 ι
1047 1496 1169 1576 captu]
1192 1498 1327 1556 omnis·

265 1623 333 1680 que
356 1601 519 1678 carogio
544 1602 718 1678 Ligurum
745 1616 799 1663 cet.

348 1707 421 1784 Cup.
439 1713 487 1778 55,
504 1712 522 1766 8
537 1709 585 1784 (de
600 1709 739 1786 Philippo
761 1715 859 1785 rege):
881 1719 916 1767 et
936 1709 1202 1768 infelicitatem
1225 1727 1325 1766 suem

264 1813 298 1870 in
320 1814 451 1872 liberis
472 1814 708 1889 graviorem,
746 1815 843 1890 quod
874 1815 971 1872 alter
991 1817 1166 1891 perisset,
1197 1831 1328 1871 cense-

264 1920 337 1979 bat.
380 1918 542 1977 Ridiculum
566 1928 618 1988 est,
640 1927 780 1994 tunquam
802 1920 947 1996 singulare
956 1921 1036 1996 poui,
1058 1921 1223 1996 graviorem
1239 1919 1325 1976 etium

266 2041 331 2081 esse
351 2023 570 2096 infelicitatem,
603 2025 681 2100 quod
708 2025 782 2081 ulter
808 2045 846 2082 ex
873 2025 971 2084 liberis
992 2027 1127 2102 perierit,
1161 2024 1245 2101 quasi
1269 2043 1327 2080 nou

265 2128 358 2186 soleat
377 2129 478 2188 infelix
499 2149 563 2188 esse
584 2131 696 2206 parenti
725 2129 881 2188 liberorum
907 2131 1047 2190 interitus.
1099 2133 1206 2206 Itaque
1236 2129 1327 2187 corri-

265 2243 337 2310 gunt
358 2235 428 2292 satis
450 2234 577 2293 fortiter:
599 2236 694 2310 quod
716 2235 811 2292 ulter
834 2247 1066 2312 superesset;
1089 2237 1327 2294 idenimnovum

266 2350 294 2396 et
314 2340 460 2416 singulare
481 2349 553 2410 orat,
576 2342 655 2415 quod
674 2340 790 2397 toediurn
802 2339 903 2398 infelix
914 2351 998 2417 peter
1011 2361 1048 2399 ex
1059 2362 1094 2400 eo
1107 2343 1170 2418 ipso
1182 2341 1329 2416 capiebat,

266 2446 345 2521 quod
367 2445 489 2504 alterum
513 2456 609 2504 tamen
632 2445 722 2503 filium
737 2446 920 2521 superstitem
938 2447 1067 2514 haberet,
1089 2447 1207 2506 alterius
1229 2447 1328 2504 amissi

266 2551 367 2608 mortis
389 2562 544 2612 auctorem.
589 2552 648 2611 Sed
677 2550 778 2608 nesio
800 2549 916 2625 quidem
938 2554 1153 2628 comparativus
1175 2562 1263 2628 aptus
1286 2561 1329 2608 est

266 2672 329 2728 nec,
353 2655 461 2712 omissa
482 2657 532 2714 filii
554 2657 653 2714 amissi
673 2655 832 2724 mentione,
865 2655 937 2712 satis
958 2657 1128 2734 exprimitur
1161 2656 1217 2714 inf
1222 2657 1328 2714 elici-

266 2770 322 2817 tas
345 2760 381 2817 in
404 2761 545 2820 liberis.
591 2761 700 2821 Omnia
723 2771 804 2819 recta
825 2771 908 2818 erunt
929 2762 1083 2838 mandique
1105 2781 1195 2821 causa
1217 2773 1328 2838 apertu,

265 2866 290 2922 si
312 2867 354 2922 sic
375 2867 623 2942 suppleverimus:
655 2876 689 2924 et
710 2866 976 2924 infelicitatem
1007 2870 1166 2926 suumin
1197 2869 1329 2926 liberis

265 2970 493 3045 graviorem,
509 2973 603 3046 quod
626 2970 966 3048 elter[supcresset‚
979 2991 1083 3046 quam
1106 2973 1200 3048 quod
1223 2973 1326 3048 alter}

265 3075 436 3150 perisset,
468 3077 649 3135 censebat.
716 3079 781 3135 Iam
816 3083 939 3153 apparet
969 3095 1090 3136 acumen
1120 3077 1150 3134 iu
1178 3078 1329 3153 utriusque

264 3197 350 3237 casus
372 3181 611 3258 comparutioue;
645 3183 794 3240 aberravit
824 3182 924 3240 oculus
945 3181 974 3238 in
996 3183 1093 3240 verbis
1117 3183 1212 3257 quod
1233 3183 1329 3240 alter

266 3285 310 3343 bis
331 3287 441 3362 positis.
492 3285 570 3344 Illud
602 3287 666 3344 leve
693 3299 756 3357 est,
784 3286 981 3345 adnotandum
1010 3299 1123 3354 tamen,
1156 3299 1201 3346 ter
1221 3289 1252 3346 in
1274 3291 1329 3346 hoc

268 3390 364 3464 cupite
395 3393 519 3450 scribam
552 3391 669 3449 nornine
700 3392 776 3451 iuter
797 3392 919 3451 Graeoos
939 3392 1069 3450 inaudito
1092 3392 1233 3468 appellari
1259 3394 1329 3468 Xy-

265 3497 381 3566 clrum3
416 3505 487 3574 puto
509 3497 719 3573 Eutychum
755 3517 826 3555 vero
855 3499 971 3556 nomine
993 3497 1170 3574 appellatum
1192 3517 1257 3556 esse
1284 3509 1330 3570 (ut

265 3620 302 3657 ex
324 3600 423 3659 forte
445 3602 633 3679 Eutychus
654 3601 765 3660 factum
791 3603 829 3659 sit
849 3601 950 3658 forte
970 3598 1178 3678 Xychus).¹]

266 3801 270 3806 .
309 3799 378 3807 -n--n
382 3800 462 3808 ”a

285 3937 307 4004 ¹)
342 3940 407 4006 Cep.
427 3947 468 4002 ut,
491 3948 522 3991 10
541 3951 609 3992 recte
628 3943 698 4003 fecit,
718 3942 833 4007 quisquis
857 3943 954 4006 primus
977 3957 1024 4007 pro
1052 3944 1225 3993 admoueri
1249 3945 1330 4006 scrip-

338 4033 372 4080 sit
391 4035 568 4086 admoveri.
616 4033 677 4084 Nou
696 4034 836 4096 iungitur,
858 4036 1002 4098 potueritne
1021 4035 1152 4086 eumenen·
1174 4037 1331 4099 Antigonus,
