<?xml version="1.0" encoding="UTF-8"?>
<!DOCTYPE html PUBLIC "-//W3C//DTD XHTML 1.0 Transitional//EN"
    "http://www.w3.org/TR/xhtml1/DTD/xhtml1-transitional.dtd">
<html xmlns="http://www.w3.org/1999/xhtml" xml:lang="en" lang="en">
 <head>
  <title>
</title>
<meta http-equiv="Content-Type" content="text/html;charset=utf-8" />
  <meta name='ocr-system' content='tesseract 3.04.00' />
  <meta name='ocr-capabilities' content='ocr_page ocr_carea ocr_par ocr_line ocrx_word'/>
</head>
<body>
  <div class='ocr_page' id='page_1' title='image "./emendationesliv02madvgoog_0132.png"; bbox 0 0 2822 4648; ppageno 0'>
   <div class='ocr_carea' id='block_1_1' title="bbox 589 283 1111 340">
    <p class='ocr_par' dir='ltr' id='par_1_1' title="bbox 589 283 1111 340">
     <span class='ocr_line' id='line_1_1' title="bbox 589 283 1111 340; baseline -0.017 0"><span class='ocrx_word' id='word_1_1' title='bbox 589 283 640 340; x_wconf 83' lang='lat' dir='ltr'><strong>l2l</strong></span> <span class='ocrx_word' id='word_1_2' title='bbox 999 283 1058 333; x_wconf 86' lang='lat' dir='ltr'><strong>Lib.</strong></span> <span class='ocrx_word' id='word_1_3' title='bbox 1077 283 1111 332; x_wconf 88' lang='lat' dir='ltr'><strong>V.</strong></span> 
     </span>
    </p>
   </div>
   <div class='ocr_carea' id='block_1_2' title="bbox 72 461 1150 2439">
    <p class='ocr_par' dir='ltr' id='par_1_2' title="bbox 72 461 1150 960">
     <span class='ocr_line' id='line_1_2' title="bbox 73 461 1150 537; baseline 0.004 -17"><span class='ocrx_word' id='word_1_4' title='bbox 73 467 104 532; x_wconf 83' lang='grc'><strong>6,</strong></span> <span class='ocrx_word' id='word_1_5' title='bbox 132 467 145 520; x_wconf 84' lang='lat' dir='ltr'><strong>l</strong></span> <span class='ocrx_word' id='word_1_6' title='bbox 174 461 390 532; x_wconf 74' lang='lat' dir='ltr'><strong>(militibus,</strong></span> <span class='ocrx_word' id='word_1_7' title='bbox 420 463 575 537; x_wconf 69' lang='lat' dir='ltr'><strong>praedam</strong></span> <span class='ocrx_word' id='word_1_8' title='bbox 610 483 652 522; x_wconf 87' lang='lat' dir='ltr'><strong>ex</strong></span> <span class='ocrx_word' id='word_1_9' title='bbox 679 466 838 524; x_wconf 88' lang='lat' dir='ltr'><strong>hostium</strong></span> <span class='ocrx_word' id='word_1_10' title='bbox 871 474 973 524; x_wconf 87' lang='lat' dir='ltr'><strong>terra</strong></span> <span class='ocrx_word' id='word_1_11' title='bbox 1000 485 1150 526; x_wconf 87' lang='lat' dir='ltr'><strong>cernen-</strong></span> 
     </span>
     <span class='ocr_line' id='line_1_3' title="bbox 72 566 1149 645; baseline 0.006 -21"><span class='ocrx_word' id='word_1_12' title='bbox 72 569 181 626; x_wconf 87' lang='lat' dir='ltr'><strong>tibus</strong></span> <span class='ocrx_word' id='word_1_13' title='bbox 203 576 284 626; x_wconf 85' lang='lat' dir='ltr'><strong>tota</strong></span> <span class='ocrx_word' id='word_1_14' title='bbox 305 566 424 626; x_wconf 85' lang='lat' dir='ltr'><strong>classe</strong></span> <span class='ocrx_word' id='word_1_15' title='bbox 447 567 595 640; x_wconf 84' lang='lat' dir='ltr'><strong>efferri,</strong></span> <span class='ocrx_word' id='word_1_16' title='bbox 617 571 783 628; x_wconf 76' lang='lat' dir='ltr'><strong>accensis</strong></span> <span class='ocrx_word' id='word_1_17' title='bbox 804 571 848 628; x_wconf 88' lang='lat' dir='ltr'><strong>ad</strong></span> <span class='ocrx_word' id='word_1_18' title='bbox 870 571 1149 645; x_wconf 85' lang='lat' dir='ltr'><strong>treiioiendum),</strong></span> 
     </span>
     <span class='ocr_line' id='line_1_4' title="bbox 72 673 1149 751; baseline 0.004 -19"><span class='ocrx_word' id='word_1_19' title='bbox 72 675 251 742; x_wconf 80' lang='lat' dir='ltr'>XXXIX,</span> <span class='ocrx_word' id='word_1_20' title='bbox 277 675 333 744; x_wconf 76' lang='lat'><strong>14,</strong></span> <span class='ocrx_word' id='word_1_21' title='bbox 356 675 374 730; x_wconf 86' lang='lat'>2</span> <span class='ocrx_word' id='word_1_22' title='bbox 397 673 525 744; x_wconf 79' lang='lat' dir='ltr'><strong>(scalis</strong></span> <span class='ocrx_word' id='word_1_23' title='bbox 546 674 755 732; x_wconf 84' lang='lat' dir='ltr'><strong>ferentibus</strong></span> <span class='ocrx_word' id='word_1_24' title='bbox 776 677 811 732; x_wconf 91' lang='lat' dir='ltr'><strong>in</strong></span> <span class='ocrx_word' id='word_1_25' title='bbox 832 676 1017 751; x_wconf 84' lang='lat' dir='ltr'><strong>publicum</strong></span> <span class='ocrx_word' id='word_1_26' title='bbox 1039 681 1149 738; x_wconf 92' lang='lat' dir='ltr'><strong>obse-</strong></span> 
     </span>
     <span class='ocr_line' id='line_1_5' title="bbox 72 777 1149 852; baseline 0.007 -18"><span class='ocrx_word' id='word_1_27' title='bbox 72 777 202 852; x_wconf 84' lang='lat' dir='ltr'><strong>ratis),</strong></span> <span class='ocrx_word' id='word_1_28' title='bbox 225 778 294 849; x_wconf 89' lang='lat' dir='ltr'><strong>XL,</strong></span> <span class='ocrx_word' id='word_1_29' title='bbox 317 783 378 850; x_wconf 77' lang='lat' dir='ltr'><strong>to,</strong></span> <span class='ocrx_word' id='word_1_30' title='bbox 410 783 446 836; x_wconf 83' lang='lat'><strong>15</strong></span> <span class='ocrx_word' id='word_1_31' title='bbox 477 781 751 847; x_wconf 75' lang='lat' dir='ltr'><strong>(exauctoratis</strong></span> <span class='ocrx_word' id='word_1_32' title='bbox 773 781 953 840; x_wconf 79' lang='lat' dir='ltr'><strong>militibus</strong></span> <span class='ocrx_word' id='word_1_33' title='bbox 981 783 1015 839; x_wconf 90' lang='lat' dir='ltr'><strong>in</strong></span> <span class='ocrx_word' id='word_1_34' title='bbox 1037 803 1149 842; x_wconf 87' lang='lat' dir='ltr'><strong>naves</strong></span> 
     </span>
     <span class='ocr_line' id='line_1_6' title="bbox 73 880 327 960; baseline 0.012 -20"><span class='ocrx_word' id='word_1_35' title='bbox 73 880 327 960; x_wconf 84' lang='lat' dir='ltr'><strong>impositis.)¹)</strong></span> 
     </span>
    </p>

    <p class='ocr_par' dir='ltr' id='par_1_3' title="bbox 74 988 1148 1800">
     <span class='ocr_line' id='line_1_7' title="bbox 175 988 1148 1066; baseline 0.005 -19"><span class='ocrx_word' id='word_1_36' title='bbox 175 988 249 1066; x_wconf 82' lang='lat' dir='ltr'><strong>Cap.</strong></span> <span class='ocrx_word' id='word_1_37' title='bbox 274 991 323 1060; x_wconf 79' lang='lat'><strong>32,</strong></span> <span class='ocrx_word' id='word_1_38' title='bbox 346 993 374 1048; x_wconf 88' lang='grc'><strong>3.</strong></span> <span class='ocrx_word' id='word_1_39' title='bbox 430 990 491 1047; x_wconf 89' lang='lat' dir='ltr'><strong>Vix</strong></span> <span class='ocrx_word' id='word_1_40' title='bbox 513 991 624 1062; x_wconf 86' lang='lat' dir='ltr'><strong>credas,</strong></span> <span class='ocrx_word' id='word_1_41' title='bbox 657 1011 757 1050; x_wconf 87' lang='lat' dir='ltr'><strong>omnes</strong></span> <span class='ocrx_word' id='word_1_42' title='bbox 782 993 906 1050; x_wconf 86' lang='lat' dir='ltr'><strong>editores</strong></span> <span class='ocrx_word' id='word_1_43' title='bbox 928 993 1053 1052; x_wconf 70' lang='lat' dir='ltr'><strong>tannbse</strong></span> <span class='ocrx_word' id='word_1_44' title='bbox 1073 996 1148 1053; x_wconf 72' lang='lat' dir='ltr'><strong>lianc</strong></span> 
     </span>
     <span class='ocr_line' id='line_1_8' title="bbox 74 1095 1148 1174; baseline 0.007 -23"><span class='ocrx_word' id='word_1_45' title='bbox 74 1095 223 1152; x_wconf 87' lang='lat' dir='ltr'><strong>orationis</strong></span> <span class='ocrx_word' id='word_1_46' title='bbox 256 1095 382 1154; x_wconf 78' lang='lat' dir='ltr'><strong>formam</strong></span> <span class='ocrx_word' id='word_1_47' title='bbox 412 1113 447 1152; x_wconf 92' lang='lat' dir='ltr'><strong>ac</strong></span> <span class='ocrx_word' id='word_1_48' title='bbox 483 1097 545 1153; x_wconf 89' lang='lat' dir='ltr'><strong>sine</strong></span> <span class='ocrx_word' id='word_1_49' title='bbox 571 1097 758 1155; x_wconf 73' lang='lat' dir='ltr'><strong>adnotatione</strong></span> <span class='ocrx_word' id='word_1_50' title='bbox 779 1099 1011 1174; x_wconf 71' lang='lat' dir='ltr'><strong>pretermisisse:</strong></span> <span class='ocrx_word' id='word_1_51' title='bbox 1050 1101 1148 1158; x_wconf 84' lang='lat' dir='ltr'><strong>Fusa</strong></span> 
     </span>
     <span class='ocr_line' id='line_1_9' title="bbox 75 1200 1148 1278; baseline 0.007 -22"><span class='ocrx_word' id='word_1_52' title='bbox 75 1217 264 1258; x_wconf 85' lang='lat' dir='ltr'><strong>concursu</strong></span> <span class='ocrx_word' id='word_1_53' title='bbox 291 1201 408 1276; x_wconf 88' lang='lat' dir='ltr'><strong>primo</strong></span> <span class='ocrx_word' id='word_1_54' title='bbox 436 1200 536 1258; x_wconf 89' lang='lat' dir='ltr'><strong>acies</strong></span> <span class='ocrx_word' id='word_1_55' title='bbox 567 1202 603 1258; x_wconf 89' lang='lat' dir='ltr'><strong>in</strong></span> <span class='ocrx_word' id='word_1_56' title='bbox 625 1201 762 1278; x_wconf 83' lang='lat' dir='ltr'><strong>fugam;</strong></span> <span class='ocrx_word' id='word_1_57' title='bbox 799 1204 902 1261; x_wconf 88' lang='lat' dir='ltr'><strong>milia</strong></span> <span class='ocrx_word' id='word_1_58' title='bbox 925 1214 1008 1262; x_wconf 87' lang='lat' dir='ltr'><strong>ceto</strong></span> <span class='ocrx_word' id='word_1_59' title='bbox 1030 1225 1148 1264; x_wconf 87' lang='lat' dir='ltr'><strong>arma·</strong></span> 
     </span>
     <span class='ocr_line' id='line_1_10' title="bbox 76 1306 1147 1382; baseline 0.01 -23"><span class='ocrx_word' id='word_1_60' title='bbox 76 1315 199 1361; x_wconf 88' lang='lat' dir='ltr'><strong>torum</strong></span> <span class='ocrx_word' id='word_1_61' title='bbox 222 1306 265 1362; x_wconf 91' lang='lat' dir='ltr'><strong>ab</strong></span> <span class='ocrx_word' id='word_1_62' title='bbox 287 1307 477 1380; x_wconf 88' lang='lat' dir='ltr'><strong>equitibus</strong></span> <span class='ocrx_word' id='word_1_63' title='bbox 508 1307 715 1365; x_wconf 87' lang='lat' dir='ltr'><strong>interclusa</strong></span> <span class='ocrx_word' id='word_1_64' title='bbox 733 1307 873 1382; x_wconf 91' lang='lat' dir='ltr'><strong>positis</strong></span> <span class='ocrx_word' id='word_1_65' title='bbox 895 1311 1005 1368; x_wconf 89' lang='lat' dir='ltr'><strong>armis</strong></span> <span class='ocrx_word' id='word_1_66' title='bbox 1026 1313 1063 1370; x_wconf 92' lang='lat' dir='ltr'><strong>in</strong></span> <span class='ocrx_word' id='word_1_67' title='bbox 1082 1313 1147 1370; x_wconf 87' lang='lat' dir='ltr'><strong>do-</strong></span> 
     </span>
     <span class='ocr_line' id='line_1_11' title="bbox 76 1408 1147 1486; baseline 0.01 -22"><span class='ocrx_word' id='word_1_68' title='bbox 76 1408 262 1468; x_wconf 90' lang='lat' dir='ltr'><strong>ditionem</strong></span> <span class='ocrx_word' id='word_1_69' title='bbox 284 1423 484 1483; x_wconf 77' lang='lat' dir='ltr'><strong>venerunt3</strong></span> <span class='ocrx_word' id='word_1_70' title='bbox 507 1413 709 1486; x_wconf 84' lang='lat' dir='ltr'><strong>quasiLatine</strong></span> <span class='ocrx_word' id='word_1_71' title='bbox 731 1413 846 1471; x_wconf 88' lang='lat' dir='ltr'><strong>dicatur</strong></span> <span class='ocrx_word' id='word_1_72' title='bbox 867 1413 1020 1474; x_wconf 83' lang='lat' dir='ltr'><strong>fundere</strong></span> <span class='ocrx_word' id='word_1_73' title='bbox 1041 1417 1076 1474; x_wconf 89' lang='lat' dir='ltr'><strong>in</strong></span> <span class='ocrx_word' id='word_1_74' title='bbox 1096 1417 1147 1474; x_wconf 87' lang='lat' dir='ltr'><strong>fu·</strong></span> 
     </span>
     <span class='ocr_line' id='line_1_12' title="bbox 75 1516 1147 1594; baseline 0.008 -23"><span class='ocrx_word' id='word_1_75' title='bbox 75 1533 171 1588; x_wconf 85' lang='lat' dir='ltr'><strong>gam.</strong></span> <span class='ocrx_word' id='word_1_76' title='bbox 217 1516 323 1574; x_wconf 85' lang='lat' dir='ltr'><strong>Latina</strong></span> <span class='ocrx_word' id='word_1_77' title='bbox 344 1527 374 1574; x_wconf 86' lang='lat' dir='ltr'><strong>et</strong></span> <span class='ocrx_word' id='word_1_78' title='bbox 397 1527 467 1594; x_wconf 84' lang='lat' dir='ltr'><strong>apta</strong></span> <span class='ocrx_word' id='word_1_79' title='bbox 487 1519 529 1576; x_wconf 90' lang='lat' dir='ltr'><strong>rei</strong></span> <span class='ocrx_word' id='word_1_80' title='bbox 551 1520 613 1576; x_wconf 81' lang='lat' dir='ltr'><strong>heac</strong></span> <span class='ocrx_word' id='word_1_81' title='bbox 635 1518 691 1576; x_wconf 86' lang='lat' dir='ltr'><strong>erit</strong></span> <span class='ocrx_word' id='word_1_82' title='bbox 711 1519 821 1576; x_wconf 85' lang='lat' dir='ltr'><strong>oratio:</strong></span> <span class='ocrx_word' id='word_1_83' title='bbox 852 1520 948 1578; x_wconf 89' lang='lat' dir='ltr'><strong>Fusa</strong></span> <span class='ocrx_word' id='word_1_84' title='bbox 970 1540 1147 1580; x_wconf 82' lang='lat' dir='ltr'><strong>concursu</strong></span> 
     </span>
     <span class='ocr_line' id='line_1_13' title="bbox 74 1620 1147 1700; baseline 0.01 -23"><span class='ocrx_word' id='word_1_85' title='bbox 74 1620 200 1695; x_wconf 86' lang='lat' dir='ltr'><strong>primo</strong></span> <span class='ocrx_word' id='word_1_86' title='bbox 222 1621 337 1692; x_wconf 66' lang='lat' dir='ltr'><strong>aciem</strong></span> <span class='ocrx_word' id='word_1_87' title='bbox 359 1623 396 1679; x_wconf 92' lang='lat' dir='ltr'><strong>in</strong></span> <span class='ocrx_word' id='word_1_88' title='bbox 418 1623 510 1700; x_wconf 87' lang='lat' dir='ltr'><strong>fuga</strong></span> <span class='ocrx_word' id='word_1_89' title='bbox 536 1624 640 1682; x_wconf 83' lang='lat' dir='ltr'><strong>milia</strong></span> <span class='ocrx_word' id='word_1_90' title='bbox 661 1633 745 1682; x_wconf 88' lang='lat' dir='ltr'><strong>octo</strong></span> <span class='ocrx_word' id='word_1_91' title='bbox 768 1633 823 1681; x_wconf 88' lang='lat' dir='ltr'><strong>etc.</strong></span> <span class='ocrx_word' id='word_1_92' title='bbox 873 1624 983 1682; x_wconf 88' lang='lat' dir='ltr'><strong>Noonit</strong></span> <span class='ocrx_word' id='word_1_93' title='bbox 1003 1625 1100 1683; x_wconf 88' lang='lat' dir='ltr'><strong>littera</strong></span> <span class='ocrx_word' id='word_1_94' title='bbox 1120 1645 1147 1688; x_wconf 87' lang='grc' dir='ltr'>Ι</span> 
     </span>
     <span class='ocr_line' id='line_1_14' title="bbox 74 1725 240 1800; baseline 0.012 -19"><span class='ocrx_word' id='word_1_95' title='bbox 74 1725 240 1800; x_wconf 83' lang='lat' dir='ltr'><strong>geminata.</strong></span> 
     </span>
    </p>

    <p class='ocr_par' dir='ltr' id='par_1_4' title="bbox 75 1829 1146 2439">
     <span class='ocr_line' id='line_1_15' title="bbox 172 1829 1146 1912; baseline 0.007 -24"><span class='ocrx_word' id='word_1_96' title='bbox 172 1829 245 1906; x_wconf 84' lang='lat' dir='ltr'><strong>Cap.</strong></span> <span class='ocrx_word' id='word_1_97' title='bbox 270 1835 323 1903; x_wconf 82' lang='lat'><strong>34,</strong></span> <span class='ocrx_word' id='word_1_98' title='bbox 362 1836 379 1890; x_wconf 80' lang='lat'>5</span> <span class='ocrx_word' id='word_1_99' title='bbox 417 1831 484 1910; x_wconf 90' lang='lat' dir='ltr'><strong>(ubi</strong></span> <span class='ocrx_word' id='word_1_100' title='bbox 517 1833 553 1890; x_wconf 88' lang='lat' dir='ltr'><strong>de</strong></span> <span class='ocrx_word' id='word_1_101' title='bbox 575 1833 730 1893; x_wconf 84' lang='lat' dir='ltr'><strong>Gallorum</strong></span> <span class='ocrx_word' id='word_1_102' title='bbox 751 1836 873 1894; x_wconf 86' lang='lat' dir='ltr'><strong>transitu</strong></span> <span class='ocrx_word' id='word_1_103' title='bbox 895 1837 924 1893; x_wconf 93' lang='lat' dir='ltr'><strong>in</strong></span> <span class='ocrx_word' id='word_1_104' title='bbox 945 1837 1063 1894; x_wconf 87' lang='lat' dir='ltr'><strong>Italiam</strong></span> <span class='ocrx_word' id='word_1_105' title='bbox 1085 1837 1146 1912; x_wconf 80' lang='lat' dir='ltr'><strong>agi·</strong></span> 
     </span>
     <span class='ocr_line' id='line_1_16' title="bbox 75 1936 1146 2016; baseline 0.007 -25"><span class='ocrx_word' id='word_1_106' title='bbox 75 1943 154 2002; x_wconf 76' lang='lat' dir='ltr'><strong>tort:</strong></span> <span class='ocrx_word' id='word_1_107' title='bbox 178 1937 215 1994; x_wconf 95' lang='lat' dir='ltr'><strong>Is</strong></span> <span class='ocrx_word' id='word_1_108' title='bbox 237 1936 435 2012; x_wconf 87' lang='lat' dir='ltr'><strong>(Bellovesus)</strong></span> <span class='ocrx_word' id='word_1_109' title='bbox 462 1940 559 2012; x_wconf 89' lang='lat' dir='ltr'><strong>quod</strong></span> <span class='ocrx_word' id='word_1_110' title='bbox 582 1941 661 1998; x_wconf 90' lang='lat' dir='ltr'><strong>eius</strong></span> <span class='ocrx_word' id='word_1_111' title='bbox 682 1960 725 1998; x_wconf 87' lang='lat' dir='ltr'><strong>ex</strong></span> <span class='ocrx_word' id='word_1_112' title='bbox 747 1941 896 2016; x_wconf 85' lang='lat' dir='ltr'><strong>populis</strong></span> <span class='ocrx_word' id='word_1_113' title='bbox 919 1942 1146 2013; x_wconf 78' lang='lat' dir='ltr'><strong>abundabat,</strong></span> 
     </span>
     <span class='ocr_line' id='line_1_17' title="bbox 77 2043 1145 2118; baseline 0.006 -20"><span class='ocrx_word' id='word_1_114' title='bbox 77 2043 289 2118; x_wconf 80' lang='lat' dir='ltr'><strong>Bituriges,</strong></span> <span class='ocrx_word' id='word_1_115' title='bbox 309 2044 521 2114; x_wconf 85' lang='lat' dir='ltr'><strong>Arvernos,</strong></span> <span class='ocrx_word' id='word_1_116' title='bbox 549 2046 730 2116; x_wconf 81' lang='lat' dir='ltr'><strong>Senones,</strong></span> <span class='ocrx_word' id='word_1_117' title='bbox 752 2046 905 2117; x_wconf 82' lang='lat' dir='ltr'><strong>AEduoe,</strong></span> <span class='ocrx_word' id='word_1_118' title='bbox 930 2048 1145 2118; x_wconf 83' lang='lat' dir='ltr'><strong>Ambarros,</strong></span> 
     </span>
     <span class='ocr_line' id='line_1_18' title="bbox 76 2147 1144 2220; baseline 0.007 -15"><span class='ocrx_word' id='word_1_119' title='bbox 76 2147 272 2220; x_wconf 83' lang='lat' dir='ltr'><strong>Carnutes,</strong></span> <span class='ocrx_word' id='word_1_120' title='bbox 294 2150 478 2208; x_wconf 83' lang='lat' dir='ltr'><strong>Aulercos</strong></span> <span class='ocrx_word' id='word_1_121' title='bbox 501 2152 655 2211; x_wconf 86' lang='lat' dir='ltr'><strong>excivit.</strong></span> <span class='ocrx_word' id='word_1_122' title='bbox 714 2151 845 2210; x_wconf 87' lang='lat' dir='ltr'><strong>Primum</strong></span> <span class='ocrx_word' id='word_1_123' title='bbox 864 2153 931 2211; x_wconf 91' lang='lat' dir='ltr'><strong>hinc</strong></span> <span class='ocrx_word' id='word_1_124' title='bbox 952 2155 1144 2212; x_wconf 77' lang='lat' dir='ltr'><strong>removendos</strong></span> 
     </span>
     <span class='ocr_line' id='line_1_19' title="bbox 76 2255 1145 2335; baseline 0.006 -23"><span class='ocrx_word' id='word_1_125' title='bbox 76 2271 144 2312; x_wconf 85' lang='lat' dir='ltr'><strong>esse</strong></span> <span class='ocrx_word' id='word_1_126' title='bbox 165 2255 312 2326; x_wconf 86' lang='lat' dir='ltr'><strong>Senones,</strong></span> <span class='ocrx_word' id='word_1_127' title='bbox 334 2256 416 2314; x_wconf 88' lang='lat' dir='ltr'><strong>multi</strong></span> <span class='ocrx_word' id='word_1_128' title='bbox 437 2257 585 2327; x_wconf 86' lang='lat' dir='ltr'><strong>viderunt,</strong></span> <span class='ocrx_word' id='word_1_129' title='bbox 614 2257 751 2331; x_wconf 85' lang='lat' dir='ltr'><strong>quonism</strong></span> <span class='ocrx_word' id='word_1_130' title='bbox 774 2275 825 2314; x_wconf 88' lang='lat' dir='ltr'><strong>eos</strong></span> <span class='ocrx_word' id='word_1_131' title='bbox 847 2257 947 2316; x_wconf 86' lang='lat' dir='ltr'><strong>Livius</strong></span> <span class='ocrx_word' id='word_1_132' title='bbox 969 2260 1145 2335; x_wconf 87' lang='lat' dir='ltr'><strong>paulopost</strong></span> 
     </span>
     <span class='ocr_line' id='line_1_20' title="bbox 78 2361 1145 2439; baseline 0.006 -22"><span class='ocrx_word' id='word_1_133' title='bbox 78 2363 116 2435; x_wconf 79' lang='lat' dir='ltr'><strong>(c.</strong></span> <span class='ocrx_word' id='word_1_134' title='bbox 142 2363 199 2430; x_wconf 84' lang='lat'><strong>35,</strong></span> <span class='ocrx_word' id='word_1_135' title='bbox 224 2363 259 2426; x_wconf 82' lang='lat'><strong>3)</strong></span> <span class='ocrx_word' id='word_1_136' title='bbox 289 2361 569 2419; x_wconf 88' lang='lat' dir='ltr'><strong>recentissimos</strong></span> <span class='ocrx_word' id='word_1_137' title='bbox 598 2362 818 2420; x_wconf 85' lang='lat' dir='ltr'><strong>advenarum</strong></span> <span class='ocrx_word' id='word_1_138' title='bbox 847 2363 937 2421; x_wconf 89' lang='lat' dir='ltr'><strong>multo</strong></span> <span class='ocrx_word' id='word_1_139' title='bbox 959 2375 1027 2439; x_wconf 89' lang='lat' dir='ltr'><strong>post</strong></span> <span class='ocrx_word' id='word_1_140' title='bbox 1048 2374 1145 2424; x_wconf 87' lang='lat' dir='ltr'><strong>trans·</strong></span> 
     </span>
    </p>
   </div>
   <div class='ocr_carea' id='block_1_3' title="bbox 77 2463 1143 2648">
    <p class='ocr_par' dir='ltr' id='par_1_5' title="bbox 77 2463 1143 2648">
     <span class='ocr_line' id='line_1_21' title="bbox 77 2463 1143 2545; baseline 0.003 -22"><span class='ocrx_word' id='word_1_141' title='bbox 77 2468 136 2524; x_wconf 83' lang='lat' dir='ltr'><strong>isse</strong></span> <span class='ocrx_word' id='word_1_142' title='bbox 157 2466 310 2540; x_wconf 82' lang='lat' dir='ltr'><strong>significat.</strong></span> <span class='ocrx_word' id='word_1_143' title='bbox 353 2468 431 2525; x_wconf 88' lang='lat' dir='ltr'><strong>Nam</strong></span> <span class='ocrx_word' id='word_1_144' title='bbox 455 2468 534 2542; x_wconf 91' lang='lat' dir='ltr'><strong>quod</strong></span> <span class='ocrx_word' id='word_1_145' title='bbox 555 2463 811 2525; x_wconf 84' lang='lat' dir='ltr'><strong>Weissenbornius</strong></span> <span class='ocrx_word' id='word_1_146' title='bbox 833 2469 1143 2545; x_wconf 85' lang='lat' dir='ltr'><strong>aliquotBitun&#39;ges,</strong></span> 
     </span>
     <span class='ocr_line' id='line_1_22' title="bbox 78 2573 1141 2648; baseline 0.001 -17"><span class='ocrx_word' id='word_1_147' title='bbox 78 2573 221 2637; x_wconf 84' lang='lat' dir='ltr'><strong>Senones,</strong></span> <span class='ocrx_word' id='word_1_148' title='bbox 243 2583 354 2630; x_wconf 88' lang='lat' dir='ltr'><strong>ceteros</strong></span> <span class='ocrx_word' id='word_1_149' title='bbox 373 2573 494 2648; x_wconf 86' lang='lat' dir='ltr'><strong>intelligi</strong></span> <span class='ocrx_word' id='word_1_150' title='bbox 515 2573 586 2644; x_wconf 83' lang='lat' dir='ltr'><strong>vult,</strong></span> <span class='ocrx_word' id='word_1_151' title='bbox 609 2573 710 2630; x_wconf 89' lang='lat' dir='ltr'><strong>Livius</strong></span> <span class='ocrx_word' id='word_1_152' title='bbox 731 2574 776 2644; x_wconf 93' lang='lat' dir='ltr'><strong>id,</strong></span> <span class='ocrx_word' id='word_1_153' title='bbox 802 2575 878 2648; x_wconf 90' lang='lat' dir='ltr'><strong>quod</strong></span> <span class='ocrx_word' id='word_1_154' title='bbox 901 2575 1070 2646; x_wconf 86' lang='lat' dir='ltr'><strong>abundaret,</strong></span> <span class='ocrx_word' id='word_1_155' title='bbox 1090 2575 1141 2632; x_wconf 90' lang='lat' dir='ltr'><strong>mi·</strong></span> 
     </span>
    </p>
   </div>
   <div class='ocr_carea' id='block_1_4' title="bbox 76 2678 1144 3286">
    <p class='ocr_par' dir='ltr' id='par_1_6' title="bbox 76 2678 1144 3286">
     <span class='ocr_line' id='line_1_23' title="bbox 77 2678 1144 2754; baseline 0.004 -20"><span class='ocrx_word' id='word_1_156' title='bbox 77 2695 181 2751; x_wconf 81' lang='lat' dir='ltr'><strong>grasse</strong></span> <span class='ocrx_word' id='word_1_157' title='bbox 212 2678 300 2748; x_wconf 89' lang='lat' dir='ltr'><strong>dicit,</strong></span> <span class='ocrx_word' id='word_1_158' title='bbox 330 2687 363 2735; x_wconf 89' lang='lat' dir='ltr'><strong>nt</strong></span> <span class='ocrx_word' id='word_1_159' title='bbox 383 2678 454 2736; x_wconf 86' lang='lat' dir='ltr'><strong>nihil</strong></span> <span class='ocrx_word' id='word_1_160' title='bbox 475 2689 578 2754; x_wconf 86' lang='lat' dir='ltr'><strong>postea</strong></span> <span class='ocrx_word' id='word_1_161' title='bbox 602 2689 768 2754; x_wconf 85' lang='lat' dir='ltr'><strong>superesset</strong></span> <span class='ocrx_word' id='word_1_162' title='bbox 789 2679 993 2748; x_wconf 87' lang='lat' dir='ltr'><strong>multitudinis,</strong></span> <span class='ocrx_word' id='word_1_163' title='bbox 1018 2699 1070 2737; x_wconf 86' lang='lat' dir='ltr'><strong>nac</strong></span> <span class='ocrx_word' id='word_1_164' title='bbox 1094 2691 1144 2738; x_wconf 87' lang='lat' dir='ltr'><strong>aut</strong></span> 
     </span>
     <span class='ocr_line' id='line_1_24' title="bbox 78 2784 1143 2860; baseline 0.003 -20"><span class='ocrx_word' id='word_1_165' title='bbox 78 2784 168 2842; x_wconf 90' lang='lat' dir='ltr'><strong>ullum</strong></span> <span class='ocrx_word' id='word_1_166' title='bbox 191 2785 279 2842; x_wconf 87' lang='lat' dir='ltr'><strong>aliam</strong></span> <span class='ocrx_word' id='word_1_167' title='bbox 303 2785 442 2860; x_wconf 88' lang='lat' dir='ltr'><strong>populum</strong></span> <span class='ocrx_word' id='word_1_168' title='bbox 465 2786 510 2842; x_wconf 88' lang='lat' dir='ltr'><strong>bis</strong></span> <span class='ocrx_word' id='word_1_169' title='bbox 531 2785 624 2860; x_wconf 87' lang='lat' dir='ltr'><strong>Alpes</strong></span> <span class='ocrx_word' id='word_1_170' title='bbox 646 2785 785 2842; x_wconf 85' lang='lat' dir='ltr'><strong>transisse</strong></span> <span class='ocrx_word' id='word_1_171' title='bbox 809 2785 952 2860; x_wconf 78' lang='lat' dir='ltr'><strong>significat</strong></span> <span class='ocrx_word' id='word_1_172' title='bbox 975 2795 1025 2842; x_wconf 84' lang='lat' dir='ltr'><strong>aut</strong></span> <span class='ocrx_word' id='word_1_173' title='bbox 1047 2786 1076 2842; x_wconf 92' lang='lat' dir='ltr'><strong>in</strong></span> <span class='ocrx_word' id='word_1_174' title='bbox 1092 2785 1143 2846; x_wconf 91' lang='lat' dir='ltr'><strong>Se-</strong></span> 
     </span>
     <span class='ocr_line' id='line_1_25' title="bbox 76 2889 1143 2967; baseline 0.004 -20"><span class='ocrx_word' id='word_1_175' title='bbox 76 2891 204 2949; x_wconf 89' lang='lat' dir='ltr'><strong>nonibus</strong></span> <span class='ocrx_word' id='word_1_176' title='bbox 228 2892 383 2966; x_wconf 87' lang='lat' dir='ltr'><strong>quicquam</strong></span> <span class='ocrx_word' id='word_1_177' title='bbox 407 2910 425 2948; x_wconf 88' lang='lat' dir='ltr'><strong>a</strong></span> <span class='ocrx_word' id='word_1_178' title='bbox 448 2891 548 2948; x_wconf 84' lang='lat' dir='ltr'><strong>ceteris</strong></span> <span class='ocrx_word' id='word_1_179' title='bbox 570 2891 678 2948; x_wconf 87' lang='lat' dir='ltr'><strong>diversi</strong></span> <span class='ocrx_word' id='word_1_180' title='bbox 701 2889 800 2952; x_wconf 78' lang='lat' dir='ltr'><strong>fuisse,</strong></span> <span class='ocrx_word' id='word_1_181' title='bbox 836 2892 959 2949; x_wconf 88' lang='lat' dir='ltr'><strong>Videtur</strong></span> <span class='ocrx_word' id='word_1_182' title='bbox 980 2892 1085 2967; x_wconf 89' lang='lat' dir='ltr'><strong>aliquis</strong></span> <span class='ocrx_word' id='word_1_183' title='bbox 1107 2894 1143 2951; x_wconf 89' lang='lat' dir='ltr'><strong>ab</strong></span> 
     </span>
     <span class='ocr_line' id='line_1_26' title="bbox 76 2996 1142 3071; baseline 0.002 -17"><span class='ocrx_word' id='word_1_184' title='bbox 76 2998 135 3055; x_wconf 88' lang='lat' dir='ltr'><strong>hac</strong></span> <span class='ocrx_word' id='word_1_185' title='bbox 159 2997 376 3054; x_wconf 82' lang='lat' dir='ltr'><strong>enumeratione</strong></span> <span class='ocrx_word' id='word_1_186' title='bbox 398 2997 501 3054; x_wconf 86' lang='lat' dir='ltr'><strong>abesse</strong></span> <span class='ocrx_word' id='word_1_187' title='bbox 528 2996 654 3054; x_wconf 88' lang='lat' dir='ltr'><strong>noluisse</strong></span> <span class='ocrx_word' id='word_1_188' title='bbox 676 2997 815 3071; x_wconf 88' lang='lat' dir='ltr'><strong>populum</strong></span> <span class='ocrx_word' id='word_1_189' title='bbox 839 2997 966 3054; x_wconf 87' lang='lat' dir='ltr'><strong>omnium</strong></span> <span class='ocrx_word' id='word_1_190' title='bbox 989 2997 1142 3058; x_wconf 86' lang='lat' dir='ltr'><strong>Gallorum</strong></span> 
     </span>
     <span class='ocr_line' id='line_1_27' title="bbox 76 3101 1143 3180; baseline 0.001 -19"><span class='ocrx_word' id='word_1_191' title='bbox 76 3105 176 3162; x_wconf 86' lang='lat' dir='ltr'><strong>Roma</strong></span> <span class='ocrx_word' id='word_1_192' title='bbox 208 3111 296 3178; x_wconf 85' lang='lat' dir='ltr'><strong>capta</strong></span> <span class='ocrx_word' id='word_1_193' title='bbox 329 3101 531 3160; x_wconf 83' lang='lat' dir='ltr'><strong>clarissimum.</strong></span> <span class='ocrx_word' id='word_1_194' title='bbox 587 3101 703 3160; x_wconf 90' lang='lat' dir='ltr'><strong>Deinde</strong></span> <span class='ocrx_word' id='word_1_195' title='bbox 735 3102 812 3160; x_wconf 89' lang='lat' dir='ltr'><strong>eius</strong></span> <span class='ocrx_word' id='word_1_196' title='bbox 834 3123 892 3162; x_wconf 91' lang='lat' dir='ltr'><strong>non</strong></span> <span class='ocrx_word' id='word_1_197' title='bbox 912 3113 1009 3180; x_wconf 90' lang='lat' dir='ltr'><strong>potest</strong></span> <span class='ocrx_word' id='word_1_198' title='bbox 1029 3105 1084 3163; x_wconf 89' lang='lat' dir='ltr'><strong>nisi</strong></span> <span class='ocrx_word' id='word_1_199' title='bbox 1106 3106 1143 3162; x_wconf 92' lang='lat' dir='ltr'><strong>ad</strong></span> 
     </span>
     <span class='ocr_line' id='line_1_28' title="bbox 77 3205 1143 3286; baseline 0.002 -20"><span class='ocrx_word' id='word_1_200' title='bbox 77 3209 264 3266; x_wconf 84' lang='lat' dir='ltr'><strong>Bellovesum</strong></span> <span class='ocrx_word' id='word_1_201' title='bbox 298 3205 414 3276; x_wconf 73' lang='lat' dir='ltr'><strong>referri,</strong></span> <span class='ocrx_word' id='word_1_202' title='bbox 451 3208 532 3282; x_wconf 85' lang='lat' dir='ltr'><strong>atqui</strong></span> <span class='ocrx_word' id='word_1_203' title='bbox 559 3209 620 3265; x_wconf 89' lang='lat' dir='ltr'><strong>eius</strong></span> <span class='ocrx_word' id='word_1_204' title='bbox 648 3207 720 3264; x_wconf 90' lang='lat' dir='ltr'><strong>nulli</strong></span> <span class='ocrx_word' id='word_1_205' title='bbox 751 3218 833 3266; x_wconf 88' lang='lat' dir='ltr'><strong>erant</strong></span> <span class='ocrx_word' id='word_1_206' title='bbox 854 3210 970 3285; x_wconf 87' lang='lat' dir='ltr'><strong>populi,</strong></span> <span class='ocrx_word' id='word_1_207' title='bbox 1002 3211 1053 3268; x_wconf 92' lang='lat' dir='ltr'><strong>sed</strong></span> <span class='ocrx_word' id='word_1_208' title='bbox 1077 3230 1143 3286; x_wconf 86' lang='lat' dir='ltr'><strong>per·</strong></span> 
     </span>
    </p>
   </div>
   <div class='ocr_carea' id='block_1_5' title="bbox 95 3499 1190 4110">
    <p class='ocr_par' dir='ltr' id='par_1_7' title="bbox 95 3499 1190 4110">
     <span class='ocr_line' id='line_1_29' title="bbox 95 3499 1141 3568; baseline 0.005 -17"><span class='ocrx_word' id='word_1_209' title='bbox 95 3499 120 3564; x_wconf 85' lang='lat'><strong>¹)</strong></span> <span class='ocrx_word' id='word_1_210' title='bbox 149 3501 233 3562; x_wconf 83' lang='lat' dir='ltr'><strong>Quam</strong></span> <span class='ocrx_word' id='word_1_211' title='bbox 252 3503 278 3550; x_wconf 90' lang='lat' dir='ltr'><strong>in</strong></span> <span class='ocrx_word' id='word_1_212' title='bbox 296 3517 353 3568; x_wconf 83' lang='lat' dir='ltr'><strong>cap.</strong></span> <span class='ocrx_word' id='word_1_213' title='bbox 373 3507 414 3559; x_wconf 57' lang='grc' dir='ltr'><strong>ἵε,</strong></span> <span class='ocrx_word' id='word_1_214' title='bbox 435 3507 449 3550; x_wconf 83' lang='grc'>6</span> <span class='ocrx_word' id='word_1_215' title='bbox 469 3511 528 3552; x_wconf 86' lang='lat' dir='ltr'><strong>ante</strong></span> <span class='ocrx_word' id='word_1_216' title='bbox 542 3505 636 3554; x_wconf 88' lang='lat' dir='ltr'><strong>multos</strong></span> <span class='ocrx_word' id='word_1_217' title='bbox 656 3520 738 3555; x_wconf 86' lang='lat' dir='ltr'><strong>sonos</strong></span> <span class='ocrx_word' id='word_1_218' title='bbox 757 3503 866 3554; x_wconf 80' lang='lat' dir='ltr'><strong>feceram</strong></span> <span class='ocrx_word' id='word_1_219' title='bbox 886 3508 1068 3567; x_wconf 84' lang='lat' dir='ltr'><strong>coniecturam,</strong></span> <span class='ocrx_word' id='word_1_220' title='bbox 1087 3521 1141 3556; x_wconf 84' lang='lat' dir='ltr'><strong>eam</strong></span> 
     </span>
     <span class='ocr_line' id='line_1_30' title="bbox 147 3593 1141 3664; baseline 0.007 -21"><span class='ocrx_word' id='word_1_221' title='bbox 147 3609 181 3643; x_wconf 82' lang='lat' dir='ltr'><strong>ex</strong></span> <span class='ocrx_word' id='word_1_222' title='bbox 200 3595 295 3644; x_wconf 78' lang='lat' dir='ltr'><strong>Hertaii</strong></span> <span class='ocrx_word' id='word_1_223' title='bbox 323 3593 473 3659; x_wconf 74' lang='lat' dir='ltr'><strong>praefatione</strong></span> <span class='ocrx_word' id='word_1_224' title='bbox 501 3595 574 3644; x_wconf 81' lang='lat' dir='ltr'><strong>video</strong></span> <span class='ocrx_word' id='word_1_225' title='bbox 593 3613 609 3645; x_wconf 85' lang='lat' dir='ltr'><strong>a</strong></span> <span class='ocrx_word' id='word_1_226' title='bbox 625 3597 723 3646; x_wconf 89' lang='lat' dir='ltr'><strong>Kemio</strong></span> <span class='ocrx_word' id='word_1_227' title='bbox 742 3598 961 3661; x_wconf 83' lang='lat' dir='ltr'><strong>Virtembergeosi</strong></span> <span class='ocrx_word' id='word_1_228' title='bbox 981 3609 1141 3664; x_wconf 88' lang='lat' dir='ltr'><strong>occupatam.</strong></span> 
     </span>
     <span class='ocr_line' id='line_1_31' title="bbox 147 3687 1141 3754; baseline 0.004 -18"><span class='ocrx_word' id='word_1_229' title='bbox 147 3687 258 3736; x_wconf 86' lang='lat' dir='ltr'><strong>ludici</strong></span> <span class='ocrx_word' id='word_1_230' title='bbox 274 3687 360 3736; x_wconf 88' lang='lat' dir='ltr'><strong>nullos</strong></span> <span class='ocrx_word' id='word_1_231' title='bbox 377 3687 419 3736; x_wconf 87' lang='lat' dir='ltr'><strong>hic</strong></span> <span class='ocrx_word' id='word_1_232' title='bbox 440 3687 512 3736; x_wconf 85' lang='lat' dir='ltr'><strong>locus</strong></span> <span class='ocrx_word' id='word_1_233' title='bbox 532 3691 639 3748; x_wconf 86' lang='lat' dir='ltr'><strong>est‚sed</strong></span> <span class='ocrx_word' id='word_1_234' title='bbox 654 3691 818 3753; x_wconf 84' lang='lat' dir='ltr'><strong>captivom</strong></span> <span class='ocrx_word' id='word_1_235' title='bbox 837 3691 1032 3740; x_wconf 87' lang='lat' dir='ltr'><strong>indidemex</strong></span> <span class='ocrx_word' id='word_1_236' title='bbox 1046 3692 1141 3754; x_wconf 81' lang='lat' dir='ltr'><strong>agris,</strong></span> 
     </span>
     <span class='ocr_line' id='line_1_32' title="bbox 147 3779 1142 3846; baseline 0.003 -18"><span class='ocrx_word' id='word_1_237' title='bbox 147 3780 198 3828; x_wconf 85' lang='lat' dir='ltr'><strong>boo</strong></span> <span class='ocrx_word' id='word_1_238' title='bbox 217 3789 263 3840; x_wconf 82' lang='lat' dir='ltr'><strong>est,</strong></span> <span class='ocrx_word' id='word_1_239' title='bbox 282 3795 316 3828; x_wconf 86' lang='lat' dir='ltr'><strong>ex</strong></span> <span class='ocrx_word' id='word_1_240' title='bbox 333 3779 385 3828; x_wconf 88' lang='lat' dir='ltr'><strong>illis</strong></span> <span class='ocrx_word' id='word_1_241' title='bbox 404 3780 465 3844; x_wconf 87' lang='lat' dir='ltr'><strong>ipsis</strong></span> <span class='ocrx_word' id='word_1_242' title='bbox 484 3781 553 3842; x_wconf 80' lang='lat' dir='ltr'><strong>agris</strong></span> <span class='ocrx_word' id='word_1_243' title='bbox 566 3781 693 3844; x_wconf 83' lang='lat' dir='ltr'><strong>(exillius</strong></span> <span class='ocrx_word' id='word_1_244' title='bbox 712 3781 782 3831; x_wconf 87' lang='lat' dir='ltr'><strong>urbis</strong></span> <span class='ocrx_word' id='word_1_245' title='bbox 800 3782 892 3846; x_wconf 84' lang='lat' dir='ltr'><strong>agris),</strong></span> <span class='ocrx_word' id='word_1_246' title='bbox 912 3783 1025 3832; x_wconf 89' lang='lat' dir='ltr'><strong>dneem</strong></span> <span class='ocrx_word' id='word_1_247' title='bbox 1046 3783 1142 3832; x_wconf 85' lang='lat' dir='ltr'><strong>Camil·</strong></span> 
     </span>
     <span class='ocr_line' id='line_1_33' title="bbox 148 3872 1190 3937; baseline 0.004 -17"><span class='ocrx_word' id='word_1_248' title='bbox 148 3872 189 3920; x_wconf 83' lang='lat' dir='ltr'><strong>lua</strong></span> <span class='ocrx_word' id='word_1_249' title='bbox 213 3879 344 3922; x_wconf 80' lang='lat' dir='ltr'><strong>secutos</strong></span> <span class='ocrx_word' id='word_1_250' title='bbox 370 3881 418 3924; x_wconf 83' lang='lat' dir='ltr'><strong>est.</strong></span> <span class='ocrx_word' id='word_1_251' title='bbox 477 3873 653 3937; x_wconf 81' lang='lat' dir='ltr'><strong>Ascripseram</strong></span> <span class='ocrx_word' id='word_1_252' title='bbox 673 3873 704 3922; x_wconf 92' lang='lat' dir='ltr'><strong>ad</strong></span> <span class='ocrx_word' id='word_1_253' title='bbox 723 3873 799 3924; x_wconf 85' lang='lat' dir='ltr'><strong>tidem</strong></span> <span class='ocrx_word' id='word_1_254' title='bbox 824 3875 965 3924; x_wconf 76' lang='lat' dir='ltr'><strong>manifesta</strong></span> <span class='ocrx_word' id='word_1_255' title='bbox 991 3875 1140 3924; x_wconf 83' lang='lat' dir='ltr'><strong>correctioni</strong></span> <span class='ocrx_word' id='word_1_256' title='bbox 1189 3887 1190 3890; x_wconf 73' lang='grc'>’</span> 
     </span>
     <span class='ocr_line' id='line_1_34' title="bbox 147 3963 1141 4026; baseline 0.001 -11"><span class='ocrx_word' id='word_1_257' title='bbox 147 3963 294 4015; x_wconf 73' lang='lat' dir='ltr'><strong>indendam</strong></span> <span class='ocrx_word' id='word_1_258' title='bbox 313 3965 414 4024; x_wconf 80' lang='lat' dir='ltr'><strong>xxm,</strong></span> <span class='ocrx_word' id='word_1_259' title='bbox 434 3971 476 4024; x_wconf 76' lang='grc'><strong>46,</strong></span> <span class='ocrx_word' id='word_1_260' title='bbox 499 3971 538 4025; x_wconf 79' lang='lat'><strong>12,</strong></span> <span class='ocrx_word' id='word_1_261' title='bbox 559 3963 674 4024; x_wconf 85' lang='lat' dir='ltr'><strong>XXVII,</strong></span> <span class='ocrx_word' id='word_1_262' title='bbox 697 3971 735 4025; x_wconf 78' lang='lat' dir='ltr'><strong>te,</strong></span> <span class='ocrx_word' id='word_1_263' title='bbox 755 3965 1141 4026; x_wconf 79' lang='lat' dir='ltr'><strong>5,XXV111,1,6,XXX1X‚</strong></span> 
     </span>
     <span class='ocr_line' id='line_1_35' title="bbox 151 4057 255 4110; baseline 0.019 -3"><span class='ocrx_word' id='word_1_264' title='bbox 151 4063 181 4107; x_wconf 82' lang='lat'><strong>12</strong></span> <span class='ocrx_word' id='word_1_265' title='bbox 200 4057 255 4110; x_wconf 85' lang='lat' dir='ltr'><strong>init.</strong></span> 
     </span>
    </p>
   </div>
   <div class='ocr_carea' id='block_1_6' title="bbox 0 0 1416 4648">
    <p class='ocr_par' dir='ltr' id='par_1_8' title="bbox 0 0 1416 4648">
     <span class='ocr_line' id='line_1_36' title="bbox 0 0 1416 4648; baseline 0 0"><span class='ocrx_word' id='word_1_266' title='bbox 0 0 1416 4648; x_wconf 95' lang='lat' dir='ltr'><strong> </strong></span> 
     </span>
    </p>
   </div>
  </div>
 </body>
</html>
