2800 4646
578 325 637 381 245
940 326 998 374 Lib.
1021 325 1110 376 XXII.

76 505 144 562 mie
168 506 212 575 (ut
235 505 370 578 proximo
393 505 506 580 capite,
529 509 583 576 29,
616 511 633 564 4
656 509 685 564 in
708 505 793 564 PCM
815 516 869 563 cet.
890 527 944 583 pro
970 510 1013 566 ab
1035 509 1140 566 nimia

75 621 120 666 ent
140 610 187 666 ab
220 609 377 680 animis),
410 611 614 668 animadverso
635 631 735 669 emona
767 610 888 668 alterum
923 613 1053 689 (nimis)
1088 616 1140 672 ad-

76 715 167 772 ditum
200 725 262 785 eat,
299 725 359 772 tum
391 715 528 792 (fortasse
558 717 588 773 in
613 718 651 790 P)
682 717 787 792 copula
816 718 995 794 interposite.
1048 720 1140 777 Plura

76 831 143 876 eunt
165 819 195 876 in
217 819 243 877 P
269 821 403 896 exempla
422 823 518 880 mendi
539 823 580 879 sic
599 822 736 890 correcti,
775 841 839 895 quae
861 823 969 898 duplex
997 826 1140 901 scriptura

75 927 220 984 interdum
243 926 308 1000 ipsa
328 926 358 982 in
380 926 453 983 alios
475 929 589 986 codices
613 928 736 999 transiit,
774 928 916 984 interdum
943 931 1037 987 solum
1060 951 1138 988 men·

76 1033 158 1102 dum;
181 1032 323 1088 interdum
347 1047 441 1087 novus
463 1051 545 1091 error
566 1035 696 1094 accessit.
740 1033 807 1090 Hoe
828 1033 903 1089 libro
915 1052 939 1091 c.
955 1037 1004 1104 23,
1018 1039 1035 1091 6
1051 1053 1140 1108 quum

75 1157 130 1212 pro
154 1138 354 1194 Romanum
376 1135 610 1212 Poenumque
631 1139 756 1213 primum
779 1140 828 1206 (ob
855 1139 975 1210 duces)
1000 1140 1139 1214 seriptum

75 1253 153 1298 eaaet
174 1243 369 1310 Romanos,
392 1251 452 1298 tum
475 1243 604 1300 additum
630 1263 684 1300 um
708 1246 989 1318 (Romanoaum),
1011 1245 1040 1301 in
1063 1258 1140 1302 cete-

75 1349 133 1416 ris,
168 1348 246 1422 quod
278 1365 332 1403 um
354 1365 412 1403 non
433 1347 661 1423 intelligebatur,
691 1351 798 1408 mansit
823 1351 916 1407 solum
939 1352 1138 1420 Romenoe;

77 1453 178 1522 XXI,
200 1456 260 1524 36,
289 1455 306 1510 2
331 1472 385 1528 pro
418 1453 453 1509 in
483 1455 609 1529 pedum
633 1455 771 1530 seriptum
795 1456 838 1523 (in
861 1454 928 1530 CM,
951 1455 1090 1529 quoniam
1112 1456 1139 1512 P

75 1560 170 1624 deest)
192 1559 229 1614 in
250 1558 408 1632 peditus,
431 1559 497 1616 dein
510 1557 618 1616 factum
641 1560 935 1636 inpediendum
953 1561 1078 1629 XXIII,
1094 1563 1139 1628 17,

78 1669 93 1719 l
117 1682 173 1738 pro
197 1663 299 1719 uidet
320 1664 457 1739 seriptum
481 1674 525 1720 est
545 1665 645 1733 inde,
668 1675 728 1721 tum
760 1665 889 1722 additum
911 1666 1005 1740 ipsum
1029 1664 1139 1721 uidet.

76 1769 201 1836 XXIII,
225 1770 253 1838 9,
279 1773 311 1825 11
338 1788 425 1842 quum
449 1767 631 1824 scribendum
658 1778 734 1824 esset
756 1769 978 1827 defectionis
1001 1769 1044 1825 ab
1068 1771 1138 1827 uo-

75 1873 348 1948 manis,primun1
371 1875 497 1948 positum
521 1883 564 1930 eat
585 1871 796 1930 defectione
819 1877 875 1945 (ob
899 1893 977 1932 eum
1000 1875 1075 1931 male
1096 1876 1139 1932 in·

75 1977 250 2050 tellectum),
283 1979 386 2036 deinde
408 1979 437 2035 in
460 1979 593 2035 addendo
616 1978 671 2034 nis
693 1979 734 2036 sio
758 1981 941 2048 aberratum,
976 1991 1006 2036 ut
1030 1967 1140 2037 ¹nusce-

74 2095 155 2141 retur
177 2082 562 2142 delectioneiuiasanb
593 2085 629 2142 R.
682 2087 783 2156 Atque
810 2085 871 2140 luae
893 2103 950 2141 non
972 2086 1002 2142 in
1027 2087 1052 2142 P
1075 2097 1141 2142 ortu

72 2187 196 2262 (saltem
218 2207 276 2245 non
300 2189 430 2262 omnia),
461 2189 512 2246 aed
535 2189 565 2246 in
588 2188 751 2262 antiquiore
778 2188 895 2256 codiee,
925 2190 1139 2264 apertissimum

73 2297 110 2351 lit
130 2295 161 2350 in
183 2294 268 2350 huius
289 2295 355 2351 libri
377 2313 402 2353 c.
426 2299 485 2364 41,
523 2299 554 2362 7;
590 2294 630 2350 ibi
658 2292 734 2350 enim
766 2311 802 2348 ex
839 2294 992 2350 mediam
1028 2294 1137 2352 factum

72 2400 239 2456 aberrando
275 2409 303 2456 et
332 2399 503 2474 corrigendo
526 2399 757 2468 mediumam3
790 2398 892 2455 deinde
914 2417 1007 2455 novus
1031 2398 1138 2468 scriba,

71 2523 164 2578 quum
186 2523 245 2560 non
266 2505 406 2574 haberet,
429 2506 498 2579 quid
520 2505 634 2581 syllaba
656 2523 708 2560 am
730 2503 855 2570 faceret,
879 2501 983 2573 effecit,
1007 2505 1086 2579 quod
1107 2505 1136 2560 in

74 2609 100 2665 P
125 2619 185 2679 eet,
208 2610 361 2666 medium
385 2629 532 2680 amnem,
568 2629 605 2666 ex
630 2627 688 2683 quo
712 2608 742 2664 in
765 2607 788 2664 C
811 2627 829 2664 a
851 2627 938 2665 manu
964 2627 1030 2678 see,
1054 2609 1084 2665 in
1106 2609 1138 2665 M

71 2714 237 2788 ceterisque
259 2712 369 2772 factum
396 2716 547 2772 modium
585 2733 724 2789 agmen.
774 2712 850 2770 Illud
878 2715 999 2785 mirum,
1030 2733 1087 2770 uno
1110 2723 1139 2770 et

73 2819 168 2875 altero
190 2817 256 2876 loeo
277 2833 363 2877 rectae
384 2821 502 2896 syllabae
526 2819 718 2896 postpositam
743 2837 885 2893 pravam,
915 2829 948 2875 ut
969 2819 997 2876 in
1027 2820 1083 2876 hoe
1104 2818 1139 2874 li-

73 2924 127 2980 bro
151 2942 177 2980 c.
201 2927 251 2993 35,
274 2929 290 2982 l
314 2927 411 2983 isius
432 2946 487 3001 pro
506 2928 537 2983 is
559 2934 588 2983 et
610 2924 737 2990 XXIV,
763 2927 815 2992 16,
844 2927 860 2980 3
886 2929 1012 3000 (pugna)
1035 2924 1139 2981 inex·

72 3029 247 3104 peditior
276 3049 330 3105 pro
352 3031 571 3106 inpeditior,
602 3029 681 3104 quod
703 3028 838 3085 vocabuli
860 3041 1020 3086 monstrum
1043 3029 1139 3086 Weis-

71 3135 249 3192 aenbomius
274 3136 392 3193 retinuit
413 3137 653 3212 comparentque
675 3152 740 3191 oum
763 3153 817 3204 eo,
847 3135 925 3209 quod
957 3147 1000 3192 est
1030 3136 1138 3192 inex-

72 3241 311 3316 superabilis.
367 3243 483 3318 (Neque
512 3239 860 3316 inexsuperabilior
880 3242 1023 3316 reperitur
1045 3251 1074 3298 et
1095 3241 1140 3297 di-

73 3357 192 3414 cuntur,
214 3344 296 3401 verbi
320 3365 425 3416 cansa,
455 3349 568 3424 Alpes
590 3345 926 3419 inexsuperabiles,
949 3365 1012 3421 quoe
1037 3365 1139 3403 exau·

72 3449 199 3523 peruri
219 3469 277 3506 non
299 3463 434 3526 possunt3
455 3473 554 3530 pugna
575 3451 749 3528 expedita
771 3463 799 3506 et
820 3450 985 3525 inpedita
1007 3461 1059 3521 est,
1081 3470 1141 3508 non

73 3589 294 3665 expeditur.)
338 3591 444 3650 Fuitne
465 3593 495 3650 in
516 3556 849 3708 a1·chetypoi¹u⁸s‚{¹;?
961 3591 1021 3650 Sub
1054 3593 1141 3648 finem

70 3739 180 3814 capitia
213 3740 240 3813 (ξ
269 3743 335 3816 13),
359 3743 408 3801 ubi
439 3743 693 3800 Weissenbornius
720 3742 845 3800 fortasse
872 3742 1056 3800 scribendum
1086 3741 1141 3799 ait:

68 3844 103 3900 ai
125 3845 227 3901 insta
256 3865 296 3904 ao
324 3849 473 3906 directa
500 3866 620 3924 pugna
651 3848 792 3907 fuisset
814 3850 881 3925 (pro
904 3849 991 3906 aeni
1013 3845 1141 3922 reeta),

69 3961 193 4026 poterat
215 3952 358 4010 adnotare
379 3971 444 4010 eam
472 3954 667 4012 coniecturam
696 3974 714 4012 a
744 3975 790 4012 me
821 3955 899 4030 apud
930 3953 1141 4030 Ingeralevium

68 4057 222 4132 proditam
248 4075 321 4118 esse.
374 4057 410 4114 Id
433 4057 475 4115 ibi
503 4077 561 4115 non
588 4078 759 4134 posueram,
791 4064 806 4128 ξ
842 4061 875 4116 12
903 4077 1024 4135 prorant
1053 4057 1145 4114 inusi-
