2810 4644
244 235 424 285 uraxxvrr.
725 240 784 296 ³28

226 439 330 478 menos
350 431 425 490 sunt,
455 417 592 498 (apparet
623 420 698 478 enim
719 419 877 480 desiderari
897 423 1016 480 verbum
1039 433 1192 498 postremae
1213 440 1280 480 sen-

227 527 332 596 tentiae,
355 527 400 584 cui
422 527 595 603 adiungatur
616 527 868 601 transiturus,)
898 529 979 586 varie
1014 529 1157 606 corrigere
1183 537 1281 586 tenta-

227 641 293 690 runt
316 651 368 690 nec
390 643 510 691 conatus
531 634 586 691 uisi
607 633 699 691 veteri
724 633 820 691 nescio
852 635 898 692 oui
932 628 1108 692 emendatori
1129 633 1282 708 inprimis

226 739 323 796 verbis
344 737 466 797 feliciter
489 741 635 798 suecessit.
678 739 868 814 Perspicuum
889 749 942 808 est,
972 749 1040 816 post
1060 739 1209 815 superiora
1228 738 1283 796 illa

229 843 255 923 (ξ
279 846 309 916 8)
330 845 434 920 signa
455 845 547 904 ferri
567 845 693 912 iussit,
722 863 780 902 non
816 864 903 920 posse
932 847 1035 904 iterum
1064 843 1281 904 Hasdrubalem

227 950 304 1006 nude
329 949 413 1025 signa
434 948 503 1008 ferri
524 951 642 1008 iussisse
663 951 786 1020 narrari,
807 952 858 1008 sed
879 971 944 1009 cum
968 951 1066 1026 abqua
1088 949 1283 1008 adiunctione.

228 1055 276 1112 Ex
315 1055 364 1112 illo
403 1066 513 1114 autem:
557 1075 661 1130 quum
790 1057 1052 1132 processisset,
1097 1055 1283 1134 menifestum

229 1171 281 1231 est,
312 1180 392 1230 eum,
424 1163 543 1220 ducibus
574 1161 696 1231 amisus,
729 1171 826 1219 tamen
858 1163 951 1238 primo
981 1172 1114 1220 conatum
1135 1180 1198 1220 esse
1218 1161 1285 1219 sine

228 1268 348 1325 ducibus
389 1269 537 1344 progredi;
579 1267 610 1325 id
648 1286 706 1343 que
744 1269 857 1326 ratione
894 1267 991 1325 facere
1024 1266 1182 1334 studuerit,
1224 1265 1285 1324 illis

229 1374 326 1432 verbis
363 1375 470 1449 signa
504 1373 596 1431 ferri
629 1383 682 1430 cet
714 1373 883 1434 declaratur.
942 1375 1045 1448 Itaque
1077 1374 1137 1429 hec
1167 1371 1286 1428 ridetur

229 1479 319 1538 fuisse
340 1481 396 1537 loci
416 1478 526 1536 forma:
556 1477 781 1546 Hasdrubal,
814 1479 892 1536 dum
919 1479 980 1536 lux
1001 1479 1095 1536 viam
1118 1478 1284 1534 ostende·

229 1595 284 1644 ret
304 1585 357 1662 (sio
378 1585 437 1642 iam
458 1585 488 1641 in
509 1585 620 1659 aliquot
634 1585 824 1642 deterioribus
839 1585 985 1642 codicibus
1000 1582 1155 1658 scribitur),
1177 1582 1285 1658 signa

230 1693 320 1754 lerrl
353 1691 455 1752 lubet
486 1709 550 1766 per
589 1691 750 1746 tortuosi
787 1692 902 1748 amnis
944 1691 1042 1748 sinus
1074 1687 1285 1762 flexusque3

231 1815 334 1871 quum
355 1815 514 1852 errorem
543 1795 694 1853 volvens
726 1797 822 1853 haud
849 1797 999 1854 multum
1026 1793 1285 1872 processisset,

232 1899 445 1981 [substitit,]
469 1902 529 1960 ubi
560 1901 675 1977 prima
706 1900 772 1958 lux
805 1903 1002 1960 transitum
1040 1909 1285 1976 opportunum

232 2007 467 2077 ostendisset,
496 2007 737 2067 transiturus.
798 2008 861 2065 Iam
900 2008 998 2065 omnia
1031 2017 1107 2064 recte
1139 2008 1287 2064 cohaerent

230 2113 329 2188 reique
350 2113 422 2170 ordo
444 2121 574 2188 apparet.
618 2113 746 2170 Primum
769 2113 946 2182 Hasdrubal,
967 2113 1080 2188 longius
1103 2132 1121 2169 a
1142 2111 1286 2170 Romanis

232 2218 396 2276 discedendi
416 2219 551 2294 cupidus,
584 2237 677 2292 usque
706 2220 774 2277 durn
807 2220 858 2276 lux
878 2220 992 2277 reddite
1012 2220 1088 2276 viam
1113 2218 1289 2288 ostenderet,

232 2325 304 2402 (turn
335 2325 409 2382 enim
442 2343 534 2382 caecae
566 2326 691 2382 tenebrae
712 2324 821 2400 erant,)
860 2325 950 2401 ipsius
971 2325 1051 2382 fluvii
1072 2323 1204 2398 quamvis
1225 2331 1289 2378 tor·

231 2430 307 2487 tuosi
328 2430 406 2488 sinus
428 2431 509 2505 sequi
531 2431 694 2500 constituit,
715 2431 743 2488 id
767 2450 854 2507 quum
879 2431 962 2490 nimis
984 2428 1196 2498 essetdIfficile,
1217 2429 1290 2485 sub·

232 2537 313 2594 stitit.
357 2537 405 2594 Ex
426 2537 494 2594 iam
516 2538 747 2595 ostendentis
775 2538 817 2611 (in
850 2556 907 2612 quo
938 2538 1001 2594 duee
1028 2547 1162 2594 extremm
1184 2535 1289 2592 litterae

181 2629 188 2646 ⁹
232 2642 389 2718 exprimis
410 2641 439 2698 in
468 2643 574 2717 signa
603 2651 673 2700 ortae
703 2641 781 2718 sunt)
808 2653 886 2701 recte
915 2643 1083 2700 emendator
1110 2641 1158 2698 ille
1192 2639 1290 2698 effecit

232 2750 324 2806 viam
346 2747 571 2817 ostenderet;
602 2747 704 2805 deinde
727 2760 761 2806 et
793 2749 904 2819 sustuli,
936 2759 1029 2806 ortum
1053 2747 1227 2824 geminando
1249 2765 1289 2802 ex

232 2855 339 2912 iubet.
392 2855 491 2927 Atque
519 2853 574 2910 hoo
603 2853 708 2928 signa
739 2853 830 2912 ferri
862 2855 962 2913 iubet
997 2873 1060 2930 per
1186 2851 1288 2908 sinus

232 2977 352 3036 prorsus
381 2969 489 3016 certum
522 2969 574 3020 est.
637 2955 751 3036 Signa
786 2960 878 3019 ferri
914 2961 980 3036 (pro
1015 2959 1127 3028 ferre,
1164 2966 1228 3015 orto
1250 2975 1289 3014 ex

233 3064 421 3135 lorriubet)
443 3063 622 3122 scribendum
646 3076 708 3122 erat
729 3076 761 3124 ut
782 3073 797 3138 ς
819 3070 848 3137 9,
869 3077 901 3124 ut
921 3067 1074 3135 XXVIII,
1099 3067 1124 3130 l,
1147 3067 1164 3121 9
1188 3074 1216 3121 et
1243 3067 1289 3132 lb,

237 3174 263 3239 1,
285 3177 316 3224 ut
338 3187 458 3244 semper.
510 3171 544 3228 In
573 3172 712 3247 proximis
734 3174 830 3231 verbis
852 3172 1032 3230 scribendum
1050 3181 1135 3248 puto:
1178 3187 1288 3244 quan-

234 3283 303 3330 tum
326 3293 344 3330 a
366 3275 454 3332 mari
476 3277 706 3335 abscedebat.
752 3281 854 3355 Inepte
875 3299 971 3336 rnare
997 3277 1194 3335 abscedere
1218 3274 1287 3332 dici-

235 3389 289 3449 tur,
312 3399 398 3455 quum
422 3382 517 3456 agitur
540 3383 575 3440 de
597 3384 669 3440 duce
691 3393 719 3441 et
740 3386 867 3442 exercitu
890 3387 926 3442 ab
948 3383 1083 3441 inferiore
1097 3389 1180 3458 parte
1195 3381 1287 3438 amnis

235 3485 272 3542 ad
295 3487 445 3562 superiora
468 3507 567 3546 versus
588 3491 643 3547 iter
664 3489 789 3562 facienti,
812 3491 854 3548 ita
875 3500 907 3547 ut
927 3509 1006 3546 mare
1028 3485 1117 3546 oculis
1139 3503 1197 3542 non
1219 3485 1287 3542 sub-

235 3591 337 3648 iectum
359 3587 435 3665 sit.¹)

254 3841 278 3908 ¹)
303 3843 366 3910 Cap.
385 3850 461 3905 49,2
489 3861 571 3909 neque
604 3847 743 3910 regendi
767 3861 842 3916 apes
867 3855 934 3896 recte
952 3846 1045 3894 dieitur
1062 3861 1108 3909 pro
1126 3845 1288 3907 regimine

305 3953 387 4001 neque
405 3939 512 3986 uincit
529 3953 627 4003 spem,
647 3941 691 4003 qui
710 3940 784 3989 tollit.
820 3939 916 3988 Verum
935 3947 980 3997 est,
1000 3938 1068 4002 quod
1080 3937 1289 3988 Weissenbornio

306 4029 332 4076 in
350 4037 461 4078 mentem
479 4031 545 4078 venit
564 4033 682 4095 quodque
700 4033 754 4096 ipse
772 4032 934 4082 adnotarem:
960 4031 1013 4080 ubi
1032 4030 1182 4092 regentia
1203 4043 1288 4095 spre-

306 4120 438 4170 vireant.
