2826 4650
773 213 812 271 28

262 397 334 456 illud
355 397 476 456 Latinas
507 413 594 453 voces
624 395 838 472 qualescunque
866 395 1009 454 efficiendi
1030 397 1156 455 studium
1182 415 1239 454 non
1271 416 1326 455 nu·

263 509 373 576 mero),
401 503 551 562 rarissime
570 502 694 578 vestigia
714 512 780 559 sont
803 521 856 560 nec
877 513 974 559 tamen
994 501 1083 560 nulla.
1125 503 1204 560 Nam
1215 503 1274 574 v1,
1297 505 1326 575 2,
1399 509 1400 512 ’

264 615 386 685 bqnum
403 609 504 668 Livius
526 609 696 684 scripsisset,
718 608 797 684 quod
818 608 847 665 in
873 609 1061 666 deterioribus
1082 607 1228 666 codicibus
1250 627 1326 666 non·

262 715 348 773 nullis
369 717 534 774 coniectura
553 715 716 772 restitutum
738 723 783 772 eet
803 725 832 772 et
854 733 942 790 quum
961 713 1029 772 olim
1044 723 1105 772 tum
1120 723 1187 790 post
1198 715 1326 774 Grono-
1399 719 1400 788 l

261 823 340 881 vium
371 824 408 880 ad
437 831 538 880 nostra
558 829 692 896 tempora
711 821 835 878 editum:
870 820 1013 897 placuit
1038 820 1172 878 eisdem
1202 822 1327 896 euspi-
1399 847 1400 884 4

262 930 329 988 ciis
352 927 500 986 defendi
521 926 793 1002 rempublicam,
816 925 950 1000 quibus
971 935 1191 1002 recuperate
1212 937 1326 996 esset,

260 1055 315 1113 pro
346 1034 508 1092 eiusdem
537 1033 694 1090 hominis
724 1031 904 1108 auspiciis
936 1031 1034 1088 diceus
1064 1033 1201 1103 eedem,
1233 1043 1327 1108 atquo
1399 1017 1400 1054 ¹

260 1143 328 1200 inde
343 1141 373 1198 iu
389 1139 488 1197 codice
503 1139 660 1214 archetypo
675 1157 734 1196 una
747 1138 844 1195 littera
855 1169 897 1180 -
918 1138 1024 1195 calami
1047 1157 1085 1196 au
1104 1139 1192 1196 animi
1214 1159 1327 1212 errore,

260 1245 377 1306 dicam?
407 1277 446 1288 -
481 1244 590 1314 addita,
609 1253 703 1302 ortum
727 1253 812 1314 esset,
835 1243 913 1318 qnod
934 1243 963 1300 in
985 1245 1059 1302 PHl
1085 1246 1207 1308 mansit:
1230 1247 1326 1304 aius·
1399 1239 1400 1276 ³

260 1354 336 1411 dam
358 1350 596 1426 auspiciis-
618 1350 762 1425 quibus,
783 1351 813 1408 in
834 1351 910 1408 MLl
935 1349 999 1407 aliis
1020 1349 1128 1410 factum
1151 1361 1206 1409 est:
1228 1353 1325 1410 cius·
1399 1351 1400 1360 ’

260 1461 336 1518 dem
367 1455 547 1534 auspiciis
578 1487 619 1500 --
653 1455 755 1513 cuius
786 1455 874 1530 idque
904 1475 997 1532 nuper
1026 1458 1199 1532 probatum,
1232 1467 1325 1534 quani
1399 1499 1400 1554 p

259 1565 385 1624 fonnem
406 1564 431 1620 si
454 1561 554 1619 Livius
576 1570 690 1618 secutus
712 1571 804 1632 esset,
827 1569 878 1618 aut
897 1562 1053 1620 hominis
1075 1575 1125 1620 ent
1145 1564 1217 1622 viri
1238 1567 1325 1623 addi-
1399 1559 1400 1584 l

260 1674 357 1731 disset.
411 1668 579 1728 Admodum
602 1667 689 1724 etiam
711 1676 875 1742 suspectum
897 1677 956 1739 est,
978 1669 1057 1743 quod
1078 1669 1125 1742 X,
1151 1672 1196 1742 13,
1221 1673 1249 1742 3,
1272 1671 1325 1730 nbi
1399 1731 1400 1734 ,

258 1778 288 1836 in
310 1776 413 1835 ceteris
434 1774 581 1832 codicibus
603 1773 736 1830 omnibus
751 1782 811 1830 eet:
835 1774 1034 1832 exercitum
1056 1776 1240 1834 Lucanum
1262 1781 1325 1836 ho·
1399 1751 1400 1762 ἵ

259 1893 349 1941 stem
372 1887 635 1956 comparatum,
663 1879 696 1936 M
717 1897 791 1936 unus
812 1879 901 1938 habat
921 1880 1120 1938 exercitum
1142 1883 1324 1942 adversus
1399 1903 1400 1934 l

258 1990 343 2047 Luc.
365 1989 395 2045 h.
418 2005 529 2062 comp.
577 1985 702 2042 Videtur
723 1987 797 2042 enim
819 1987 925 2062 potius,
947 1987 1026 2062 quod
1045 1987 1213 2046 Gronovius
1234 1989 1324 2048 intel-

257 2095 346 2166 lexit,
378 2094 413 2152 in
442 2101 510 2168 post
535 2113 562 2155 m
588 2085 771 2166 excidisse1).
835 2094 894 2166 (De
926 2093 1016 2150 altera
1039 2112 1126 2150 manu
1148 2094 1255 2153 codicis
1278 2097 1323 2166 Μ,

259 2219 323 2278 quae
351 2199 494 2257 interdum
520 2198 597 2255 levia
623 2197 729 2254 urende
755 2208 832 2256 recte
859 2199 987 2270 sustulit,
1020 2198 1162 2256 interdum
1191 2200 1322 2276 interpo-

257 2305 344 2362 lando
368 2301 506 2379 graviora
526 2302 666 2372 reddidit,
684 2302 755 2360 nihil
776 2304 832 2361 dici
851 2323 925 2380 opus
947 2309 1012 2375 est.)
1054 2305 1151 2366 Unum
1177 2315 1322 2380 superest,
1399 2347 1400 2354 2

259 2409 337 2484 quod
352 2389 404 2464 'ad
440 2407 472 2464 M
504 2408 643 2484 pertinet,
677 2411 978 2480 commemorandum,
1010 2411 1039 2466 in
1072 2411 1196 2485 antiquis
1229 2412 1322 2469 seculi

258 2515 349 2592 quinti
371 2515 475 2571 decimi
496 2513 684 2583 adit-ionibus,
715 2515 752 2573 ad
773 2532 846 2590 ques
867 2516 1035 2572 tractandas
1057 2516 1145 2574 otium
1168 2517 1239 2574 mihi
1259 2535 1321 2575 non

257 2621 311 2680 fuit
363 2621 490 2696 (copiam
536 2619 611 2676 enim
648 2622 718 2679 satis
754 2621 882 2698 amplam
917 2621 1107 2696 prsebuisseat
1136 2621 1321 2680 bibliotheca

256 2725 390 2802 nostra),
441 2743 510 2782 raro
552 2743 656 2801 sparse
693 2747 835 2803 apparere
874 2727 996 2803 vestigia
1034 2729 1166 2803 quaedam
1209 2729 1321 2788 codicis

255 2833 388 2892 Modioeo
419 2841 448 2889 et
468 2831 667 2888 vormatiensi
694 2833 800 2908 exigua
828 2852 864 2890 cx
890 2843 973 2909 parte
1004 2833 1113 2891 similis.
1178 2835 1256 2892 Nam
1286 2845 1321 2893 nt

256 2939 386 2997 omittam
409 2939 448 3006 V,
472 2939 521 3008 46,
545 2940 562 2992 5
585 2937 664 2993 omni
686 2947 816 3013 tempore
838 2938 945 2996 editum
967 2957 1045 3009 esse,
1077 2939 1154 3014 quod
1177 2960 1214 2998 ax
1237 2941 1320 2999 codi-

255 3044 336 3102 cibus
356 3043 433 3101 notie
463 3040 510 3098 ille
536 3060 610 3099 unus
632 3043 736 3114 habet,
774 3044 924 3120 corpori
950 3045 1075 3102 valido
1111 3044 1220 3122 (potest
1240 3047 1319 3103 enim

255 3150 421 3208 coniectura
442 3167 478 3205 aa
499 3151 585 3224 esse),
607 3147 751 3206 nonnullae
773 3149 813 3208 ibi
836 3159 902 3208 eunt
923 3150 1051 3227 duplices
1072 3151 1229 3226 scriptura,
1252 3169 1319 3225 qnae

242 3265 396 3331 praterea
422 3254 452 3309 in
473 3253 537 3310 solo
559 3254 591 3310 M
612 3267 733 3330 reperta
754 3264 838 3326 sunt,
869 3264 902 3312 ut
922 3257 987 3324 111,
1024 3259 1077 3328 62,
1108 3257 1126 3314 2
1155 3256 1318 3314 consilio

324 3554 352 3618 (ξ
377 3559 393 3604 8
418 3553 475 3603 sola
497 3555 734 3604 medicamente
766 3555 1019 3619 commemorantur.)
1056 3555 1168 3606 Tantum
1201 3569 1316 3606 errorum

323 3647 423 3713 peperit
442 3646 618 3712 superstitiose
636 3649 725 3713 optimi
744 3649 841 3698 codicis
859 3649 996 3699 veneratio.

826 3761 912 3812 altus

271 3823 296 3893 ¹)
320 3828 351 3878 ln
368 3829 403 3890 X,
422 3835 446 3890 9,
468 3836 483 3880 8
503 3833 529 3880 in
553 3831 693 3896 archetypo
717 3831 797 3882 inisse
822 3833 942 3881 arduus
966 3839 1064 3896 atque
1087 3833 1117 3884 in
1138 3842 1230 3897 perte
1254 3851 1315 3885 una

322 3935 482 3988 preceps,
501 3931 619 3988 apparet,
646 3925 792 3988 quodcum
812 3925 841 3974 Μ
859 3926 886 3974 in
904 3925 1023 3974 addendo
1041 3926 1128 3975 altus
1153 3929 1315 3978 consentiunt

321 4013 359 4063 Ll
380 4021 406 4063 et
422 4029 470 4064 sex
487 4023 617 4080 septemve
635 4017 782 4068 deteriores.
818 4017 840 4067 P
857 4024 926 4068 reete
943 4019 1112 4082 pretermisit.
