2810 4644
553 291 608 348 301
913 289 970 338 Lib.
990 289 1077 338 XXV.

42 469 160 527 facile
181 481 260 527 erat
281 471 524 529 traditisdibi
560 491 638 530 oum
661 471 806 530 amoliti
829 472 979 530 obieeta
1002 491 1113 530 onera

43 575 204 632 armatis
226 576 418 634 dedissent
438 578 532 635 viam
556 577 813 653 pluribusque
833 578 924 635 idem
943 579 1115 653 partibus

44 680 171 750 lieret,
192 691 301 757 capta
330 682 398 740 iam
420 683 582 758 undique
604 693 731 741 eastra
763 693 865 740 arant
898 692 953 743 cet.
1016 683 1113 742 SieP

44 790 99 857 (ex
121 787 155 844 M
177 786 330 843 traditis
352 787 406 845 ibi
428 788 593 858 1110101111,
616 810 653 848 ex
668 789 732 846 aliis
748 789 902 846 traditis
924 789 997 858 diu;
1019 807 1114 846 amo-

43 894 109 950 liti
130 891 255 967 omnes).
302 891 380 951 Olim
408 894 546 951 edebant:
580 939 607 954 ..
641 895 757 952 facile
785 905 874 954 erat.
930 895 1113 952 Tardatis

44 1001 107 1056 diu
135 1017 240 1073 quum
262 999 418 1056 amolita
445 1001 595 1058 obieeta
617 1011 681 1070 cet,
714 1000 845 1057 oratione
881 1019 939 1057 non
962 1002 1040 1058 bona
1072 1002 1113 1077 (in

45 1105 166 1172 dativo,
197 1104 227 1160 in
255 1105 410 1162 amolita
436 1106 554 1181 passive
584 1107 708 1182 posito),
743 1105 885 1161 sententia
914 1105 1006 1175 nulla;
1036 1107 1114 1180 quod

46 1211 124 1268 enim
149 1210 293 1284 sequitur:
325 1211 419 1267 idem
455 1211 579 1282 lieret,
612 1212 738 1270 ostendit
769 1211 816 1268 hic
848 1210 990 1268 rationem
1024 1229 1115 1270 onera

45 1315 206 1372 amoliendi
228 1313 384 1372 indicatam
407 1315 504 1376 fuisse.
547 1321 648 1393 Atque
663 1319 718 1374 hoc
740 1316 887 1374 sententie
909 1317 1010 1373 vitium
1024 1318 1115 1374 hoeret

46 1423 137 1478 etiam
160 1421 189 1478 in
212 1441 256 1490 ea,
278 1441 366 1496 quam
391 1423 648 1480 Weissenbornius
679 1444 697 1480 a
721 1423 852 1480 codicum
875 1422 1005 1498 vestigiis
1027 1423 1114 1498 longe

47 1527 189 1584 recedens
203 1525 369 1584 dubitanter
391 1530 522 1600 tentavit,
545 1530 723 1586 correctione
754 1526 880 1600 (facile
902 1537 982 1584 erat
1004 1529 1113 1604 trepi-

46 1633 238 1691 dantibus.
282 1631 366 1690 Cnm
399 1633 642 1709 amoliticet.).
685 1634 733 1690 Ex
755 1633 825 1702 11111,
848 1651 912 1708 quae
934 1633 1003 1702 dixi,
1025 1635 1112 1692 vesti-

45 1739 105 1814 giis
128 1737 191 1794 erui
215 1755 301 1812 posse
322 1738 437 1796 videtur
459 1741 496 1797 sd
518 1760 578 1798 rem
601 1748 736 1816 perapte:
760 1737 872 1796 facile
896 1748 984 1798 erat.
1028 1741 1113 1802 ’111-

47 1843 908 1918 101101(1111011011)1111111001011101111001.
938 1846 1114 1904 Trudibuse

45 1951 210 2025 longinquo
222 1949 369 2006 trudentes
379 1967 549 2026 compagem
567 1961 596 2008 et
617 1971 722 2027 saepem
745 1950 914 2007 clitellarum
938 1970 1115 2027 onerumqne

44 2057 190 2112 laxarunt
210 2065 239 2110 at
261 2055 371 2112 amoliti
397 2067 472 2116 sunt.
531 2057 691 2116 Sudibns
713 2057 828 2132 quidem
844 2057 872 2113 in
895 2057 997 2114 litteris
1019 2059 1115 2116 sdibi

46 2163 144 2218 latere
165 2179 257 2235 prope
279 2171 387 2219 certum
410 2163 534 2219 videtur.

134 2263 208 2340 Cap.
232 2267 286 2335 37,
323 2271 352 2324 ll
381 2270 430 2342 (de
452 2270 594 2328 Romanis
623 2269 718 2326 subito
744 2287 763 2324 a
784 2287 916 2326 moerore
938 2279 967 2326 et
989 2271 1113 2344 querelis

45 2373 85 2430 ad
109 2381 281 2448 oppugnata
310 2392 328 2428 a
349 2375 457 2431 Poenis
484 2383 581 2431 castra
613 2373 795 2430 defendenda
824 2373 1000 2449 conversis):
1024 2375 1112 2432 lude

44 2495 158 2536 verso
179 2487 334 2552 repente
355 2479 390 2536 in
413 2480 501 2536 iram
525 2480 625 2536 luctu
652 2479 870 2536 discurrunt
891 2479 934 2536 ad
957 2498 1057 2536 arma
1073 2499 1113 2538 ec

45 2583 166 2640 veluti
202 2584 349 2641 accensi
386 2585 488 2642 rabie
527 2585 740 2640 discurrunt
773 2585 817 2641 ad
848 2593 978 2659 portas
1016 2593 1049 2640 et
1078 2585 1113 2642 in

45 2693 191 2748 hostem
225 2689 459 2764 negligenter
492 2699 606 2764 atque
636 2690 881 2766 incomposite
909 2689 1113 2745 venientem

47 2797 255 2853 incurrunt.
306 2794 391 2868 Qtrod
415 2795 532 2869 qnidam
555 2796 731 2866 adscribunt,
756 2795 882 2851 eiusdem
905 2793 1114 2870 1001110ροῐί-

46 2897 308 2958 110110111111110
331 2917 387 2956 non
410 2901 539 2958 studiose
562 2902 664 2970 vitari,
687 2918 834 2975 nunquam
857 2910 916 2957 tam
939 2899 1025 2957 foede
1046 2919 1115 2957 ean-

48 3009 115 3064 dem
139 3005 266 3062 formam
289 3004 416 3062 eiusdem
439 3007 520 3064 verbi
543 3007 714 3082 interposita
735 3005 936 3063 coniunctione
958 3006 1117 3081 geminavit

48 3111 284 3186 (discurrunt
313 3157 341 3170 ..
370 3129 411 3167 ac
439 3154 466 3172 ..
497 3111 740 3182 discurrunt).
763 3111 876 3168 adiecto
899 3113 984 3170 etiam
1009 3131 1045 3168 ex
1067 3131 1116 3168 oa-

48 3219 114 3274 dem
138 3216 238 3274 radice
259 3216 395 3273 simillimi
415 3217 479 3273 soni
504 3217 594 3272 verbo
618 3216 667 3288 (et
701 3259 730 3274 ..
758 3215 973 3293 incurrunt).
1021 3221 1116 3275 Acce-

48 3325 90 3380 dit
114 3322 196 3380 alind
218 3321 313 3379 mendi
335 3323 482 3392 indicium,
505 3322 583 3396 quod
608 3339 703 3397 prava
723 3321 895 3396 gradatione
917 3323 991 3378 inter
1005 3323 1116 3380 discur-

49 3449 113 3486 sum
138 3429 176 3484 ad
200 3445 282 3484 arma
305 3439 334 3484 et
355 3427 392 3484 ad
414 3435 516 3502 portas
537 3428 762 3503 interponuntur
782 3427 846 3483 illa:
868 3427 969 3484 velut
993 3446 1117 3484 accen-

50 3536 79 3591 si
102 3534 228 3605 rabie,
250 3551 315 3608 quse
335 3533 455 3608 propius
478 3533 598 3590 intuenti
621 3533 775 3609 apparebit
797 3533 834 3589 ad
856 3533 994 3608 impetum
1015 3533 1044 3589 in
1064 3535 1117 3590 ho·

50 3651 124 3697 stem
155 3639 308 3715 pertinere.
365 3639 434 3697 Sine
462 3639 551 3698 dubio
585 3639 684 3698 Livius
720 3638 790 3695 nihil
820 3637 874 3694 nisi
898 3639 959 3696 haec
991 3639 1119 3714 scripsit:

51 3745 270 3802 discurrunt
297 3744 341 3800 ad
364 3763 464 3800 arma
488 3763 579 3802 1101.
602 3763 674 3806 aec.
698 3744 800 3800 rabie
829 3743 864 3800 in
892 3745 1033 3801 hostem

51 3851 255 3908 incurrunt.
313 3849 437 3908 Addidit
465 3849 516 3908 illa
539 3851 625 3910 disc.
648 3850 691 3906 ad
712 3851 896 3924 portas'et
917 3850 1040 3924 aliquis,
1069 3850 1118 3924 qni

51 3959 211 4034 pleniorem
234 3957 275 4014 rei
297 3957 426 4014 ordinem
450 3966 480 4013 et
501 3957 596 4013 exitus
619 3977 635 4013 0
657 3955 760 4014 castris
782 3957 955 4013 mentionem
972 3957 1118 4014 desidero-

52 4065 107 4129 uit:
142 4063 242 4122 Livius
274 4063 297 4120 si
329 4071 429 4138 portas
466 4063 736 4120 commemorandas
765 4071 911 4138 putasset,
943 4062 1121 4137 scripsisset:
