2820 4646
250 227 307 276 Lib.
327 225 426 277 XLIV.
752 229 812 288 580

250 411 391 490 appellari
412 421 551 490 possunt,
582 431 670 489 quum
692 411 826 470 universe
849 411 1041 488 significetur,
1054 414 1191 476 Gentium
1204 439 1241 476 eo
1257 421 1320 477 iam

249 519 437 596 perductum,
467 527 501 576 ut
518 519 625 578 bellum
647 535 712 574 oum
731 516 873 574 Romanis
900 519 1065 576 necessario
1092 522 1243 598 suscipiat,
1266 545 1320 583 ne·

251 646 307 704 que
338 624 586 684 necessitates
622 623 666 688 ad
697 622 837 681 bellum
870 623 1088 682 contrahere
1125 627 1325 688 tolerabiliter

249 732 355 790 dicitur
387 749 482 806 neque
512 730 639 806 utique
670 747 736 786 cum
760 729 942 786 substantivo
970 730 1153 790 coniunctum
1176 734 1319 794 Latinum

249 847 308 910 est;
341 838 421 911 (nam
455 835 566 894 sicum
588 837 679 893 verbo
710 835 885 909 coniungere
917 855 1038 908 conare,
1071 841 1216 898 sententia
1247 843 1322 900 erit:

249 945 377 1020 utique
399 943 441 999 ad
465 941 614 1012 bellum,
635 941 665 998 si
686 959 755 998 uon
777 941 820 998 ad
842 941 950 999 oliam
965 963 1054 1014 rem,
1074 945 1131 1002 hoc
1152 955 1205 1017 est,
1232 947 1320 1024 inep-

250 1047 384 1123 tissima).
434 1047 470 1104 In
491 1047 591 1106 codice
613 1055 671 1104 est:
699 1046 934 1104 contraxisse
961 1067 1038 1106 eum
1061 1053 1318 1110 necessitatis.

250 1153 438 1216 Scribendum
472 1162 529 1211 est:
565 1151 800 1210 contraxisse
832 1171 907 1210 eum
948 1157 1187 1215 necessitatis
1219 1161 1320 1222 salla

250 1280 291 1320 ac
313 1259 537 1324 bellatum
558 1259 685 1334 utique
708 1275 784 1315 cum
807 1259 990 1318 Romanis.

333 1367 408 1444 Cap.
425 1368 475 1428 28.
512 1365 615 1423 Livius
635 1367 815 1422 Antenorem
834 1375 863 1422 et
887 1363 1051 1444 Callippum
1075 1389 1092 1426 a
1114 1371 1226 1427 Perseo
1249 1389 1318 1428 cum

251 1475 310 1533 XL
346 1473 448 1532 lembis
480 1469 630 1530 Tenedum
664 1469 784 1540 missos,
816 1480 848 1528 ut
876 1470 943 1529 inde
976 1475 1070 1550 sparsi
1093 1493 1145 1551 per
1168 1473 1319 1551 Cycladas

249 1581 359 1639 msulae
381 1597 471 1638 naves
493 1575 698 1634 Macedoniam
726 1595 791 1634 cum
813 1576 958 1636 frumento
980 1590 1109 1655 petentes
1141 1591 1318 1654 tutarentur,

251 1695 360 1745 stantes
389 1684 501 1744 Tenedi
532 1683 562 1740 iu
593 1691 679 1758 portu
713 1683 844 1740 Rhodias
871 1702 961 1742 naves
982 1684 1139 1743 incolumes
1171 1687 1319 1746 dimisisse

250 1787 394 1862 narret.¹)
441 1791 519 1848 Tum
542 1789 570 1862 (5
596 1787 628 1861 l)
656 1785 699 1844 sic
726 1787 833 1864 pergit:
862 1789 1019 1866 Cognito
1041 1793 1187 1866 deinde,
1208 1795 1245 1852 in
1266 1795 1316 1850 la-

250 1909 327 1956 tere
349 1897 471 1954 altero
493 1893 632 1968 (Tenedi)
657 1892 929 1970 quinquaginta
954 1899 1145 1956 onerarias
1169 1919 1316 1958 suarum

250 1999 520 2077 (scotomi)
548 1999 714 2058 inclusas
749 2017 847 2070 esse,
881 2002 1123 2062 circumvecti
1156 2025 1319 2081 propere

250 2125 291 2166 ae
313 2107 495 2166 submotis
517 2115 661 2164 terrore
681 2105 841 2164 hostium
864 2107 1019 2166 nauibus
1046 2111 1237 2168 onerarias

249 2217 286 2272 in
309 2213 564 2272 Macedoniam
588 2211 747 2272 mittunt.
791 2211 893 2270 Codex
915 2214 1016 2272 habet:
1038 2216 1315 2276 circumvectus

335 2319 465 2390 mittit3
499 2317 578 2394 quod
600 2337 637 2376 ex
663 2315 713 2374 illo
738 2319 807 2376 oriri
834 2320 885 2378 vix
914 2321 1017 2397 potuit.
1073 2323 1177 2398 Itaque
1205 2324 1316 2394 livius,

250 2445 338 2502 quum
358 2425 440 2484 initio
463 2425 536 2482 duos
559 2423 712 2501 preelectus
727 2424 826 2482 classis
849 2427 933 2502 quasi
954 2427 1094 2503 dignitate
1111 2447 1199 2504 pares
1220 2432 1316 2488 nomi·

249 2541 365 2602 nasset,
397 2531 467 2590 satis
497 2529 676 2607 negligenter
697 2530 742 2587 sui
764 2531 869 2590 oblitus
893 2534 950 2591 ium
982 2534 1028 2592 hic
1050 2535 1088 2592 ad
1109 2553 1196 2591 uuum
1221 2537 1313 2594 Aute-

249 2656 348 2694 norem
371 2637 566 2695 narrationem
590 2637 754 2708 transtulit,
788 2657 872 2712 quern
905 2639 1009 2697 deinde
1039 2640 1067 2696 in
1100 2649 1162 2698 tota
1193 2642 1250 2700 hac
1282 2663 1314 2700 re

251 2761 337 2800 tinum
361 2743 502 2814 nominat,
524 2741 659 2818 Collippo
672 2759 791 2817 prorsus
804 2741 922 2814 omisso,
944 2747 992 2815 §8
1016 2756 1043 2804 et
1063 2751 1097 2804 15
1121 2757 1149 2803 et
1170 2766 1194 2804 c.
1219 2749 1269 2816 29,
1285 2751 1312 2807 3.

249 2849 409 2906 Tollendus
434 2847 537 2906 deinde
561 2853 576 2919 ξ
599 2853 616 2906 6
639 2847 669 2904 iu
693 2847 809 2905 nomine
830 2851 949 2926 proprio
970 2853 1069 2927 gravis
1091 2872 1185 2910 error:
1207 2855 1312 2914 Nono

249 2961 332 3028 post
353 2953 410 3010 die
445 2953 543 3026 (lembi
575 2953 605 3010 in
628 2953 831 3012 Macedoniam
853 2955 944 3030 missi)
978 2957 1021 3014 ud
1055 2957 1209 3016 classem
1243 2960 1311 3018 iam

249 3058 294 3116 ad
317 3057 460 3134 Sigeum
483 3069 641 3117 stantem
657 3059 857 3119 redieruut.
900 3061 989 3120 Inde
1011 3063 1155 3122 Subota
1178 3064 1312 3140 (insula

249 3165 450 3223 interiecta
472 3175 527 3222 est
547 3165 651 3224 131aeae
672 3165 829 3238 etAtlro)
851 3166 1056 3226 traiteiunt
1089 3172 1311 3234 Perversissime

249 3271 427 3330 Subotorum
457 3270 528 3328 situs
559 3270 693 3330 definitur
725 3271 800 3329 inter
827 3272 884 3330 duo
926 3273 991 3332 loca
1013 3275 1163 3335 minimum
1192 3280 1310 3355 triginta

249 3377 385 3436 milliaria
408 3377 643 3455 geographorum
665 3395 806 3436 mensurae
828 3378 975 3449 distantia,
1006 3380 1081 3440 inter
1111 3401 1176 3458 quae
1198 3385 1309 3444 Lesbus

250 3567 446 3578 --——-—-u·-

266 3669 289 3734 ¹)
319 3673 395 3735 Quod
409 3677 435 3724 in
448 3675 535 3722 codice
548 3675 670 3724 scribitur
688 3691 822 3740 sparsa,
841 3692 873 3727 ex
892 3692 923 3726 eo
936 3679 1030 3728 rectius
1047 3679 1182 3730 Creverius
1201 3683 1307 3744 sparsi

319 3767 381 3818 lecit
395 3783 471 3832 qnam
489 3767 716 3819 Drakenboreltius
741 3779 767 3819 et
792 3772 945 3821 recentiores
969 3787 1112 3838 sparsas.
1150 3771 1202 3836 Ipsi
1222 3775 1306 3838 spargi

318 3860 461 3920 debebant,
488 3869 518 3908 ut
541 3875 620 3910 navos
645 3863 803 3912 Alexandria
820 3871 848 3912 ct
865 3863 969 3914 aliunde
987 3867 1119 3915 venientes
1138 3873 1164 3913 et
1182 3863 1307 3930 Cycladas

318 3953 559 4016 praeternavigantes
583 3959 646 4012 tucn
668 3969 770 4018 sparsas
793 3971 839 4019 per
863 3953 1003 4020 Cycladas)
1029 3965 1182 4007 tutarentur.
1219 3959 1306 4024 ltuqua

317 4041 395 4090 lembi
413 4042 508 4092 Delum
527 4043 658 4092 traiieiuut
676 4049 702 4110 (5
723 4049 775 4110 te),
803 4050 895 4098 deiude
912 4063 972 4112 pars
987 4063 1032 4112 per
1050 4045 1179 4112 Cycladas
1195 4053 1306 4117 disponi·

318 4133 531 4197 mmm*
