2826 4650
595 286 633 340 65
1000 279 1058 329 Lib.
1078 279 1114 330 11.

79 467 201 524 foedum
223 467 375 523 mendum:
396 475 478 540 post
500 473 687 538 acceptam
710 464 914 539 proximam
937 483 1062 539 pugnae
1083 466 1152 524 cla-

79 573 176 641 dem,
223 571 302 646 quod
336 570 506 628 Gronovius
541 568 702 626 certissima
738 568 938 626 emendatione
984 571 1152 630 sustulerat:

79 688 166 753 post
200 685 388 752 acceptam
415 675 582 750 proxima
615 693 738 750 pugna
769 674 916 731 cladem.
987 653 1153 732 Tantumne

81 784 212 840 valuisse
234 783 370 839 lineolam
394 779 706 855 additam(prresertim
730 779 909 855 praecedente
932 776 1152 858 acceptam¹)

81 899 109 944 et
133 887 261 944 litteram
285 905 301 948 e
323 907 361 944 ex
383 905 400 947 c
420 883 550 960 sequenti
572 895 682 954 ortam,
704 895 737 941 ut
757 897 895 960 tanquam
920 885 1073 942 Liuianum
1095 884 1152 942 fer·

82 1003 163 1048 retur
186 1009 315 1067 pugnae
343 992 467 1049 clades
496 999 525 1046 et
550 991 719 1066 proxima
745 1008 870 1066 pugna
891 992 1019 1048 clades
1048 1003 1077 1048 et
1098 1011 1152 1048 ac·

81 1109 191 1172 cepta
221 1099 392 1171 proxima
420 1114 546 1172 pugnae
573 1095 716 1152 clades?
778 1096 872 1170 Atqui
893 1097 975 1171 sequi
997 1097 1155 1153 admonent

81 1203 162 1278 apud
185 1202 301 1258 Livium
331 1201 358 1276 (5
382 1206 429 1264 ll:
460 1203 635 1258 hesterna
662 1201 831 1258 felicitas
859 1219 993 1276 pugnae.
1048 1201 1154 1275 Itaque

82 1307 164 1382 quod
180 1306 293 1363 incerta
314 1305 461 1364 felicitatis
482 1307 563 1364 notio
586 1306 721 1362 delinitur
738 1323 867 1381 pugnae
890 1306 1006 1362 nomine
1026 1317 1055 1363 et
1069 1307 1154 1362 simul

83 1413 261 1469 adiectivum
284 1413 373 1469 habet
395 1413 571 1480 adiunctum,
593 1411 658 1468 ideo
681 1428 806 1486 pugnae
828 1411 953 1468 clades
973 1421 1051 1470 recte
1076 1412 1154 1469 dice-

82 1533 130 1576 tur
152 1528 182 1576 et
197 1517 314 1576 Livium
338 1519 464 1575 scribere
485 1516 615 1592 potuisse
636 1523 795 1572 statuemus
817 1517 941 1592 primum
965 1519 1046 1575 verbi
1066 1535 1155 1575 causa

82 1634 167 1701 post
189 1633 381 1698 expertam
405 1623 616 1678 hesternam
639 1638 763 1696 pugna
784 1620 1018 1691 felicitatem,
1052 1623 1155 1680 deinde

83 1739 169 1806 post
194 1738 386 1803 acceptam
412 1726 614 1802 proximam
645 1743 774 1800 pugna
805 1726 970 1784 cladem?
1019 1728 1077 1786 Sed
1105 1747 1156 1785 cur

83 1839 113 1894 in
132 1853 193 1893 uno
214 1833 280 1890 loco
299 1832 441 1900 exclamo,
464 1849 551 1905 quum
573 1831 602 1887 in
620 1838 664 1886 tot
679 1831 794 1886 tacendi
818 1831 889 1888 mihi
904 1833 996 1907 legem
1013 1835 1155 1891 dixerim?

169 1939 245 2014 Cap.
269 1943 317 2007 56,
342 1943 375 1994 7:
409 1938 445 1993 le
470 1935 641 2013 (Latonius)
664 1967 701 1978 -
727 1936 860 2010 ipsein
883 1940 1154 1998 accusationem

85 2045 204 2121 Appii
226 2043 452 2117 familiaque
474 2042 744 2117 superbissima
776 2060 816 2098 ao
838 2043 1102 2101 crudelissimos
1122 2046 1156 2101 in

84 2153 230 2229 plebem
252 2152 449 2207 Romanam
476 2166 629 2204 exorsus
657 2158 709 2206 etc.
779 2145 908 2222 Cogente
929 2167 999 2205 usna
1020 2150 1156 2224 loquendi

85 2258 149 2334 lege
177 2255 361 2314 scribendum
394 2272 474 2324 esse,
506 2253 622 2309 sublata
646 2253 870 2328 praepositione:
904 2253 983 2328 ipse
1013 2273 1156 2312 accusa-

84 2365 222 2420 tionem
253 2377 418 2430 exorsus‚
457 2369 524 2416 ante
556 2357 667 2432 aliquot
697 2377 790 2414 annos
819 2359 957 2415 adnotavi
991 2363 1042 2426 l-
1071 2369 1157 2416 autea

85 2470 162 2526 enim
184 2487 233 2525 me
255 2477 287 2524 ut
314 2474 426 2522 ceteros
440 2465 540 2522 vitium
556 2461 699 2520 fefellerat
716 2464 779 2537 --)‚
800 2482 853 2520 nec
874 2464 1044 2520 sententiam
1067 2475 1157 2534 muto,

87 2574 167 2649 quod
190 2571 319 2630 adscribi
340 2571 442 2641 rideo,
464 2588 540 2626 nove
562 2569 618 2625 hoc
640 2568 747 2624 dictum
773 2587 836 2626 esee
857 2588 910 2644 pro
936 2589 984 2640 eo,
1008 2567 1085 2643 quod
1107 2569 1157 2625 sit:

86 2683 123 2737 in
158 2676 442 2736 accusationem
475 2675 599 2731 dicere
626 2689 782 2730 exorsus
822 2673 914 2748 (quod
944 2675 1013 2731 mihi
1042 2674 1156 2748 quidem

87 2801 210 2861 prorsus
241 2799 324 2855 seque
350 2799 459 2837 novum
491 2779 615 2836 ridetur:
656 2779 779 2835 dicere
811 2779 845 2834 iu
877 2779 1156 2836 accusationem

87 2888 264 2960 alicuius)
298 2896 349 2942 aut
376 2885 579 2942 orationem
612 2902 774 2942 exorsus.
830 2885 900 2942 Non
921 2885 1158 2960 poteratlririus

88 2995 117 3051 in
140 2995 218 3050 hanc
242 2991 401 3048 novitatem
424 2990 571 3060 incidere,
594 2989 672 3063 quod
693 2992 862 3067 praepositio
885 2993 921 3048 in
944 2993 982 3049 ab
1005 2991 1158 3068 incipiendi

89 3099 187 3158 verbis
211 3097 302 3173 plane
320 3096 505 3152 abhorrebat.

173 3201 275 3278 *Cap
303 3205 360 3269 57,
377 3203 410 3257 .3
443 3217 537 3274 prava
557 3199 787 3275 interpunctione
809 3201 915 3258 duritia
939 3203 1070 3276 quadam
1093 3221 1160 3259 ora-

91 3310 179 3368 tionis
201 3307 332 3365 nascitur
353 3310 401 3372 (-
427 3305 601 3380 elegantiam
622 3307 770 3380 appellant
795 3308 862 3378 -·)‚
892 3307 922 3362 in
944 3327 1031 3382 quam
1053 3309 1083 3364 in
1105 3309 1160 3364 hoc

90 3415 248 3472 verborum
272 3425 302 3468 et
323 3411 528 3467 sententiarum
551 3411 652 3468 ordine
672 3431 758 3468 nemo
780 3411 906 3468 incidere
926 3421 1050 3488 poterat.
1110 3413 1159 3470 Li·

89 3521 156 3578 vius
179 3517 280 3576 ontnia
301 3514 439 3572 facillime
460 3515 502 3572 sic
523 3516 675 3574 decnmerc
699 3517 848 3574 voluerat:
881 3518 972 3575 nihil
993 3519 1159 3576 relictum

87 3643 172 3684 esse
214 3623 348 3681 virium
389 3619 423 3675 in
464 3620 593 3691 medio;
636 3621 853 3679 distractam
890 3623 1161 3699 laceratamque

88 3729 370 3806 rempublicam
395 3725 525 3800 magis,
551 3745 699 3800 quorum
725 3727 760 3784 in
786 3747 888 3785 manu
911 3730 975 3800 sit,
998 3748 1101 3803 quarn
1125 3743 1160 3786 ut

113 3962 142 4030 ¹)
161 3963 217 4015 ⁰51·
234 3979 255 4012 ⁰·
273 3968 315 4022 ⁴⁵,
335 3969 346 4011 t
363 3963 389 4012 in
404 3963 432 4014 ll
451 3965 608 4012 memoris
628 3965 767 4027 pessimi
787 3966 929 4027 proximi
950 3965 1040 4014 tello
1061 3937 1162 4014 exeni-

162 4055 209 4122 pli
227 4069 275 4120 pro
293 4057 465 4119 proximo.-

92 4169 203 4208 lantrat!
220 4169 314 4206 aaran.
325 4167 381 4208 lars.
945 4149 960 4192 5
