2800 4646
308 249 365 296 lrib.
385 247 418 296 X.
781 247 834 304 192

278 435 314 492 18
336 443 372 491 et
391 443 558 506 tempore
590 430 809 504 improvisa,
838 447 892 505 pro
917 447 976 503 quo
997 429 1027 484 in
1049 429 1076 486 P
1100 435 1163 484 erat
1189 435 1223 483 et
1242 435 1347 482 tem-

274 557 363 615 pore
380 537 414 594 in
438 555 474 592 se
495 536 586 606 uisa,
608 535 637 592 in
660 536 710 596 Kl.
733 545 767 592 et
789 545 954 610 tempore
975 554 1017 592 ex
1041 553 1078 592 se
1103 534 1191 602 vise,
1212 530 1349 588 fortasse

276 653 370 700 ortum
393 651 437 700 est
461 661 511 700 ex:
533 651 568 700 et
596 640 798 718 improviso
819 639 918 708 vise,
938 639 1085 715 geminato
1109 644 1122 701 t
1142 647 1171 696 et
1192 656 1255 695 cum
1281 635 1349 711 pri-

275 749 330 806 mis
351 747 453 806 litteris
474 749 615 823 proximos
641 747 722 804 vocis
744 745 945 816 coalescente.)

368 852 440 929 Cap.
468 857 518 924 18,
548 859 579 911 7:
602 854 768 911 Litteras
801 851 857 930 (eb
878 855 959 927 App.
982 849 1120 914 Claudio)
1150 849 1193 907 ad
1224 849 1348 907 colle-

277 977 354 1035 gam
378 961 425 1028 (L.
449 959 651 1028 Volumnium)
679 957 937 1015 accersendum
960 975 1002 1013 ex
1024 957 1174 1016 Samnio
1196 955 1351 1025 missas,

277 1067 312 1124 in
344 1066 454 1124 trinis
487 1065 691 1123 annalibus
729 1063 894 1133 inveui03
920 1063 1021 1139 piget
1050 1073 1169 1120 tamen
1204 1071 1349 1119 certum

278 1190 427 1249 ponere,
459 1189 564 1246 quum
594 1189 638 1227 ee
663 1169 745 1244 ipss
775 1169 871 1224 inter
900 1169 1074 1226 consules
1095 1169 1222 1245 populi
1244 1170 1282 1227 R.
1308 1201 1349 1208 -

280 1277 508 1352 discrepatio
530 1275 651 1344 fuerit,
674 1275 797 1350 Appio
821 1276 1002 1332 abnuente
1024 1273 1169 1344 missos,
1196 1274 1351 1330 Volum-

280 1383 338 1440 nio
363 1381 598 1450 affirmante,
621 1379 737 1455 Appii
759 1397 797 1436 se
818 1379 958 1436 litteris
980 1379 1146 1436 accitum.
1197 1379 1353 1438 Restituto

281 1487 409 1546 Creverii
432 1487 598 1544 coniectura
628 1495 766 1542 certum
798 1503 932 1560 ponere
954 1485 1020 1560 (pro
1041 1486 1237 1555 incertum,
1266 1485 1351 1559 qnod

281 1612 316 1650 ex
339 1593 446 1650 ultimis
467 1592 570 1650 litteris
602 1591 683 1648 roris
707 1601 827 1648 temen
849 1599 948 1648 natum
974 1601 1030 1660 est;
1059 1592 1111 1650 cfr.
1134 1599 1271 1650 eertum
1297 1590 1351 1648 al-

281 1696 431 1754 firmare
454 1697 516 1766 lIl,
540 1699 617 1770 23),
647 1707 778 1772 superest
811 1696 889 1752 aliud
921 1697 1066 1754 mendum.
1110 1697 1189 1754 Nem
1211 1697 1352 1754 discre-

281 1803 386 1879 patio
407 1821 502 1876 neque
526 1803 661 1860 Latinum
684 1812 729 1860 est
749 1803 922 1859 vocabulum
945 1821 1038 1877 neque
1055 1802 1158 1859 Latine
1178 1803 1279 1858 fictum
1292 1809 1347 1870 (—

283 1908 445 1983 crepitus
469 1909 543 1964 enim
568 1922 630 1978 est,
651 1927 708 1964 non
731 1917 906 1983 crepatus
936 1908 1004 1980 -),
1033 1927 1127 1982 neque
1155 1909 1353 1984 discrepuisse

282 2022 394 2070 tantum
414 2013 488 2070 inter
509 2014 651 2082 consules,
672 2015 723 2070 sed
742 2014 839 2089 palam
862 2033 927 2070 eam
949 2033 1009 2070 rem
1034 2014 1170 2072 iactatam
1191 2023 1351 2088 actamque

283 2119 385 2178 Livius
407 2119 558 2194 significat.
602 2119 711 2176 Verum
735 2118 861 2176 ostendit
881 2121 933 2189 M,
963 2119 992 2176 in
1023 2139 1081 2195 quo
1105 2121 1237 2196 aprima
1259 2139 1349 2177 manu

284 2235 328 2282 est
348 2225 567 2301 discepatio,
589 2226 645 2282 hoo
668 2233 711 2282 est
733 2225 971 2300 disceptati03
1002 2228 1080 2301 quod
1109 2227 1203 2302 ipsum
1228 2227 1271 2284 ibi
1291 2227 1350 2302 legi

283 2331 542 2390 Drakenborchius
569 2332 700 2388 narravit
729 2340 757 2387 st
783 2330 812 2388 in
835 2330 961 2406 antiquis
983 2331 1156 2390 editionibus
1178 2350 1243 2390 esse
1265 2333 1348 2398 vidit,

283 2457 377 2512 neque
398 2447 495 2494 tumen
518 2447 569 2494 aut
589 2437 654 2512 ipse
678 2437 829 2512 amplexus
851 2446 895 2494 est
920 2447 971 2494 aut
991 2438 1144 2513 quisquam
1166 2434 1318 2514 postea.¹)

366 2540 440 2617 Cep.
466 2543 523 2610 21,
556 2545 573 2599 o
601 2543 769 2618 (postquem
797 2543 898 2600 Livius
933 2551 1065 2600 sonetum
1094 2553 1178 2620 parte
1208 2561 1287 2600 curre
1312 2561 1346 2598 ex

283 2647 426 2724 ingruenti
464 2647 592 2721 undique
622 2647 689 2704 belli
730 2657 840 2706 terrore
874 2659 1015 2726 susecptae
1050 2659 1240 2706 exoneratum
1276 2647 1348 2706 dixit

283 2753 385 2810 litteris
409 2753 442 2813 L.
466 2751 617 2809 Volumnii
645 2752 787 2822 consulis,
824 2755 929 2828 quibus
951 2773 1041 2812 caesos
1064 2753 1233 2830 campanie
1254 2774 1349 2831 popu·

283 2859 391 2916 latores
414 2858 559 2932 cognitum
582 2859 646 2930 sit):
677 2859 809 2935 Itaque
839 2870 873 2916 et
894 2859 1187 2935 supplicationes
1209 2860 1253 2916 ob
1276 2877 1348 2916 rem

285 2965 374 3022 bene
398 2973 538 3038 gestum
562 2964 730 3020 consulis
753 2965 896 3024 nomine
919 2966 1132 3032 decernunt;
1163 2965 1348 3022 iustitium

285 3070 503 3139 remittitur,
526 3070 624 3145 quod
647 3068 772 3128 fuerat
793 3071 1021 3138 diosXVIII,
1043 3071 1350 3147 supplicatioque

285 3175 435 3251 perlaeta
457 3175 537 3232 fuit.
590 3175 630 3232 Et
656 3193 704 3232 res
725 3187 754 3234 et
775 3177 915 3234 orationis
943 3177 1040 3234 forma
1061 3176 1199 3238 dederat,
1223 3196 1242 3234 a
1263 3177 1348 3234 Livio

285 3365 478 3373 ——a--n

305 3460 326 3528 ¹)
354 3464 445 3515 Senec-
465 3462 669 3524 chcnel.V1,
689 3469 731 3522 38,
752 3469 776 3522 3,
796 3463 839 3512 ubi
859 3465 954 3513 editur:
973 3465 1187 3526 Eloquentia
1205 3465 1347 3530 pretinm

355 3563 514 3619 exceptet
532 3555 643 3604 litium
664 3570 830 3611 numerus,
849 3556 1010 3605 scribendum
1030 3563 1071 3604 est
1088 3556 1259 3620 disceptet
1278 3557 1348 3618 (tnn-

355 3663 431 3712 qnam
460 3649 620 3698 existimator
644 3657 669 3697 et
692 3649 789 3710 iudex).
844 3645 907 3712 Cep.
930 3653 973 3704 le,
1008 3652 1037 3696 18
1070 3657 1130 3697 ente
1155 3649 1248 3697 multon
1267 3661 1348 3696 annos

356 3742 447 3790 codem
475 3743 553 3790 modo
578 3741 727 3798 emendavi,
760 3753 812 3802 quo
834 3755 903 3788 nunc
924 3755 939 3787 n
958 3739 1169 3790 Weissenbornio
1187 3741 1347 3790 emendatum

356 3835 429 3883 rideo
448 3835 489 3893 (et
508 3835 683 3883 exercitur
702 3834 855 3882 virtutem
877 3835 1022 3894 aquavit
1040 3834 1145 3882 ducis.
1192 3835 1232 3883 Et
1249 3834 1348 3882 duces

356 3927 575 3990 imperatorie
600 3941 700 3990 opere
726 3933 955 3988 exsequuntur
973 3932 1005 3972 et
1023 3923 1147 3974 militas
1166 3928 1237 3990 cet).
1281 3925 1346 3974 Fieri

356 4027 451 4083 potest.
470 4027 498 4068 nt
518 4020 642 4084 scripturn
664 4018 755 4066 suerit:
773 4016 813 4065 Et
832 4031 912 4065 corr.
932 4017 1152 4080 imperatoria
1171 4025 1217 4070 cet.
