2822 4648
584 279 640 335 tlt
973 278 1032 327 Lib.
1050 279 1114 328 VII.

64 455 312 532 indignetur,
332 459 469 517 milites
491 477 556 518 nos
577 477 655 518 esse
677 489 733 532 -‚
753 480 826 520 non
847 469 1078 538 pugnaturos
1098 491 1151 536 -‚

65 561 191 620 otium
214 565 333 623 Romae
353 565 477 643 potius
502 599 539 610 -
563 575 710 625 acturos
730 583 810 623 esse
831 576 897 638 eta,
919 585 1008 641 quum
1028 566 1150 643 intelligi

64 667 118 722 sio
159 667 301 727 debeant:
330 689 394 728 nos
435 689 499 746 pro
534 672 715 730 militibus
743 670 871 730 heberi
906 681 941 730 et
975 682 1149 748 tanquam

67 771 217 830 milites
241 775 399 832 tractari
429 776 537 846 valle,
566 809 608 820 -
635 795 777 835 ecesse
801 777 936 848 animo,
953 787 993 836 ut
1013 794 1149 854 pugna-

68 878 152 934 tnri
181 879 294 936 simus
326 911 374 950 -‚
403 881 514 938 otium
541 883 659 940 Romae
690 883 814 959 potins
837 917 874 927 -
899 881 1027 940 acturi.
1069 884 1148 942 Nam

67 983 243 1059 indignatio
263 985 301 1041 sd
324 985 417 1060 ipsam
439 985 519 1044 illam
532 987 711 1046 voluntatem
731 997 760 1046 et
776 988 999 1064 postulationem
1015 989 1149 1063 pertinet,

71 1107 144 1162 qna
174 1089 204 1146 in
236 1091 334 1147 verbis
366 1082 515 1148 omittitur.
579 1091 703 1152 Sauabit
735 1095 797 1152 hsce
827 1104 856 1151 et
877 1103 986 1151 rectem
1009 1089 1149 1152 orationis

71 1193 206 1252 formam
216 1196 423 1270 sententiaeque
440 1215 625 1273 progressum
643 1198 748 1256 efficiet
757 1200 873 1257 sublata
888 1217 947 1256 uns
962 1197 1059 1256 littere
1069 1207 1099 1257 et
1112 1215 1150 1256 ox

71 1317 137 1357 nna
159 1319 235 1358 voce
256 1301 341 1358 facto
363 1301 440 1359 duae:
470 1321 604 1376 queso,
633 1313 672 1361 ut
693 1323 749 1375 ea,
778 1322 854 1378 qum
876 1303 1008 1374 dicam,
1041 1321 1112 1361 non
1131 1321 1150 1360 a

73 1406 263 1464 militibus
285 1407 503 1484 imperatori
525 1408 628 1466 dieta
648 1426 815 1480 censeas,
841 1409 904 1467 sed
923 1427 942 1466 a
963 1408 1069 1484 plebe
1090 1427 1149 1484 pa·

73 1512 200 1569 tribus
223 1513 275 1588 (-
300 1531 375 1588 que
396 1515 442 1589 sl,
475 1521 511 1576 nt
538 1531 603 1570 vos
632 1524 760 1572 vestra
781 1514 954 1572 babeatis
974 1514 1149 1585 consilia,

73 1617 130 1674 sic
166 1609 301 1676 sesua
333 1619 544 1676 babituram
567 1619 680 1689 dicat,
715 1621 797 1694 quis
829 1619 973 1676 tandem
1004 1636 1148 1676 suscen-

73 1721 181 1780 seat?
204 1723 431 1799 -),1uilites
453 1743 634 1796 noscano,
663 1742 732 1781 non
754 1743 881 1783 servos
911 1733 1070 1796 vestros,
1105 1727 1148 1783 ad

73 1827 232 1898 bellum,
253 1849 323 1887 non
344 1831 379 1887 in
404 1830 554 1888 exilium
576 1830 723 1902 missos,
753 1832 783 1888 si
805 1829 885 1906 quis
907 1830 967 1887 det
990 1829 1148 1906 signum,

75 1967 117 1975 -
141 1947 374 2010 pugnaturos
395 1945 450 1996 eet.
497 1937 642 2012 Apparet,
675 1935 832 1993 infinitivus
855 1935 978 2011 abipso
999 1935 1049 1994 illo
1072 1953 1149 2011 qun

74 2040 200 2097 dicam
222 2041 363 2114 pendere,
396 2041 557 2117 praeparari
581 2049 678 2098 sutem
700 2041 777 2098 hanc
791 2041 885 2116 plebis
899 2041 1017 2098 nomine
1038 2043 1148 2101 denun-

75 2143 232 2202 tiationem
253 2145 427 2222 interposita
446 2147 498 2203 illa
518 2145 692 2222 parenthesi.
735 2147 864 2204 Tantum
887 2155 984 2204 autern
1000 2147 1092 2218 abest,
1115 2157 1148 2206 ut

75 2251 135 2306 boc
159 2269 218 2307 uno
238 2251 304 2308 loco
326 2252 371 2318 si,
402 2262 440 2308 ut
467 2252 497 2308 in
527 2251 623 2308 sicut
650 2251 824 2323 coaluerint,
855 2260 887 2308 ut
907 2251 1044 2327 frequens
1065 2253 1095 2310 id
1117 2253 1147 2310 in

75 2355 230 2413 codicibus
260 2357 396 2416 mendum
423 2359 473 2424 sita
505 2357 586 2414 volut
606 2357 769 2428 XXXIV,
803 2359 837 2428 2,
871 2362 885 2414 7
910 2375 1036 2434 proco,
1067 2358 1147 2433 quod

75 2469 159 2516 recte
180 2461 287 2519 editur:
325 2461 369 2534 si,
392 2473 431 2520 ut
462 2461 583 2537 plebis
611 2463 807 2537 quondam,
839 2464 892 2520 sio
919 2479 1013 2520 nune
1040 2463 1146 2520 muli-

76 2583 177 2621 erum
199 2569 415 2626 secessione
436 2568 537 2643 leges
567 2567 792 2643 accipianda
813 2577 910 2639 sunt,
943 2575 973 2623 et
992 2567 1022 2624 iu
1044 2568 1147 2625 ceteris

75 2669 229 2730 codicibus
261 2682 290 2730 st
327 2674 357 2730 in
388 2667 600 2748 Bamber'gensi
630 2672 770 2748 scriptum
799 2681 857 2729 est:
893 2671 988 2730 siout
1016 2673 1147 2748 plebis.

76 2775 230 2834 Ciceronis
252 2779 366 2837 codices
387 2781 463 2838 idam
492 2779 607 2836 obsidet
624 2778 761 2834 mendum
790 2775 820 2832 in
850 2786 924 2834 orat.
952 2795 1006 2854 pro
1031 2778 1148 2838 Caeoins

77 2885 130 2952 24,
154 2886 192 2941 69
215 2885 325 2951 (sieut
346 2885 506 2942 Manlius
527 2901 599 2960 pro:
622 2884 669 2952 si,
692 2891 727 2938 ut
750 2881 925 2956 Manlius)
948 2893 977 2941 et
997 2885 1096 2943 Taciti
1117 2887 1146 2944 in

77 2987 157 3046 Hist.
182 2987 208 3058 Ι,
231 2991 269 3046 83
292 2989 477 3058 simillimum,
511 2989 630 3046 sicubi
658 3007 713 3064 pro
739 2987 785 3058 si,
820 2986 897 3057 uhi,
930 2988 966 3045 de
995 3007 1064 3064 quo,
1097 2991 1146 3068 qui

76 3095 169 3151 risum
192 3105 312 3168 querat,
339 3095 426 3171 leget,
450 3113 515 3171 quae
538 3095 665 3153 Baebius
693 3101 723 3150 et
743 3092 913 3150 Waltbenrs
934 3097 1147 3171 excogitarunt.

77 3200 140 3260 Sed
172 3199 250 3274 apud
280 3201 375 3277 ipsum
408 3201 524 3259 Livium
564 3200 680 3257 tertium
711 3197 819 3254 residet
850 3197 936 3254 huius
968 3201 1147 3261 confusionis

76 3305 264 3381 perspicuum
288 3305 453 3381 exemplum
474 3307 504 3362 in
526 3305 601 3362 libro
623 3303 732 3374 xxn,
758 3306 807 3373 60,
834 3307 864 3361 ll
893 3303 934 3377 (in
956 3307 1089 3365 oratione
1110 3309 1147 3368 T.

77 3409 184 3466 Manlii
206 3411 378 3485 Torquati):
405 3409 512 3469 Siout
545 3429 695 3469 avorum
729 3407 902 3466 memoria
937 3410 973 3469 P.
1010 3411 1146 3471 Decius

76 3513 160 3574 trib.
193 3511 346 3575 militum
378 3516 413 3572 in
446 3515 608 3587 Samnio,
642 3517 740 3573 sicut
766 3514 873 3570 nobis
902 3515 1146 3575 adolescenti·

75 3621 143 3678 bus
175 3621 302 3696 priore
336 3621 476 3680 Punico
509 3621 606 3680 bello
639 3619 866 3696 Calpurnius
896 3619 1058 3678 Flamma
1078 3631 1147 3680 tre·

76 3727 445 3796 centisvolnntsriis‚
463 3745 568 3801 quum
584 3725 628 3785 ad
650 3725 827 3784 tumulum
848 3743 909 3782 eos
932 3725 1144 3802 capiendum

75 3832 299 3890 sitnminter
320 3831 457 3888 medios
480 3831 902 3903 duceretbostes‚dixit=
920 3833 1146 3906 „Moriamun

75 3937 229 4006 milites,
279 3945 314 3993 et
343 3945 459 3993 morte
488 3945 617 3994 nostra
647 3935 847 4012 eripiamus
881 3953 923 3992 ex
955 3939 1147 3998 obsidione

75 4044 349 4101 circumventas
378 4039 574 4116 legiones,“
610 4073 650 4086 -
679 4041 709 4100 si
742 4043 810 4099 hoc
842 4041 878 4102 P.
909 4041 1147 4120 Sempronius

900 4143 946 4198 to‘
