2822 4648
586 269 639 322 101
987 263 1044 313 Lib,
1064 263 1111 312 lv.

75 449 174 506 Paulo
198 449 317 524 postia
339 451 395 506 hoc
418 449 513 524 eapite
535 454 566 518 (ξ
582 449 629 520 8),
652 449 701 504 ubi
716 448 757 505 sic
777 449 924 506 scribitur:
949 459 985 504 ut
1006 449 1147 521 quidem

75 553 218 627 aliquia
250 565 291 612 tr.
315 555 360 630 pl.
383 567 465 612 ruat
489 573 619 612 caecus
640 555 675 612 in
697 554 905 611 certamina
928 585 986 622 -,
1009 573 1050 610 ex
1074 554 1147 626 qui-

76 661 143 714 bus
165 678 233 734 pro
256 671 357 717 certo
379 661 525 728 babeat,
550 669 690 734 patres,
713 659 893 716 adversus
917 677 1006 732 quos
1026 659 1146 715 tende·

76 775 141 829 ret,
164 765 265 823 bello
287 765 507 842 inexpiabili
529 783 566 822 ae
586 775 864 839 persecuturos,
880 764 973 838 apud
994 763 1146 838 plebem,

76 889 144 944 pro
180 890 252 945 qua
283 871 533 940 dimicaverit,
556 870 674 927 nihilo
697 889 734 927 se
756 870 1032 926 honoratiorem
1058 867 1146 940 iore,

77 995 195 1050 neque
218 977 437 1052 sperandum
460 995 578 1050 neque
599 977 864 1051 postulandum
888 987 959 1040 est,
991 973 1062 1030 nibil
1083 993 1147 1030 esse

76 1081 132 1138 loci
154 1081 327 1156 imperfecto
354 1082 519 1138 tenderet
547 1082 622 1139 iuter
643 1083 811 1157 praesentia,
834 1091 969 1156 apparet,
997 1091 1026 1166 et
1047 1081 1145 1150 sensit,

78 1201 106 1242 ut
129 1187 472 1256 uliall'eissenbornius,
484 1188 535 1244 sed
546 1197 577 1244 ut
598 1205 683 1262 eaepe,
698 1187 814 1243 inanem
823 1185 998 1242 defensionis
1020 1186 1145 1261 speciem

77 1293 225 1366 quesivit,
263 1293 401 1368 ascripto:
439 1311 541 1362 ,wenn
572 1312 604 1348 er
634 1293 752 1349 atreiten
791 1293 906 1360 wttrde3
944 1292 1035 1348 daher
1068 1292 1146 1348 nicht

76 1397 234 1458 tendat.“
294 1401 366 1472 Quae
399 1407 443 1454 est
470 1399 587 1454 taudem
614 1399 675 1455 haec
704 1398 879 1473 perversitas
907 1409 935 1453 et
967 1397 1145 1471 pertinacia?

73 1503 153 1560 Nam
178 1503 207 1561 in
231 1503 417 1560 deliberando
440 1504 476 1560 de
497 1503 596 1560 futuro
617 1505 721 1562 Latine
742 1523 799 1560 non
822 1503 892 1560 dici:
925 1514 1065 1559 certum
1086 1503 1144 1558 ha·

74 1610 151 1678 beo,
175 1621 314 1684 patres,
337 1610 514 1666 adversus
537 1628 627 1683 quos
649 1610 856 1678 tenderem,
897 1627 947 1663 rue
979 1626 1144 1683 persecu·

73 1729 190 1784 turos,
212 1714 265 1770 sed
287 1725 337 1770 ant
359 1715 500 1770 tendam
525 1725 576 1772 aut
596 1716 798 1772 tetendero
828 1714 918 1788 (qnod
946 1715 1066 1770 multum
1101 1715 1144 1771 di-

74 1831 132 1876 stat
155 1821 194 1876 ab
223 1839 259 1876 ea
282 1819 394 1890 forma,
417 1839 477 1893 qna
503 1839 643 1895 negamus
672 1838 725 1876 nos
753 1838 828 1876 nunc
857 1819 1005 1894 quidpiam
1034 1819 1143 1876 facere:

73 1937 212 1982 certum
235 1925 373 1994 liabeo,
396 1925 425 1981 si
447 1925 656 1996 tenderem,
678 1944 747 1982 non
768 1927 977 1999 passuros),
1000 1937 1028 1980 et
1049 1945 1085 1982 ex
1108 1945 1142 1982 eo

74 2031 135 2088 lieri
158 2030 189 2086 in
212 2029 333 2103 obliqua
356 2029 487 2086 oratioue
517 2031 761 2098 tetenderim,
788 2031 898 2086 sciebat
919 2029 1050 2104 profecto
1071 2032 1143 2105 ipae,

73 2137 98 2192 si
119 2136 212 2192 libere
234 2153 335 2192 verum
357 2145 539 2208 sequeretu1·;
567 2155 643 2192 nuuc
665 2135 703 2192 ad
726 2135 754 2191 id
776 2136 873 2205 etiam,
898 2136 976 2210 quod
998 2155 1055 2193 uno
1076 2149 1144 2212 post

73 2261 161 2298 versu
184 2241 252 2298 huic
278 2260 314 2296 ex
337 2239 416 2296 omni
436 2251 520 2313 parte
541 2241 710 2315 respondet:
735 2241 891 2316 plebem,
915 2261 979 2316 pro
1003 2261 1073 2315 qua
1095 2243 1142 2298 di·

74 2347 284 2414 micaverit,
319 2346 452 2402 conivere
475 2347 584 2403 maluit.
633 2347 736 2404 Potius
760 2347 864 2420 igitur.
887 2366 975 2420 quum
997 2349 1053 2404 hoo
1077 2346 1142 2404 loco

72 2473 127 2528 pro
158 2452 361 2509 tetenderit
390 2452 576 2508 substitutum
607 2453 775 2510 tenderet
802 2451 955 2510 manifesto
983 2464 1141 2524 teneamuS,

72 2557 226 2615 admoneri
263 2575 316 2614 nos
350 2557 511 2631 patiamur,
543 2567 574 2612 ut
596 2558 631 2614 de
653 2558 687 2614 iis
719 2559 806 2626 locis,
836 2559 865 2614 in
889 2559 992 2632 quibus
1014 2559 1141 2634 possit,

72 2673 201 2737 poaaet
222 2661 394 2736 similiaque,
417 2681 481 2735 quaa
504 2681 562 2719 una
582 2663 678 2719 littera
695 2664 812 2731 distant,
834 2675 1048 2739 permutantur,
1070 2664 1141 2721 libe·

72 2769 133 2824 rius
171 2768 340 2824 iudicemus·
395 2767 624 2840 (Offeuderit
660 2787 713 2842 pro
746 2767 965 2826 offenderet
1002 2769 1139 2843 scriptum

71 2877 214 2930 hactenus
238 2872 294 2928 fuit
315 2873 356 2942 11,
379 2875 407 2943 2,
431 2869 512 2948 3.)¹)

143 3205 288 3268 pulleinum
295 3205 406 3271 χορείαν
415 3201 584 3258 ἐπικαλοῦσα
596 3201 766 3272 ἀρχαιότητα
775 3207 966 3268 (antiquitatem
973 3206 1139 3268 obiiciendo).

142 3297 193 3346 Sed
217 3307 303 3346 tumim
337 3307 440 3361 proptor
464 3297 577 3364 χορείαν
604 3307 630 3346 et
655 3292 828 3364 ἀρχαιότητα
855 3297 951 3346 iactum
980 3307 1019 3346 cst
1044 3293 1135 3350 ἐπικα-

142 3389 254 3442 λοῦσαν.

89 3489 114 3550 ¹)
149 3491 213 3557 Cup.
234 3498 282 3550 at,
308 3493 437 3542 airuetra
455 3495 563 3544 artificia
582 3495 750 3557 adhibentur,
771 3505 798 3542 ut
817 3495 959 3542 occultetur
983 3505 1008 3543 et
1026 3496 1138 3544 colorem

142 3585 257 3648 aliquem
277 3585 387 3648 accipiat
408 3601 458 3634 non
478 3588 608 3648 inelegans
627 3587 742 3636 vocabuli
762 3588 896 3650 repetitio,
924 3587 967 3634 aed
987 3585 1063 3635 foeda
1080 3601 1139 3635 sen·

143 3677 230 3726 tcntiae
249 3689 274 3726 et
299 3678 420 3727 orationis
447 3680 611 3742 perversitas:
639 3680 763 3728 clamor
783 3707 814 3715 -
834 3681 1003 3736 dianonus,
1031 3679 1151 3742 inpar,-

143 3769 284 3831 aegniua
303 3783 381 3834 eaepe
401 3772 544 3819 iteratus
564 3771 691 3818 incerto
711 3773 851 3821 clamore
878 3771 1024 3837 prodidit
1041 3786 1137 3834 pavo·

143 3875 206 3910 rem
225 3861 420 3920 animorum,
441 3861 520 3924 (velut
532 3861 754 3912 Weissenboruius
773 3866 936 3914 obscuratam
957 3863 1064 3910 subiecti
1084 3879 1137 3912 me·
1236 3869 1239 3875 '

143 3955 249 4002 moriam
269 3953 358 4014 fingit,
386 3966 462 4014 quam
489 3954 514 4002 iu
539 3955 608 4003 brevi
633 3955 748 4018 alioquin
778 3965 803 4003 et
828 3955 897 4004 sacili
917 3956 1042 4004 orationis
1061 3971 1137 4004 curru

143 4047 199 4110 ipae
217 4047 343 4094 adiectiva
362 4054 510 4104 renovarunt
535 4061 617 4109 neque
635 4048 730 4108 exigua
750 4045 856 4096 offensio
883 4057 921 4096 eat
944 4049 970 4095 in
990 4051 1085 4112 inpar
1103 4075 1136 4085 —·
