2800 4646
575 276 633 332 217
945 277 1003 327 Lib.
1022 277 1094 328 XXI.

70 463 260 538 extemplo
381 459 424 516 ad
460 461 614 518 alteram
639 461 754 536 ripam
787 461 961 534 trahitur,
996 463 1046 520 alii
1072 465 1131 522 ubi

69 569 265 636 uretulerunt,
297 587 351 644 pro
378 577 415 624 ut
435 567 563 642 reposito
586 576 619 624 et
645 585 711 624 cum
733 566 923 626 deterioribus
946 569 1057 644 aliquot
1080 588 1131 626 co-

69 675 193 744 dicibus,
222 674 284 731 siue
306 673 365 730 ulla
385 671 590 747 probabilitate
612 673 805 749 (nequeenim
828 693 931 748 quum
1017 685 1131 732 trans·

67 781 191 858 gressi
214 789 299 837 sunt
319 780 375 838 hoc
396 778 461 836 loco
476 777 544 835 ferri
556 787 652 853 potest
665 799 720 855 pro
742 781 967 855 transgressi
989 780 1131 856 essent).

69 889 120 946 elii
142 897 184 946 ut
205 905 295 956 cum:
317 885 387 942 mihi
409 893 463 942 est
485 895 523 942 ut
546 903 621 942 cum
645 897 738 942 ortum
766 886 880 943 videtur
900 905 938 943 ex
965 888 1021 944 hoc
1041 888 1131 964 scrip·

67 1007 150 1052 tura:
267 991 442 1068 copulata
469 998 536 1071 cti,
559 997 628 1056 ΙΙΙ
649 991 855 1068 elephanti,
967 995 1050 1066 acti,
1072 995 1131 1052 uhi

172 1098 398 1173 transgressi
429 1105 525 1166 sunt,
562 1099 743 1173 extemplo
766 1109 819 1158 cet.

157 1205 232 1281 Cap.
256 1207 305 1275 32,
326 1209 358 1262 7:
388 1221 600 1279 quemquem
631 1203 728 1262 lame
750 1205 869 1282 prius,
901 1223 970 1278 qua
991 1205 1133 1262 incerta

69 1315 105 1370 in
129 1313 248 1370 maius
269 1329 357 1368 vero
379 1309 467 1368 ferri
490 1309 624 1380 solent,
651 1321 836 1387 precepta
858 1330 915 1368 res
938 1321 1024 1372 erat.
1071 1312 1132 1370 Ne-

69 1437 129 1492 que
163 1417 198 1474 in
230 1417 345 1474 maius
376 1435 462 1472 vero
490 1416 594 1474 usitate
622 1417 726 1474 dicitur
755 1418 855 1476 addito
883 1417 1011 1475 ablativo
1039 1435 1132 1492 neque

68 1523 165 1582 ferri
186 1524 222 1580 in
242 1523 369 1582 maius.
418 1523 565 1582 Usitutum
593 1533 623 1580 et
653 1532 763 1580 rectum
793 1523 860 1580 erit:
894 1542 964 1598 qua
990 1523 1133 1580 incerta

67 1631 106 1688 in
129 1629 247 1686 meins
268 1630 346 1691 lere
369 1629 507 1690 eclerrl
530 1628 658 1686 solent.

159 1733 233 1812 Cap.
264 1737 312 1803 33,
342 1739 359 1792 4
394 1735 472 1810 quod
505 1734 534 1790 iu
561 1733 709 1792 codicibus
730 1734 878 1792 scribitur:
902 1730 1027 1808 (Alpini)
1049 1750 1132 1807 per·

68 1843 195 1900 versis
217 1841 369 1918 rupibus
389 1841 494 1898 iuxta
521 1840 622 1898 invia
649 1859 690 1898 ac
711 1839 818 1897 devia
842 1839 985 1896 adsueti
1006 1839 1133 1896 decur-

66 1959 174 2018 runt,
196 1950 387 2024 deprevatum
410 1965 473 2004 esse
496 1946 680 2004 menifestum
703 1955 762 2016 est:
783 1965 851 2002 nam
875 1963 968 2020 neque
990 1963 1134 2021 perver-

66 2075 118 2112 sae
139 2073 249 2131 rupes
273 2073 336 2129 quae
368 2055 439 2123 sint,
466 2053 647 2128 intelligitur,
677 2072 771 2127 neque
804 2052 1001 2109 decurrere
1034 2049 1134 2107 invia

67 2181 113 2219 ac
137 2161 248 2218 deria
269 2161 298 2217 in
319 2179 408 2236 prosu
429 2159 560 2218 oratione
585 2159 698 2230 dicitur,
726 2159 779 2216 etsi
807 2167 895 2234 poeto
916 2157 989 2214 dixit
1010 2158 1133 2214 dec'ur·

66 2286 155 2324 rore
183 2267 278 2323 vada
310 2265 446 2336 (hinuber
474 2261 613 2343 gleiten);
649 2283 716 2321 nour
750 2264 906 2340 spatium
942 2263 1134 2320 decurrere

65 2375 142 2436 (hoc
158 2381 211 2438 est,
233 2372 387 2442 conticere)
410 2373 496 2449 longe
517 2371 601 2428 aliter
622 2371 735 2428 dicitur.
778 2371 902 2427 Videtur
923 2369 1023 2426 Livius
1044 2370 1133 2445 scrip·

64 2479 163 2536 sisse:
185 2479 412 2536 transversis
433 2478 584 2554 rupibus
613 2496 677 2552 per
704 2477 810 2534 iuxto
834 2476 935 2533 invia
966 2493 1005 2532 ec
1027 2475 1133 2531 devie

68 2585 276 2642 decurrunt
301 2583 526 2659 praepositioque
557 2602 620 2658 per
649 2584 746 2641 nescio
778 2601 836 2656 quo
858 2599 926 2639 casu
948 2581 1068 2638 traiectu
1092 2581 1133 2638 el·

67 2690 126 2747 reri
153 2691 280 2760 (trans)
301 2689 441 2748 nocuisse.

160 2793 235 2870 Cep.
259 2797 308 2862 34,
331 2797 347 2851 t
372 2793 509 2869 quoniam
532 2805 560 2852 et
582 2795 668 2853 ceteri
692 2795 811 2852 turbent
832 2803 860 2850 et
880 2791 1134 2849 Weissenhomius

70 2901 346 2960 Drakenborchium
369 2919 492 2974 sequeus
514 2901 709 2958 incredibilem
733 2899 816 2974 fingit
840 2897 1025 2956 omissionem
1045 2897 1134 2974 perti·

68 3009 148 3066 culae
169 3006 245 3072 sed,
267 3005 418 3063 dicendum
440 3016 493 3074 est,
512 3007 603 3063 verba
623 3007 665 3064 sic
686 3005 820 3081 coniungi
845 3005 964 3062 debere:
995 3005 1135 3078 agmine

71 3129 308 3186 nequaquem
339 3123 375 3169 ut
403 3113 499 3170 inter
528 3121 683 3187 pacatos
713 3111 920 3186 composito
950 3111 1013 3184 (sed
1036 3129 1134 3185 quem-

70 3218 233 3276 admodum
264 3219 446 3294 componitur
475 3219 549 3275 inter
577 3217 693 3276 hostilia
725 3225 753 3274 et
785 3215 904 3287 infesta,
934 3227 1017 3274 conte
1048 3217 1135 3274 etad

70 3325 167 3382 eciem
194 3323 324 3380 celeriter
344 3323 523 3382 efficiendam
548 3321 638 3400 epte).

161 3427 234 3506 Cap.
255 3432 303 3500 35,
325 3435 359 3488 ¹⁶2
382 3432 411 3488 in
434 3431 581 3488 codicibus
603 3429 644 3488 sic
665 3427 813 3487 scribitur:
835 3438 873 3485 ut
894 3447 1009 3502 neque
1030 3429 1135 3486 susti-

72 3556 163 3594 nere
190 3554 226 3593 se
255 3538 298 3594 ab
323 3535 429 3611 lepsu
459 3545 611 3611 possent
632 3555 709 3605 nec,
742 3535 805 3612 qui
834 3533 1022 3612 paululum
1053 3534 1135 3590 titu-

74 3645 241 3712 bassent,
263 3643 400 3700 herere
424 3641 565 3700 eillicti
589 3643 750 3717 vestigio
772 3661 846 3712 suo,
870 3640 1007 3714 aliique
1029 3658 1136 3715 super

73 3749 172 3806 alios
204 3759 239 3806 et
275 3749 435 3806 iumenta
473 3748 507 3804 in
538 3748 705 3805 homines
739 3747 962 3814 occiderent3
1002 3756 1135 3821 recteque

73 3853 330 3912 ll'eissenbomius
363 3854 398 3911 in
428 3855 591 3912 homines
618 3854 750 3922 restituit,
782 3871 870 3928 quum
896 3851 984 3927 vulgo
1006 3853 1138 3910 ederetur

72 3973 112 4020 et
135 3961 297 4018 iumenta
324 3957 555 4031 ethomines;
589 3979 683 4038 nequa
718 3959 793 4018 enim
827 3959 897 4018 illud
931 3959 995 4016 elii
1029 3977 1137 4034 super

72 4069 171 4126 alios
198 4067 257 4125 ullo
287 4067 374 4124 modo
404 4067 563 4126 iumenta
594 4066 838 4144 comprehendere
862 4075 972 4142 potest,
1006 4065 1056 4123 sed
1078 4063 1136 4140 pri·
