2822 4648
597 285 651 342 109
992 283 1050 332 Lib.
1071 283 1120 335 IV.

81 467 261 534 tribunis3
297 467 414 540 negotio
443 468 481 522 ob
510 466 725 523 similitudinem
753 467 964 541 praepositionis
986 467 1020 523 in
1041 465 1155 524 facilius

81 577 249 649 intercepte
271 581 323 629 est.
378 573 490 630 Eodem
521 571 627 628 excidit
649 573 710 628 sine
739 571 791 628 tali
818 589 908 628 causa
930 573 968 640 V,
996 576 1040 642 15,
1067 577 1096 630 ll
1125 573 1154 628 in

81 683 210 750 MPLt.
233 681 312 743 aliis.
343 678 453 746 idest,
488 678 516 734 in
539 677 638 734 codice
660 679 832 752 archetypm
865 677 892 732 in
921 678 1012 734 tertiae
1038 677 1154 735 decedis

81 789 247 863 archetypo
269 785 333 844 libr.
360 785 489 851 xxm.
513 785 567 852 23,
591 785 608 840 6
638 795 704 840 unte
732 784 918 858 cepissent
945 784 1037 856 (Pub,
1065 783 1153 859 cett).

82 895 152 950 Hoc
184 892 273 968 igitur
297 890 413 947 sublato
444 889 548 944 mendo
577 897 732 944 occurrunt
761 889 850 964 paulo
880 897 947 963 post
970 890 996 960 (ξ
1020 891 1050 961 9)
1080 891 1154 946 haec:

82 999 259 1054 Fremerc
282 997 466 1063 iuventus,
489 993 642 1049 nondum
666 993 888 1050 debellatum
912 1012 986 1052 cum
1007 996 1153 1053 Volscis

83 1123 182 1168 esse;
214 1103 318 1200 modo
349 1102 418 1156 dno
447 1099 620 1173 praesidis
647 1098 838 1156 occidione
868 1101 991 1157 occiss
1017 1113 1051 1158 et
1078 1121 1152 1159 eum

83 1209 255 1286 periculo
278 1205 442 1264 retineri.
493 1205 649 1277 Quomodo
672 1204 807 1280 praesidis
833 1205 930 1261 occisa
951 1205 1066 1262 retineri
1088 1225 1152 1264 cum

84 1315 217 1390 periculo
241 1313 361 1388 possint,
390 1329 509 1387 prorsus
531 1329 590 1366 non
611 1310 750 1384 intelligo.
799 1310 857 1368 Sed
878 1320 985 1386 praesto
1008 1320 1082 1380 sunt.
1105 1313 1153 1386 qui

84 1421 214 1476 doceant
232 1419 404 1494 praesidio
426 1417 550 1492 primurn
566 1416 697 1472 homines
715 1417 744 1472 in
759 1417 894 1492 praesidio
913 1418 1033 1492 positos.
1051 1418 1153 1474 deinde

85 1525 151 1599 ipsc
174 1523 294 1579 castello
319 1525 448 1598 intelligi.
509 1523 608 1590 Itane,
640 1539 754 1594 qnaeso,
787 1531 817 1578 ut
843 1541 901 1578 uns
924 1523 1065 1578 sententia
1088 1524 1152 1579 bre·

83 1631 209 1686 sissima
238 1631 275 1685 sd
306 1629 448 1704 duplicem
483 1627 722 1702 significationem
753 1627 949 1701 adiungantur
980 1628 1016 1683 de
1051 1629 1152 1686 eodem

84 1735 225 1810 praesidio
241 1736 299 1791 duo
315 1735 404 1790 verbs
418 1751 538 1808 prorsus
554 1733 714 1789 contrarie:
738 1734 805 1788 hoc
828 1733 1035 1807 praesidium
1057 1735 1150 1790 occi-

84 1842 188 1897 ditur
211 1849 245 1896 ct
267 1841 383 1914 (postea
394 1837 554 1913 receptum)
572 1837 772 1895 retinetur?
801 1838 918 1912 Nugas!
941 1841 1034 1896 Acne
1048 1841 1153 1897 retine·

86 1949 195 2004 bantur
208 1946 323 2020 quidem
341 1945 398 2001 duo
413 1945 464 2001 illo
481 1944 612 2010 castelle:
638 1963 705 2002 nem
720 1963 814 2018 neque
829 1963 924 2000 urcem
938 1943 1153 2004 Caruentanam

85 2072 182 2126 neque
193 2051 395 2126 Verruginem,
416 2060 571 2125 postquem
589 2070 607 2106 a
621 2049 738 2106 Volscis
757 2059 968 2124 commossem,
985 2052 1084 2108 Livius
1108 2073 1153 2110 re·

87 2168 189 2233 reptes
206 2177 225 2212 a
236 2158 376 2214 Romanis
389 2158 574 2232 significarim
591 2156 726 2224 Volscos,
740 2156 788 2229 qui
799 2167 865 2230 post
882 2157 1073 2231 Verruginem
1083 2177 1152 2233 cap-

86 2263 251 2338 tempsisti
266 2263 303 2318 od
319 2263 506 2338 prodendum
523 2271 628 2330 essent.
646 2279 802 2337 oppressos
821 2262 861 2334 (in
878 2263 967 2336 egris)
979 2264 1059 2323 dixit.
1092 2265 1153 2321 Po-

87 2381 196 2426 stremo
222 2377 256 2424 et
277 2369 306 2424 in
328 2370 389 2426 MR
410 2379 461 2438 est.
484 2389 503 2426 s
518 2369 585 2426 PLi
614 2366 889 2441 (deterioribusque)
915 2369 1006 2438 obest.
1028 2379 1068 2438 ut,
1090 2370 1152 2428 frie-

88 2475 164 2530 ritne
184 2475 214 2530 in
236 2475 394 2550 archetypo
417 2493 454 2531 sn
470 2475 600 2532 additum
623 2482 726 2549 postea
748 2473 785 2528 sit
800 2474 837 2529 ed
860 2473 918 2528 duo
940 2475 1030 2530 verbe
1052 2485 1152 2532 utcun-

88 2599 145 2652 que
167 2579 344 2654 copnlends.
369 2577 487 2634 dubium
510 2579 556 2635 sit.
612 2579 712 2636 Livius
741 2579 912 2653 scripserat:
947 2581 1051 2638 modo
1083 2582 1151 2638 dno

87 2685 262 2760 praesidis
290 2683 481 2740 occidione
503 2685 641 2753 occise3
673 2682 777 2761 [elin]
809 2705 884 2741 cnm
907 2685 1073 2760 periculo
1095 2705 1152 2742 rc-

86 2791 208 2846 tineri.
254 2789 289 2846 In
312 2789 366 2845 hac
388 2789 485 2844 forms
509 2791 616 2847 variari
647 2791 819 2864 significatio
842 2801 964 2866 poterat.
1056 2792 1152 2850 Venio

86 2896 125 2952 ad
149 2895 263 2952 tertium
285 2895 390 2963 locum,
416 2896 498 2951 cuius
522 2896 762 2966 emendationem.
785 2915 803 2952 a
824 2897 970 2954 veteribus
994 2899 1153 2957 editoribus

86 3009 276 3075 praeceptam,
307 3009 375 3056 snte
402 2999 508 3056 multos
536 3019 628 3056 annos
658 3001 785 3058 breviter
808 3003 968 3077 significavi
989 3005 1018 3062 in
1041 3004 1151 3080 Opusc.

86 3107 183 3164 Arsd.
204 3107 218 3162 l
242 3125 270 3180 p.
288 3107 355 3166 246.
398 3107 476 3163 Nom
502 3111 517 3175 ᾗ
544 3108 579 3162 12
606 3107 647 3163 sic
669 3107 806 3182 scriptum
830 3117 888 3166 est:
915 3128 989 3167 eam
1014 3111 1152 3185 (plebem)

86 3213 216 3288 procul
251 3213 336 3268 urbe
368 3211 497 3268 heberi
528 3223 637 3287 utque
669 3214 851 3288 ablegari,
888 3233 929 3271 ne
966 3215 1061 3273 domi
1092 3237 1154 3292 per

87 3319 198 3375 otium
234 3337 367 3375 memor
410 3317 601 3374 libertatis
643 3319 941 3393 coloniarumque
978 3331 1040 3378 out
1075 3323 1153 3396 agri

86 3425 228 3499 publici
249 3433 311 3480 erit
331 3421 506 3497 suffragii
528 3423 644 3481 libere
666 3423 810 3482 ferendi
838 3427 998 3484 consilia
1028 3429 1152 3503 agitet.

87 3533 213 3588 Prorsus
242 3547 378 3606 perverse
411 3528 568 3586 libertus
605 3541 639 3586 et
671 3530 825 3588 colonioe
862 3533 1047 3608 copulantur,
1089 3553 1153 3608 qum

86 3635 166 3694 nullo
192 3636 279 3693 modo
302 3637 404 3693 codem
426 3635 491 3692 loco
514 3644 543 3692 et
565 3635 665 3692 ordine
687 3646 762 3706 snm,
796 3637 899 3695 deinde
922 3639 980 3696 duo
1001 3640 1152 3697 nominan-

87 3755 144 3810 tur,
166 3761 231 3816 quae
251 3741 363 3818 legibus
387 3741 548 3798 tribuniciis
570 3751 631 3798 tum
656 3743 852 3816 agitabuntur.
878 3761 949 3816 eger
970 3743 1101 3816 publicus
1125 3753 1153 3800 et

86 3845 229 3922 suffragia
258 3847 298 3910 tin
320 3849 451 3906 creandis
482 3847 708 3922 magistratibus,
744 3865 818 3922 quos
850 3859 879 3904 et
907 3867 943 3904 ex
966 3857 1031 3905 utro
1053 3849 1154 3906 ordine

87 3953 223 4026 vellent),
253 3971 272 4009 n
293 3953 398 4026 quibus
420 3954 600 4011 coloniarum
626 3953 760 4010 deductio
786 3954 916 4028 seperari
939 3973 997 4010 non
1026 3963 1152 4029 poteret.

88 4058 276 4116 Manifestum
310 4069 368 4120 cst.
407 4059 530 4134 primum
570 4061 704 4116 universo
732 4059 873 4116 libertatis
905 4059 1075 4117 memoriam
1102 4079 1155 4136 per
