2800 4646
234 273 291 324 Lib.
305 271 460 322 XXXVIII.
739 273 798 330 438

234 457 379 516 indicetur
399 473 504 534 pugnat
532 473 623 531 genus
647 456 740 531 (qnod
771 465 837 513 ante
859 455 961 514 Liuius
983 457 1099 514 uberius
1121 455 1306 532 descripsit):

235 565 350 624 Ferro
372 562 527 640 ignique
548 571 740 637 gestares,
763 561 866 620 deinde
887 561 953 618 loca
975 571 1003 618 et
1024 572 1143 620 eventus
1165 562 1304 620 dividuu-

235 681 295 729 tur:
318 689 336 727 a
359 669 502 726 duobus
525 667 635 724 irrito
656 667 806 744 incepto
834 714 863 728 ..
884 669 1167 740 abscesserunt3
1191 679 1303 726 utrox

235 794 357 853 pugna
380 775 539 832 inunum
562 781 615 834 cet.
658 774 757 834 Unum
781 775 934 832 molestum
956 785 1014 843 est,
1040 775 1118 849 quod
1140 775 1169 832 iu
1191 774 1258 832 illo:
1284 794 1305 832 a

235 883 376 940 duobus
411 899 470 937 non
497 879 583 937 facile
605 898 641 937 ex
670 880 867 956 superioribus
889 881 1004 938 auditur
1024 880 1132 944 locis,
1162 881 1304 955 quoniam

236 995 304 1065 post
335 989 391 1043 hoe
421 985 595 1044 vocabulum
631 985 713 1042 initio
750 986 853 1060 capitis
874 987 1000 1061 positum
1030 987 1184 1058 (Tribus
1205 986 1304 1044 locis

237 1093 303 1164 cet)
326 1091 418 1149 multa
439 1090 589 1148 interiecta
610 1100 685 1160 sunt,
707 1109 760 1148 nee
782 1099 859 1149 reete
881 1092 956 1149 sumi
981 1112 1072 1150 exeo
1095 1102 1199 1168 potest,
1222 1095 1304 1168 quod

236 1197 367 1274 sequitur
389 1199 437 1274 (in
459 1215 563 1254 unum
586 1193 737 1274 locum);
759 1197 874 1254 videtur
896 1198 1037 1256 excidisse
1058 1199 1157 1256 locis.
1215 1197 1305 1255 Certe

236 1303 358 1380 vulgata
381 1304 525 1380 scriptura
546 1322 604 1360 non
625 1311 703 1360 recte
726 1297 858 1374 habet.¹)

320 1408 394 1485 Cep.
418 1411 446 1476 9,
478 1411 495 1465 3
534 1407 629 1466 oratio
656 1409 698 1466 sio
729 1407 960 1484 interpungenda
993 1419 1050 1464 est:
1084 1411 1167 1466 Haee
1201 1427 1303 1465 more

237 1515 330 1592 (quod
352 1514 429 1591 cepti
452 1515 489 1572 ab
512 1513 717 1572 Acamsnibus
739 1513 907 1570 AEtolorum
930 1513 1018 1588 legati
1039 1513 1133 1588 erent)
1163 1515 1305 1571 iniectu

237 1631 292 1680 est
325 1622 425 1698 poci,
457 1639 561 1696 quum
592 1619 662 1676 iam
696 1618 977 1676 Atheniensium
1000 1619 1306 1694 Rhodiorumque

238 1727 375 1803 legati,
404 1726 464 1803 qui
487 1725 530 1782 ad
552 1723 819 1798 deprecandum
842 1742 908 1799 pro
928 1723 973 1780 iis
991 1733 1186 1794 venerunt,
1208 1725 1304 1800 opud

242 1832 427 1890 consulem
451 1839 581 1890 essent
638 1829 871 1905 Amynander
904 1847 1046 1904 quoque
1088 1875 1115 1889 ..
1144 1841 1306 1886 venerut

238 1939 271 1994 in
295 1947 422 1994 castre
442 1939 604 1996 Romana
625 1945 679 1992 oet.
735 1935 881 1992 Vitiosum
903 1945 947 1990 est
969 1935 1061 1992 enim:
1090 1937 1201 2010 Quum
1233 1935 1304 1992 iam

244 2087 272 2104 ..
303 2051 445 2113 essent,
481 2044 555 2099 Am.
583 2057 726 2116 quoque
757 2049 911 2096 venerat
947 2040 1012 2114 (pro
1036 2039 1159 2117 veuit).
1208 2041 1307 2098 Paulo

238 2159 307 2207 unte
337 2147 366 2223 (ᾗ
389 2147 421 2222 2)
457 2165 515 2204 non
552 2147 651 2204 debuit
687 2155 767 2204 recte
802 2144 910 2202 codicis
932 2145 964 2201 M
994 2144 1138 2221 scriptura
1169 2147 1308 2221 (iurgio

237 2253 400 2330 excepti,
420 2253 590 2328 quamdiu
614 2272 686 2310 rem
709 2253 934 2320 traherent),
958 2251 988 2308 iu
1010 2270 1070 2326 qua
1090 2252 1166 2310 idem
1189 2262 1233 2310 est
1254 2252 1306 2308 iu-

237 2359 442 2435 terrogationis
465 2359 556 2416 verbo
582 2357 752 2434 indignandi
773 2365 802 2414 at
823 2358 961 2432 querendi
983 2357 1118 2416 subiectas
1141 2377 1219 2428 usus,
1242 2377 1307 2432 quo

237 2465 341 2524 dicitur
374 2466 489 2524 irasci
524 2464 654 2533 elicui,
680 2481 743 2520 cur
776 2462 892 2520 Ieciut
929 2473 957 2521 et
987 2473 1178 2540 correptus
1211 2481 1307 2532 sum,

236 2655 435 2665 ψ

256 2773 278 2838 ¹)
305 2775 368 2840 Cep.
389 2782 412 2835 7,
433 2781 448 2824 0
468 2775 524 2838 (ubi
544 2775 628 2837 agitur
646 2774 677 2821 de
697 2773 816 2822 cuniculo
830 2773 879 2822 sub
898 2787 970 2822 muro
984 2774 1129 2824 Ambraciae
1147 2789 1163 2822 s
1176 2775 1304 2826 Romanis

307 2869 380 2932 acto)
399 2869 474 2918 unice
492 2881 578 2916 rerum
598 2875 639 2914 est
657 2865 802 2926 fulturis,
822 2866 890 2928 quod
912 2865 1032 2915 Gelenius
1050 2880 1083 2916 ex
1109 2867 1136 2916 M
1162 2883 1208 2932 pro
1228 2865 1302 2916 lur-

306 2960 393 3010 oulis
412 2961 532 3010 restituit.
576 2959 675 3020 Fut-cis,
702 2974 754 3007 uon
774 2958 851 3007 modo
883 2958 1042 3018 surculis,
1069 2975 1190 3008 resnou
1213 2961 1303 3023 magni

304 3054 432 3119 ponderis,
453 3051 528 3101 loruli
548 3051 675 3101 similiare
693 3051 814 3114 suspendi
833 3057 953 3114 possuut;
982 3052 1015 3100 ad
1036 3066 1152 3110 murum,
1181 3052 1302 3102 cuniculo

306 3145 476 3203 introducto,
496 3143 675 3192 sustiucudum
695 3143 952 3208 suspendendumque
971 3159 1036 3207 opus
1055 3145 1205 3194 estmaioris
1217 3146 1302 3208 operis

304 3237 444 3288 fulturis
463 3251 496 3284 ex
516 3235 631 3284 trabibus
650 3243 675 3284 et
693 3233 837 3284 tubulorum
856 3233 936 3283 firmis
955 3237 1121 3300 compagibus
1134 3247 1160 3287 et
1174 3238 1301 3287 columnis

308 3333 401 3394 ligneis
420 3325 568 3394 (sudlotc);
588 3343 631 3377 ess
650 3323 806 3396 ἐρείσματα,
826 3328 929 3376 nomine
948 3327 1041 3377 Latino
1060 3329 1097 3378 illi
1116 3345 1221 3395 prorsus
1240 3345 1302 3379 cou-

304 3423 425 3482 venieuti,
444 3421 569 3485 Polybius
587 3421 757 3486 appellatV,
777 3426 793 3469 4
812 3429 838 3470 et
856 3419 897 3479 V,
921 3422 969 3470 100
995 3423 1021 3469 in
1046 3421 1169 3472 similibus
1188 3423 1302 3487 descrip—

304 3515 415 3565 tionibus
433 3521 638 3580 oppuguutorum
657 3513 766 3572 urbium,
784 3513 867 3576 ipsum
886 3521 970 3561 sutem
991 3527 1043 3562 rem
1062 3511 1229 3566 assuetam
1247 3515 1301 3564 sei-

305 3625 353 3676 χος
376 3600 549 3676 (duopuzdlv
570 3602 615 3658 stul
634 3601 810 3672 κρεμασθὲν).
865 3598 1021 3671 Στήριγγας
1046 3604 1090 3654 ulii
1117 3619 1163 3669 pro
1191 3599 1303 3664 catium

303 3701 449 3765 appellaut;
476 3699 525 3746 uid.
545 3697 693 3759 Wesseliug
719 3698 751 3744 ad
770 3697 846 3746 Diod⁴
867 3695 919 3746 sic.
938 3695 1041 3756 XVIII,
1076 3699 1117 3746 70.
1166 3695 1255 3758 Neque
1274 3697 1300 3744 iu

303 3792 449 3841 huiusmodi
479 3791 651 3857 appellatione
675 3789 871 3837 machinamenti
898 3791 1036 3854 quicquam
1057 3789 1156 3838 minimi
1176 3790 1298 3837 momenti

303 3881 383 3933 habet
399 3881 525 3932 dubitatio
544 3899 559 3932 a
580 3881 792 3932 Drakenborohio
820 3892 906 3942 mota,
932 3883 1001 3946 quod
1025 3881 1159 3931 luiturus
1174 3879 1300 3930 vocabulo

304 3975 430 4038 (legitime
458 3975 527 4024 laeto
555 3985 581 4024 et
607 3976 674 4038 apud
694 3975 828 4024 Horatium
851 3973 948 4038 posito)
969 3973 1057 4023 Livius
1082 3973 1142 4022 alibi
1169 3987 1230 4024 usus
1249 3987 1301 4022 uon

303 4067 436 4130 reperitur.
