2826 4650
282 289 338 338 Lib.
357 289 388 338 11.
755 295 793 349 60

337 472 408 550 Cap.
432 475 480 541 33,
505 477 520 529 7
544 473 592 556 ubi
615 473 710 548 agitur
727 473 765 532 de
781 473 814 532 C.
831 475 943 532 Marcio
965 475 994 532 in
1010 474 1142 534 Coriolos
1165 477 1306 553 oppidum

248 581 438 656 irrumpente,
470 577 591 648 frustra,
624 579 745 654 opinor,
772 579 927 638 defendere
948 582 1072 639 editores
1094 582 1209 639 student
1230 583 1307 640 hanc

154 735 158 745 .
251 687 405 743 verborum
442 686 683 744 coniunctionem:
726 685 893 760 eaedeque
930 688 965 746 in
1004 689 1170 764 proxima
1205 689 1308 746 urbis

249 790 362 860 lacta3
389 811 483 866 neque
503 803 614 860 temen,
640 790 689 864 qui
711 791 854 866 corrigere
876 793 1043 862 voluerunt,
1064 793 1230 869 probabilia
1252 812 1307 849 ex-

250 899 423 972 cogitarunt.
466 898 539 954 Mihi
554 917 611 954 una
622 915 682 954 vox
704 897 897 972 (eaedeque)
919 917 972 956 suo
993 899 1058 956 loeo
1071 905 1151 956 mota
1165 897 1302 954 etalisno

249 1003 357 1060 ineerta
378 1004 507 1073 videtur,
535 1021 594 1078 que
622 1003 750 1078 reposita
765 1003 806 1060 sic
827 1003 959 1062 decurret
982 1005 1043 1061 sine
1065 1004 1123 1061 ulle
1145 1002 1307 1062 offensione

249 1109 356 1166 oratio:
398 1109 503 1168 ferox
540 1107 673 1184 irrupit
705 1109 741 1166 in
775 1109 942 1184 proxime
981 1111 1096 1180 urbis,
1136 1108 1307 1184 oaedeque

249 1213 348 1273 facte
368 1216 483 1292 ignem
499 1247 535 1257 -
561 1213 731 1272 edificiis
752 1215 889 1274 iniecit.
913 1213 986 1286 (Cir.
998 1215 1177 1291 prooemium
1198 1235 1228 1290 p.
1245 1215 1306 1287 12.)

332 1321 403 1399 Cap.
428 1325 477 1386 36,
497 1323 513 1378 2
538 1317 582 1396 (in
605 1320 710 1390 verbis,
732 1339 796 1394 quae
817 1322 853 1378 T.
864 1321 995 1378 Latinius
1017 1323 1046 1378 in
1062 1323 1175 1379 somnio
1204 1323 1306 1380 sudire

249 1435 304 1493 sibi
325 1433 405 1489 risus
426 1435 480 1496 est)
512 1425 665 1503 geminatis
697 1426 810 1483 duabus
842 1426 943 1483 litteris
964 1429 1145 1484 scribendum
1178 1427 1306 1484 videtur:

248 1543 320 1600 iret
341 1551 375 1596 et
396 1541 463 1612 (pro
484 1530 569 1611 iret)
601 1551 641 1590 ea
663 1532 875 1589 consulibus
898 1531 1098 1603 nuntiaret,
1126 1533 1203 1606 quod
1226 1532 1305 1589 etin

249 1647 368 1721 obliqua
389 1642 519 1701 oratione
534 1639 575 1696 sic
597 1637 652 1694 dici
674 1638 747 1694 solet
769 1638 1002 1732 (sublatenrectae
1024 1639 1186 1695 vehementi
1207 1639 1306 1695 brevi-

249 1754 320 1823 tate)
343 1759 371 1806 ot
403 1747 480 1822 quod
508 1744 634 1819 alioquin
662 1763 719 1799 non
741 1752 818 1800 recte
841 1742 959 1818 erigitur
981 1762 1052 1800 sono
1073 1763 1233 1820 pronomen
1255 1763 1305 1801 ea.

248 1857 296 1916 Ne
318 1863 397 1912 recta
420 1853 550 1908 oratione
571 1850 695 1926 quidem,
717 1849 886 1924 interposito
906 1851 1085 1925 pronomine,
1108 1851 1264 1908 dicoretur:
1280 1849 1306 1916 Ι,
1335 1839 1346 1856 ’

251 1965 323 2020 haec
344 1958 486 2028 nuntio,
508 1957 571 2013 sed:
592 1957 623 2026 l,
645 1955 771 2012 nuntie
792 1957 863 2012 haec
885 1950 980 2029 cet.¹).

250 2121 446 2134 —-.—-.-

317 2231 417 2289 poterat
434 2223 510 2271 etiam
529 2222 562 2270 ttb
581 2220 735 2282 ingerslovio
754 2221 830 2277 sumi,
850 2236 958 2283 quocum
980 2222 1240 2279 communicaveram
1260 2221 1305 2268 scd

319 2317 413 2367 oblitus
431 2323 485 2364 erat
503 2313 675 2376 ingerslevius
695 2328 786 2361 nomen
804 2329 887 2362 meum
907 2313 1057 2362 adscribere.

267 2436 290 2498 ¹)
320 2439 361 2488 lle
380 2453 400 2486 c.
420 2443 470 2494 40,
498 2440 512 2484 8
543 2435 601 2498 quid
621 2435 756 2494 sentirem,
785 2436 926 2498 significavi
944 2451 1021 2498 supro
1042 2451 1066 2499 p.
1089 2441 1129 2485 13.
1165 2433 1195 2482 Iu
1214 2435 1307 2484 eodem

320 2531 400 2594 capite
418 2529 488 2577 aliud
506 2528 533 2576 iu
552 2537 696 2576 transcursu
715 2529 847 2591 attingam.
893 2528 976 2578 Multa
1004 2527 1030 2575 in
1057 2526 1200 2592 philologia
1229 2528 1308 2576 mira·

318 2622 380 2671 bilia
402 2621 463 2669 mihi
489 2620 616 2670 accidunt.
664 2621 735 2668 Inter
752 2635 783 2668 ea
801 2637 884 2684 pono,
904 2621 971 2682 quod
990 2621 1068 2668 homo
1086 2621 1176 2668 doctus
1202 2627 1227 2666 et
1247 2634 1307 2682 pru·

319 2716 389 2771 dens,
408 2713 539 2762 meliorum
560 2713 674 2762 codicum
687 2721 804 2770 sectator,
823 2713 947 2770 Hormine,
961 2727 1036 2776 quum
1055 2713 1081 2760 in
1099 2712 1217 2760 omnibus
1237 2712 1307 2760 codi-

320 2808 401 2864 cibus,
420 2821 526 2868 quorum
547 2805 599 2854 ullo
619 2815 657 2854 cst
675 2807 811 2855 auctoritas
830 2805 986 2868 (MPHtLl,
1005 2805 1074 2853 Flor.
1089 2805 1116 2856 S.
1130 2806 1221 2864 Marci,
1242 2805 1307 2854 Rot-

318 2899 401 2956 tend,
432 2897 540 2948 Helmst.
567 2899 643 2960 apud.
669 2896 795 2958 Gronov.)
827 2905 852 2946 et
875 2897 900 2945 iu
920 2898 1086 2946 deterioribus
1113 2898 1189 2946 etiem
1209 2898 1308 2961 aliquot

321 2990 411 3052 (Voss.
434 2996 461 3047 l,
492 2991 564 3039 Leid.
590 2993 619 3050 2)
649 2991 769 3054 scriptum
788 2991 875 3038 sciret:
902 3003 963 3037 nou
992 2990 1182 3039 inviderunt
1209 2989 1307 3038 laude

321 3099 378 3132 sua
396 3081 603 3140 mulieribus,
623 3099 652 3131 eo
671 3091 806 3137 structura,
825 3097 900 3144 quurn
921 3083 1102 3142 Quintilianus,
1122 3082 1234 3144 Plinius,
1254 3083 1307 3132 Ta-

321 3178 384 3224 citus
403 3175 481 3223 secuti
500 3183 565 3226 sunt
585 3177 661 3238 idque
676 3176 707 3222 nb
721 3174 883 3224 Alschefskio
901 3185 926 3224 et
938 3175 1146 3224 Weissenboruio
1163 3177 1306 3224 restitutum

323 3277 448 3350 essetfx
468 3267 634 3316 deterioribus
653 3269 784 3316 codicibus
807 3269 914 3332 primum
941 3268 1058 3316 laudes
1077 3283 1151 3317 suos
1177 3270 1307 3318 revocavit

320 3362 416 3421 (ortum
439 3350 473 3408 'cx
498 3361 669 3422 geminatione
687 3361 776 3409 litterae
795 3361 835 3420 s),
854 3361 958 3418 deinde,
978 3373 1055 3421 quum
1074 3360 1228 3422 intelligeret
1246 3361 1270 3410 h.
1289 3363 1307 3412 l.

318 3453 440 3516 pluralem
460 3451 566 3502 sormam
584 3468 635 3502 non
652 3464 720 3502 reete
738 3453 813 3517 poni,
841 3451 948 3501 fortasse
974 3451 1104 3500 leudem
1131 3467 1218 3502 suam
1244 3453 1330 3502 soti·'

320 3546 429 3594 bendum
451 3560 507 3594 esso
525 3547 632 3610 putavit.
680 3545 793 3594 Movitne
812 3560 867 3594 etun
895 3544 1035 3608 Spaldiugii
1055 3545 1186 3606 iudicium,
1206 3545 1306 3595 Livium

320 3639 386 3686 inter
404 3645 531 3686 veteres
550 3642 713 3696 numerantis,
739 3653 802 3699 quos
822 3636 995 3696 Quintilianus
1014 3637 1079 3697 (IX,
1099 3637 1127 3694 3,
1150 3636 1191 3702 ll)
1211 3639 1308 3688 scribat

320 3731 452 3778 invideo
465 3729 546 3777 hauc
560 3743 622 3776 rem
638 3729 749 3777 dixisse?
771 3729 851 3790 Atqui
860 3727 1056 3787 Quintilianum,
1065 3731 1116 3778 sire
1127 3731 1147 3779 is
1155 3731 1255 3779 Livium
1268 3732 1308 3779 in-

320 3831 359 3870 ter
370 3830 465 3870 veteres
483 3821 630 3873 numeravit,
643 3821 694 3870 sive
704 3836 755 3868 non
770 3822 924 3880 numeravit,
938 3823 1038 3870 codices
1053 3831 1078 3869 et
1092 3823 1179 3886 optimi
1196 3825 1308 3884 (dmbr,

321 3913 420 3976 Turio.)
434 3926 460 3960 et
473 3913 611 3962 medioeres
620 3914 755 3962 ostendunt
768 3929 819 3962 non
835 3914 917 3962 hane
933 3928 1004 3969 rem,
1017 3915 1060 3962 sed
1074 3915 1151 3962 huic
1167 3917 1213 3963 rei
1228 3918 1309 3980 scrip-

320 4003 1308 4072 sisse(inrideofelicitatialicuius).1nviderealienialiquid,

320 4098 388 4158 quod
407 4095 592 4156 Quintilianum
625 4097 752 4146 veteribus
771 4105 796 4146 et
814 4096 930 4147 Ciceroni
955 4100 1081 4162 precipue
1110 4100 1243 4162 assignare
1261 4115 1310 4164 pu-
