2800 4646
260 273 320 326 Lib.
338 272 440 324 xxm
741 275 801 332 262

239 467 367 515 motus.
410 455 469 516 Sed
490 455 586 512 maior
608 461 653 510 est
678 454 708 510 in
731 455 928 530 superioribus
950 457 1110 524 dubitatio,
1142 455 1172 512 in
1196 454 1306 528 quibua

240 562 310 638 quid
332 562 451 619 subesse
474 568 586 635 posset.
602 559 641 616 ad
661 577 723 616 rem
746 569 775 617 et
795 561 949 619 Livianam
971 561 1167 619 narrationem
1189 566 1305 634 aptum,

239 685 298 724 nou
320 665 391 724 satis
413 665 612 724 considerasse
632 663 703 722 mihi
724 664 867 736 videntur,
889 665 1305 740 quiconiacturastentarunt3

240 789 307 828 uam
329 788 423 844 neque
446 771 482 828 da
504 769 649 827 arcessitis
670 768 831 844 legionibus
856 771 1011 844 quicquam
1033 771 1141 828 dictum
1163 787 1227 826 esse
1249 788 1305 844 po·

241 875 304 945 tuit,
326 893 415 947 quum
437 875 508 931 nulli
528 874 740 949 significentur,
762 875 812 948 qui
834 875 1033 945 arcessierint,
1057 893 1150 949 nequa
1172 875 1209 930 de
1232 873 1305 929 erni·

245 995 299 1034 uus
331 979 472 1054 aspectis,
514 998 601 1053 quum
633 978 784 1035 Hannibal
812 978 887 1037 inter
908 978 1040 1056 Capuam
1070 989 1099 1036 et
1125 979 1305 1035 Vulturnum

241 1081 377 1140 fueritin
399 1083 560 1140 meridiana
580 1083 719 1140 Vulturni
740 1093 833 1159 parte,
852 1083 990 1142 Casinum
1013 1093 1108 1142 autem
1133 1084 1163 1140 in
1176 1082 1305 1150 Volscis,

244 1195 310 1244 octo
332 1187 467 1244 milliaria
491 1187 670 1246 Germanica
696 1187 735 1244 ad
761 1191 985 1262 septentrionem
1017 1210 1036 1248 a
1057 1189 1161 1263 Capua
1181 1187 1305 1254 distans,

243 1292 272 1348 in
285 1293 484 1350 Romanorum
495 1301 640 1367 potestate
662 1291 762 1360 fuerim
774 1293 854 1366 (nam
868 1296 959 1354 Lirim
980 1294 1130 1354 Hannibal
1144 1295 1200 1350 boc
1223 1293 1304 1350 omni

242 1405 372 1472 tempore
394 1407 461 1472 post
482 1395 664 1453 Cannensem
684 1414 812 1471 pugnam
835 1417 893 1454 nou
914 1408 1112 1473 transgressus
1132 1407 1185 1466 ast,
1207 1416 1244 1453 nc
1265 1397 1305 1452 ad

241 1517 307 1558 eum
330 1500 445 1572 quidem
468 1501 615 1571 accessit3)
629 1519 731 1575 neque,
750 1502 899 1560 nominato
906 1500 1014 1560 Casino
1029 1503 1066 1560 ad
1082 1501 1304 1578 significandam

241 1605 385 1662 exercitus
406 1606 532 1663 Romani
554 1606 661 1675 sedem,
684 1617 870 1681 exspectatur
891 1607 965 1664 alius
997 1608 1113 1683 oppidi,
1145 1625 1204 1680 quo
1235 1625 1307 1682 pro·

242 1711 388 1780 cesserint,
410 1729 530 1778 noman3
552 1710 602 1780 (de
623 1711 746 1785 receptis
768 1711 866 1786 aliquo
889 1712 997 1789 oppido
1019 1711 1160 1772 Romanis
1180 1712 1307 1786 cogitari

242 1815 359 1870 omnino
384 1814 505 1889 nequit).
550 1815 646 1874 Unum
669 1817 784 1873 videtur
806 1817 979 1892 significari,
1007 1816 1166 1874 Hannibali
1188 1817 1306 1872 nuntia-

242 1925 302 1974 tum
326 1935 405 1988 esse,
438 1919 595 1977 exercitum
618 1921 784 1992 dictatoris,
817 1923 866 1997 qui
888 1923 926 1980 ad
949 1921 1087 1978 Casinum
1111 1931 1308 1996 congregatus

242 2017 348 2096 essct¹)
371 2023 492 2080 necdum
522 2025 676 2099 quicquam
700 2028 854 2098 movisset,
885 2027 996 2084 moveri
1026 2035 1160 2101 coeptum
1190 2043 1254 2083 assa
1275 2027 1308 2082 in

242 2125 435 2204 Campaniam
456 2145 566 2185 versus.
623 2131 758 2205 Apparet
789 2133 875 2190 etiam
908 2151 945 2190 ex
966 2132 1063 2190 activa
1091 2132 1173 2188 verbi
1199 2131 1308 2200 forma,

241 2233 407 2292 nominatos
429 2233 534 2304 luisse,
558 2234 607 2308 qui
629 2235 826 2306 nuntiassem
856 2239 961 2312 (neque
989 2236 1064 2292 enim
1087 2235 1308 2293 nuntiarunt

243 2357 296 2412 pro
320 2339 529 2396 nuntiatum
554 2347 611 2408 est,
640 2347 671 2394 ut
695 2339 783 2415 vulgo
805 2341 937 2398 homiues
958 2341 1171 2416 intelligantur,
1205 2340 1311 2396 Livius

243 2443 339 2500 dicare
362 2443 437 2500 solet
460 2451 510 2498 aut
532 2442 578 2498 bic
601 2441 729 2500 dicturus
743 2445 827 2517 erat).
870 2447 905 2503 1‹1
930 2465 1035 2504 nomen
1058 2443 1120 2501 erui
1141 2451 1212 2520 puto
1235 2444 1308 2500 satis

241 2555 322 2604 certa
344 2547 509 2606 coniectura
540 2564 627 2623 posse
660 2567 697 2604 ex
718 2548 965 2626 nimisaccipi.
1019 2551 1124 2624 Itaque
1156 2550 1194 2606 ad
1230 2550 1310 2606 banc

241 2652 366 2712 formam
381 2653 494 2710 Livium
517 2652 666 2728 scripsisse
690 2654 808 2729 opinor:
822 2674 925 2730 quum
949 2674 968 2711 a
990 2653 1128 2712 Casino
1147 2654 1308 2711 dictato·

240 2776 311 2814 rem
335 2757 619 2832 R.legionesque
636 2756 950 2832 [uenirclllmlda
972 2759 1037 2821 eltl
1059 2759 1309 2815 nuntiassent.

241 2861 352 2935 Vagati
381 2862 518 2919 Numidas
547 2875 630 2920 erant
659 2863 696 2920 ad
723 2864 916 2940 speculanda,
946 2883 1010 2939 quaa
1044 2863 1120 2938 apud
1155 2865 1309 2921 Romanos

243 2962 443 3043 agerentur.²)

239 3173 439 3184 ⁸——

261 3291 284 3360 ²)
314 3297 437 3347 Proximo
464 3313 531 3348 anno
558 3299 661 3360 longius
688 3301 766 3348 ctiam
783 3301 815 3348 ad
834 3300 965 3348 meridiem
985 3313 1073 3346 versus
1090 3295 1167 3346 cales
1190 3296 1223 3342 ad
1242 3309 1309 3344 con-

311 3390 462 3438 veniendum
483 3392 537 3440 dica
556 3393 665 3440 edicitur
683 3390 827 3453 legionibus
845 3391 961 3454 urbanis,
981 3405 1001 3440 o.
1021 3395 1063 3438 31.

258 3474 285 3543 ’)
312 3481 396 3545 'Cap
422 3486 462 3540 lo,
485 3485 515 3530 16
535 3483 653 3530 mendum
673 3481 769 3531 trustra
787 3492 937 3532 excusatum
956 3495 1095 3544 coarguere
1112 3494 1227 3544 portum,
1248 3493 1307 3528 cor-

310 3574 394 3636 rigere
412 3573 579 3636 probabiliter
597 3587 647 3622 non
659 3589 773 3637 possum.
810 3572 900 3637 Neque
919 3575 1097 3622 vincentes
1116 3571 1225 3633 intelligi
1244 3585 1307 3635 pos-

309 3673 369 3713 cunt
388 3665 448 3726 illi,
468 3665 520 3727 qui
540 3673 608 3714 tum
627 3665 794 3724 vicerunt,
819 3667 913 3716 omissa
943 3681 1006 3715 voce
1031 3663 1142 3713 maxime
1161 3664 1306 3712 necessaria

311 3763 337 3803 et
357 3757 440 3819 posito
459 3771 539 3820 pravo
559 3765 681 3820 tempore,
700 3769 783 3820 neque
803 3759 906 3806 omnino
925 3758 1096 3806 vincentes
1109 3755 1241 3818 appellari,
1260 3755 1306 3816 qui

311 3861 364 3895 uon
382 3848 496 3896 vicerant
517 3848 600 3912 (quod
618 3856 709 3913 postea
727 3849 828 3898 demum
847 3848 942 3898 lactum
961 3849 1027 3909 eat),
1055 3847 1100 3896 sed
1127 3845 1305 3894 tantummodo

309 3938 370 3986 victi
389 3952 441 3988 uon
459 3947 546 3999 erant,
574 3947 600 3988 et
618 3940 724 3989 ridicule
742 3941 847 3990 omnino
878 3940 1088 3989 vincentibus
1106 3935 1211 3984 difficile
1242 3935 1307 3983 dioi-

311 4035 352 4077 tur
372 4043 428 4078 case
446 4043 511 4078 non
528 4033 622 4082 rinei.
659 4032 943 4082 Veneratinmeutenr:
962 4030 1029 4080 lion
1048 4030 1136 4078 rinei
1155 4029 1240 4078 enim
1264 4027 1309 4077 ab
