2826 4640
627 307 687 365 485

121 485 231 542 lacuna
250 484 352 545 incidit
373 487 479 545 XLIV
493 487 570 546 inter
579 505 604 546 o.
618 488 657 544 32
682 483 774 564 0133)
785 488 878 546 etduo
891 490 1103 565 00100ωο11011.
1115 510 1141 550 c.
1152 493 1190 550 30

122 593 233 663 0131),
253 591 450 666 quaternionis
475 594 588 672 XXVI
608 593 680 651 folia
704 602 844 669 quattuor
864 594 962 651 medis
986 596 1112 668 (XLIV,
1130 597 1192 669 35),

120 706 205 771 quat
214 697 344 756 XXVII
355 697 413 756 duo
424 699 521 758 medie
545 699 673 772 (XLIV,
684 703 747 774 40),
770 709 850 776 quot.
861 695 1006 758 XXVIII
1030 709 1190 778 extremum

124 803 254 873 (XLIV,
292 805 361 879 46),
398 813 477 880 quat
500 803 599 862 XXX
620 805 678 863 duo
710 813 842 862 extrema
865 803 988 876 (XLV,
1014 810 1050 864 14
1073 815 1102 864 01
1125 809 1191 878 11),

120 917 204 983 quat.
228 909 373 966 XXXIV
394 909 518 986 primum
542 910 654 982 (XLV,
677 909 746 986 39);
767 927 844 968 0000
865 911 946 968 (10001
967 911 1054 972 etiam
1075 923 1192 989 quater·

123 1018 173 1072 nio
195 1015 278 1086 alter,
314 1033 330 1072 e
362 1033 420 1090 quo
443 1014 588 1092 Gryneus
614 1016 745 1074 ediderat
777 1016 843 1074 libri
865 1015 941 1074 XLI
963 1019 1062 1094 capita
1083 1037 1188 1076 novem

120 1123 201 1196 (qum
224 1141 242 1178 s
265 1121 360 1197 primo
382 1123 582 1195 numerantur)
610 1139 704 1198 usque
737 1123 773 1179 ed
802 1123 864 1181 hrec
884 1124 976 1180 verba
998 1122 1101 1198 capitis
1122 1123 1190 1180 noni

123 1227 245 1285 extremi
275 1225 306 1304 (ξ
333 1230 399 1298 10)1
437 1223 628 1303 [edie]tum
651 1245 747 1285 cons.
781 1246 827 1286 so.
862 1227 1048 1286 adiectum
1070 1237 1139 1297 est,
1173 1247 1190 1284 a

119 1333 229 1407 quibus
250 1349 327 1390 nuno
348 1333 441 1392 codex
471 1332 580 1408 incipit
632 1333 738 1408 ltaque
771 1334 800 1390 in
828 1334 884 1392 illis
912 1352 1017 1392 novem
1048 1333 1191 1410 capitibus

119 1440 267 1515 scriptura
288 1457 347 1496 una
368 1436 489 1513 Grynei
513 1436 570 1495 fide
592 1435 736 1516 nititur1).
794 1442 896 1516 Atque
919 1439 1065 1516 Gryneus
1099 1457 1187 1514 quum

122 1545 164 1601 010
185 1546 240 1602 hos
261 1545 351 1601 libros
373 1543 532 1612 edidisset,
568 1551 600 1601 ut
629 1544 705 1602 Livii
734 1547 896 1604 orationem
925 1543 1115 1603 describendo
1137 1544 1191 1602 de-

121 1659 277 1726 pravatam
300 1647 432 1726 plurimis
462 1647 535 1705 locis
568 1650 735 1709 coniectura
759 1661 886 1710 mutaret
921 1652 969 1724 (in
997 1668 1056 1725 quo
1098 1667 1189 1726 nego·

120 1756 163 1812 tio
195 1765 301 1832 praeter
336 1755 480 1812 minorum
502 1764 531 1812 01
553 1755 682 1816 facilium
706 1758 875 1816 mendorum
897 1776 989 1834 prope
1012 1755 1189 1814 infinitorum

120 1861 331 1919 correctionem
373 1860 461 1917 etiam
497 1863 636 1936 graviora
668 1871 697 1920 et
732 1863 903 1921 obscuriore
938 1861 1063 1938 planme
1103 1879 1185 1937 egre·

120 1967 172 2042 gio
194 1967 327 2024 acumine
352 1975 381 2023 et
403 1966 565 2042 sagacitate
585 1967 720 2037 sustulit,
747 1967 776 2024 in
799 1967 864 2024 eliis
887 1968 1035 2025 aberravit
1059 1965 1189 2043 vitiaque

119 2072 326 2148 interpolando
349 2071 443 2144 auxit)
466 2089 519 2128 neo
541 2081 658 2144 temen,
692 2073 770 2147 quod
794 2073 870 2132 illius
892 2073 986 2130 aetatis
1008 2091 1072 2132 mos
1094 2073 1188 2132 minus

121 2179 301 2254 postulabat,
324 2177 392 2253 quid
413 2177 443 2236 in
465 2177 565 2235 codice
586 2188 742 2255 repertum,
767 2177 837 2254 qnid
866 2197 884 2235 0
905 2195 937 2235 00
958 2178 1121 2254 profectum
1144 2197 1190 2237 es·

119 2296 176 2356 set,
198 2285 358 2352 indiceret,
390 2292 560 2360 oportuerat
593 2284 721 2360 pridem,
757 2293 913 2360 postquem
934 2281 1100 2359 diligentius
1128 2286 1190 2343 hee

123 2402 152 2450 et
174 2389 311 2448 minutius
332 2389 453 2448 tractari
475 2399 579 2466 coepte
600 2399 681 2460 sunt,
704 2390 833 2448 codicem
856 2406 921 2446 curn
944 2388 1029 2445 editis
1051 2389 1188 2448 collatum

124 2497 244 2571 eiusque
265 2494 437 2572 scripturam
460 2495 612 2571 diligenter
636 2496 807 2553 adnotatam
830 2512 909 2564 esse,
937 2504 969 2551 ut
992 2503 1104 2552 certum
1126 2493 1189 2552 elli·

120 2611 238 2658 ceretnr
258 2601 422 2680 praesidinm
449 2611 478 2659 et
506 2601 613 2659 veteris
637 2600 848 2658 emendationis
871 2599 1031 2656 iudieandae
1054 2610 1084 2656 et
1106 2617 1190 2657 novoe

124 2706 278 2764 tentanda.
328 2705 364 2763 Ei
389 2705 430 2762 rei
453 2723 541 2780 quum
564 2725 656 2782 usqne
678 2707 716 2764 ad
731 2714 832 2763 nostra
852 2721 946 2781 prope
967 2714 1100 2780 tempora
1121 2724 1190 2781 par-

121 2813 176 2870 tim
197 2812 347 2869 hominum
372 2811 484 2870 incuria
506 2812 675 2879 obstitisset,
709 2811 816 2888 partim
851 2829 951 2867 eorum
984 2809 1115 2886 pravitas
1138 2819 1189 2867 ent

123 2917 243 2988 invidie,
267 2917 316 2992 qui
338 2917 502 2975 huiusmodi
522 2919 675 2976 thesauros
692 2915 982 2975 litterarum‘utilituti
996 2915 1094 2973 deberi
1104 2914 1191 2991 igno·

124 3025 231 3082 rabant
252 3023 345 3098 iisque
376 3023 619 3094 committendos,
652 3023 702 3100 qui
733 3032 812 3080 recte
847 3023 882 3079 iis
909 3022 950 3079 uti
984 3031 1012 3080 et
1033 3021 1140 3080 vellent
1163 3031 1192 3080 et

122 3138 253 3206 possent,
276 3129 386 3204 primus
399 3130 443 3187 Io.
452 3131 586 3207 Theoph.
598 3128 796 3205 Kreyssigius,
817 3127 924 3204 partim
936 3146 1024 3204 quum
1036 3127 1191 3186 editionem

125 3233 202 3292 Lisii
225 3233 409 3292 Ernestiuum
431 3244 568 3309 quartum
584 3235 677 3312 (Lips.
691 3235 768 3292 1823
784 3234 909 3309 »1821)
931 3233 1119 3310 repetendam
1142 3251 1192 3290 cu·

124 3346 213 3406 roret,
235 3339 341 3414 partim
364 3357 452 3414 quum
464 3339 615 3416 ,minorem
632 3339 708 3398 Livii
720 3340 875 3398 editionem
903 3337 1141 3410 (nTauchnitzio
1164 3355 1192 3394 0.

130 3445 208 3502 rste
230 3443 414 3520 Impressem)
437 3446 604 3516 adornaret,
626 3463 695 3503 usus
719 3455 763 3502 est
785 3444 937 3520 scripturis
958 3443 1066 3501 codicis
1089 3463 1107 3500 a
1128 3443 1192 3500 Ko-

123 3549 232 3624 pitario
254 3549 334 3607 faeta
354 3551 510 3610 collatione
531 3551 656 3609 enotatis
678 3549 880 3626 permultaque
903 3568 1003 3607 earnm
1021 3567 1087 3624 ope,
1110 3547 1193 3606 edhi-

125 3655 188 3713 bite
212 3655 299 3713 etiam
322 3657 360 3714 ad
382 3657 489 3715 codicis
511 3656 635 3734 vestigia
656 3656 757 3732 sagaci
784 3656 951 3714 coniectura
973 3656 1088 3732 egregie
1109 3654 1195 3714 resti·

143 3890 170 3956 ¹)
200 3895 325 3946 Extrema
350 3912 411 3962 pers
429 3897 487 3946 libri
506 3895 568 3947 XLI
587 3895 638 3946 iam
658 3905 718 3946 0010
736 3896 911 3956 interciderat,
930 3909 1008 3960 quam
1028 3897 1111 3946 eodex
1129 3894 1194 3944 Viu-

198 3989 355 4039 dobonensis
373 3988 482 4053 scriptus
500 3997 552 4050 cst,
586 3989 612 4037 in
637 4003 689 4054 quo
712 3988 758 4038 illo
785 3988 844 4038 1000
863 4001 947 4051 neque
976 3987 1041 4039 10110
1056 3989 1152 4038 derum
1170 3995 1197 4037 et

198 4081 354 4147 subscriptio
373 4081 450 4131 001110
467 4081 579 4144 ponitur.
