2826 4650
283 270 340 319 Lib.
361 268 381 316 1.
761 272 798 325 44

249 451 533 532 plusquamperfecto
546 452 642 527 (quasi
653 453 748 509 dicas:
772 452 1034 528 indignabatur
1050 452 1193 528 vulgus,
1216 453 1320 527 quod

249 562 367 618 tribus
390 559 570 616 militibus
594 557 743 615 fortuna
770 556 918 632 publica
950 559 1139 616 commissa
1169 557 1319 627 fueriti:

250 668 335 742 longe
361 666 433 723 alius
454 675 521 722 sunt
542 665 655 740 generis
676 664 696 720 ii
717 663 789 734 loci,
818 663 848 720 in
871 665 975 738 quibus
995 684 1031 722 ex
1052 664 1179 741 perfecto
1200 665 1319 722 indica-

251 773 302 831 tivi
329 781 414 830 rectae
437 771 575 828 orationis
596 770 626 826 in
648 770 767 844 obliqua
787 769 961 827 coniunctivi
983 770 1142 847 perfectum
1163 772 1319 832 retinetur.

250 879 344 939 Scribi
364 885 479 954 poterat
500 885 551 932 aut
573 877 764 933 commissa
784 873 881 932 foret
903 885 961 948 aut,
986 876 1093 934 omissa
1104 876 1228 951 obliquae
1243 896 1319 934 ora·

249 985 335 1042 tionis
366 983 589 1058 significatione,
626 999 713 1056 quam
742 981 841 1038 Livius
873 982 901 1039 in
935 985 989 1040 hoc
1018 1001 1122 1058 genere
1152 983 1318 1058 saepissime

248 1092 356 1150 omittit
377 1095 420 1158 (ut
441 1109 464 1148 c.
492 1093 538 1158 ll,
561 1089 578 1146 3
601 1088 629 1144 in
652 1088 834 1160 credebat)
858 1089 1048 1146 commissa
1074 1087 1205 1146 fuerat.
1264 1090 1317 1148 Ex

250 1199 306 1256 hoc
334 1195 456 1253 fuerat
490 1203 584 1251 ortum
614 1202 656 1250 est
683 1194 712 1250 in
745 1194 844 1251 codice
876 1197 1032 1271 archetypo
1067 1193 1180 1252 fuerit
1212 1215 1318 1254 errore

248 1312 419 1381 pervagato.

333 1407 406 1484 Cap.
430 1411 484 1479 30,
509 1411 536 1464 5.
581 1407 654 1466 Sunt
682 1407 814 1481 quaedam
846 1407 987 1464 eiusmodi
1008 1407 1043 1463 de
1066 1415 1195 1463 veterum
1217 1407 1316 1482 serip-

250 1529 344 1574 torum
366 1515 437 1572 loeis
459 1515 638 1582 coniecturae,
666 1531 739 1587 quas
760 1532 842 1588 paene
863 1513 969 1570 inritus
991 1530 1133 1587 promam,
1156 1513 1234 1587 quod
1255 1533 1316 1572 nec

249 1623 278 1679 in
302 1621 448 1678 codicibus
471 1618 558 1675 ullum
589 1617 704 1674 latentis
726 1619 851 1676 vulneris
882 1619 1015 1676 indicium
1041 1619 1143 1675 eminet
1169 1639 1221 1676 nec
1243 1637 1315 1676 sen·
1404 1653 1405 1658 κ

250 1729 345 1786 tentiae
366 1725 562 1798 orationisque
583 1723 723 1799 pravitas,
746 1743 921 1799 quamquam
938 1725 1008 1782 milri
1026 1723 1179 1782 manifesta
1196 1725 1315 1782 videtur
1404 1763 1405 1798 3

250 1853 302 1891 nec
324 1831 515 1908 suspicionem
538 1830 635 1886 animo
658 1829 764 1904 pellere
786 1829 861 1898 sinit,
893 1849 928 1887 ea
949 1839 1001 1899 est,
1023 1848 1088 1904 qua
1109 1831 1314 1890 demonstrata
1404 1825 1405 1858 ³

250 1939 335 1997 facile
357 1955 456 1994 omnes
479 1934 625 1993 offensura
646 1936 787 1993 videatur.
833 1937 881 1994 Ex
902 1955 936 1992 eo
958 1955 1063 2011 genere
1085 1938 1131 1994 hic
1152 1915 1197 1996 est
1216 1939 1312 2010 locus,

250 2046 279 2102 in
304 2063 361 2118 quo
387 2044 422 2100 de
445 2042 539 2099 causis
561 2041 617 2097 orti
638 2041 712 2098 inter
729 2040 846 2098 Tullum
863 2041 1018 2098 Hostilium
1042 2052 1070 2098 et
1092 2043 1217 2102 Sabinos
1239 2046 1311 2102 belli

249 2151 359 2225 egitur:
391 2148 520 2206 Tullus
543 2147 586 2203 sd
606 2145 770 2204 Feroniae
791 2146 911 2204 fanum
935 2159 1093 2206 mercatu
1122 2148 1311 2224 frequenti

249 2255 503 2330 negotiatores
540 2255 720 2310 Romanos
758 2255 1037 2329 comprehensos
1072 2256 1313 2330 querebatur,
1404 2331 1405 2336 ἵ

249 2360 377 2417 Sabini
411 2376 496 2415 snos
527 2357 628 2432 prius
661 2359 696 2416 in
727 2360 844 2417 lucum
875 2359 1085 2435 confugisse
1120 2380 1159 2418 ac
1191 2363 1312 2419 Romus

248 2475 422 2524 retentos.
466 2465 536 2522 Haec
558 2464 599 2521 ita
621 2465 729 2540 scripta
752 2474 833 2534 sunt,
855 2483 890 2522 ac
910 2466 934 2522 si
957 2466 1208 2540 negotiatores
1239 2486 1312 2525 suos

250 2575 351 2630 Romae
372 2582 499 2628 retentos
512 2571 612 2630 Sabini
636 2573 729 2646 questi
750 2573 819 2642 sint;
842 2590 908 2628 nam
931 2571 959 2627 in
982 2572 1027 2627 his
1049 2573 1192 2629 contrarie
1210 2573 1311 2632 relatis

249 2676 443 2741 (Romanos
461 2711 497 2718 -—
514 2683 611 2745 suos)
630 2679 840 2736 substantivum
854 2677 1003 2752 utriusque
1021 2677 1140 2735 membri
1156 2697 1312 2738 commune

248 2801 311 2839 esse
332 2783 458 2852 videtum
486 2783 537 2840 sed
559 2793 590 2840 ut
611 2785 781 2852 concedam,
804 2801 887 2842 suos
911 2785 1042 2842 universe
1065 2785 1162 2841 cives
1185 2783 1310 2860 (homi-

247 2889 321 2963 nes)
344 2889 479 2964 intelligi,
511 2909 604 2964 nequo
634 2908 685 2946 cur
711 2889 752 2945 illi
775 2890 905 2946 homines
927 2891 957 2948 in
978 2891 1072 2948 lucum
1097 2889 1311 2966 confugisse

248 2995 390 3064 dicantur,
413 3005 544 3069 apparet,
567 3014 659 3069 neque
681 3013 732 3052 cur
753 2997 902 3066 retenti,
931 2997 954 3054 si
980 2997 1035 3072 ipsi
1058 3007 1159 3072 sponte
1181 3017 1216 3053 eo
1239 3016 1309 3054 con·

249 3101 388 3176 fugerint3
411 3121 478 3159 nam
500 3121 595 3159 rerum
619 3102 786 3176 capitalium
807 3121 873 3160 reos
894 3101 992 3171 fuisse,
1017 3122 1090 3176 quos
1106 3121 1193 3177 quum
1206 3103 1308 3162 Sabini

249 3207 329 3265 reddi
353 3207 390 3263 ad
413 3207 583 3282 supplicium
606 3207 823 3284 postulaverint,
846 3227 903 3264 non
925 3209 1023 3265 traditi
1045 3209 1109 3278 sint,
1132 3229 1168 3265 ne
1189 3209 1308 3266 minima

248 3313 364 3390 quidem
388 3314 558 3388 significatio
582 3323 634 3372 est.
694 3314 828 3388 Apparet
854 3315 903 3389 agi
936 3315 971 3372 de
1004 3316 1095 3372 servis
1121 3314 1308 3382 Sabinorum,

249 3421 300 3495 qui
322 3421 358 3476 ad
381 3420 545 3477 servitutem
570 3419 729 3476 exuendam
752 3419 781 3475 in
807 3420 917 3496 asylum
939 3422 1104 3479 Romanum
1126 3420 1308 3496 confugerint

249 3546 301 3583 nec
337 3526 440 3583 redditi
467 3524 589 3581 dominis
616 3525 831 3598 reposcentibus
864 3526 934 3595 siut,
966 3527 1044 3600 quod
1075 3526 1210 3601 frequens
1233 3527 1307 3584 anti·

248 3633 313 3708 quis
337 3633 514 3708 temporibus
536 3629 610 3685 inter
631 3630 739 3686 ricinos
761 3631 885 3706 populos
901 3632 1010 3689 iniuriae
1023 3633 1203 3708 querelaque
1216 3651 1307 3710 genus

249 3737 312 3807 fuit,
334 3737 555 3812 significarique,
578 3735 703 3794 Sabinos
725 3737 809 3793 huius
830 3738 940 3795 iniuriae
958 3738 1037 3813 prius
1062 3737 1146 3796 facte
1169 3739 1304 3798 {ultionem

248 3842 434 3917 praetexuisse
468 3861 526 3899 suae
563 3842 591 3898 in
621 3843 849 3917 negotiatoribus
868 3844 1008 3902 Romanis
1030 3846 1305 3921 comprehendendis

249 3947 400 4010 violentiae.
449 3947 559 4006 Verum
593 3949 648 4006 sui
678 3949 719 4005 sic
750 3949 826 4006 nude
855 3949 930 4007 servi
953 3951 1093 4026 appellari
1114 3952 1142 4008 in
1161 3953 1216 4009 lroc
1240 3971 1306 4009 ora-

248 4053 334 4110 tionis
370 4063 505 4111 contextu
539 4054 618 4111 nullo
645 4055 733 4111 modo
766 4064 930 4129 potuerunt.
980 4055 1086 4131 Itaque
1119 4057 1232 4130 quoties
1268 4057 1306 4114 ad
