2826 4640
610 262 668 318 535
1016 260 1072 310 Lib.
1088 259 1171 310 XLII.

105 445 323 506 haecferefuit:
340 444 384 502 Et
399 443 578 502 dicentem
591 461 667 500 cum
684 461 838 502 assensu
851 443 1017 502 Marcius
1030 444 1173 520 [audire

108 553 215 610 visus
244 560 295 608 est
326 559 376 620 et,
405 567 510 624 quum
539 548 685 606 dicendi
705 548 814 608 finem
837 547 1020 626 fecisset,]
1045 559 1172 608 auctor

110 657 184 715 fuit
207 653 372 713 mittendi
396 655 544 712 Romam
567 653 719 733 icgoics·
752 652 887 732 [Amici
907 674 1054 732 quoque
1075 654 1171 730 regis

111 773 256 822 secreto
278 756 521 836 interrogati]
545 779 650 834 quum
670 761 895 836 experienda
918 760 1037 818 omnis
1058 759 1102 816 ed
1124 759 1172 816 ul·

110 870 232 926 timum
254 884 318 924 nec
339 865 690 942 praetermittendem
706 884 755 942 sp.
772 886 800 927 u.
817 867 1068 936 censuissent,
1090 865 1171 923 reli·

111 993 180 1050 qua
200 983 254 1032 cet.
300 973 419 1030 Partem
442 971 569 1046 aliquem
592 971 653 1029 veri
674 972 733 1029 iem
756 971 1011 1030 Weissenbornius
1032 973 1128 1030 sensit.

194 1077 267 1154 Cap.
297 1081 346 1146 44,
383 1080 412 1133 l:
442 1075 651 1135 Chalcidem
681 1087 718 1136 ut
748 1085 893 1134 ventum
925 1087 980 1136 est
1005 1077 1115 1153 (agitur
1136 1077 1172 1134 de

110 1187 148 1259 Q.
170 1181 283 1242 Marcio
308 1192 336 1240 st
356 1185 395 1243 A.
419 1182 534 1256 Atilio),
565 1183 718 1240 eliorum
749 1183 943 1242 civitatum
973 1183 1172 1259 principes,

109 1292 148 1349 id
170 1289 264 1366 quod
287 1289 441 1346 maxime
464 1297 605 1363 gratum
629 1299 708 1345 erat
725 1291 899 1347 Romanis
920 1287 998 1366 (tolli
1020 1305 1171 1345 commune

109 1397 241 1455 Boeotius
263 1393 415 1452 concilium
437 1393 643 1469 cupientibus),
670 1412 734 1452 suo
759 1395 893 1470 quique
916 1395 995 1462 (cod.
1018 1395 1170 1468 quoque)

107 1500 263 1578 proprio
301 1499 450 1556 decreto
486 1499 673 1574 proprium
714 1500 823 1576 (Gryn.
865 1509 894 1558 et
925 1499 990 1559 cdd.
1025 1499 1170 1556 decreto

109 1607 253 1674 Persei;
276 1604 351 1662 falso
367 1604 554 1681 Kreyssigius
577 1599 724 1662 dscrct‘o
745 1605 775 1662 in
790 1607 889 1664 codice
910 1624 968 1662 non
984 1623 1047 1662 esse
1071 1603 1170 1676 trudit)

108 1712 325 1769 societatem
358 1710 546 1785 aspernati
578 1711 654 1783 (cod.
686 1713 899 1787 aspernato)
928 1710 1103 1770 Romanis
1134 1728 1170 1767 sc

108 1816 361 1892 adiungebant
389 1816 464 1887 (cod.
489 1813 751 1892 diiungebant),
772 1817 956 1874 Ismenias
978 1825 1032 1872 cet.
1080 1815 1171 1872 Recto

107 1922 296 1998 Kreyssigius
320 1929 349 1979 et
366 1920 620 1980 Weissenbomius
644 1920 672 1976 in
703 1922 886 1996 propriam
925 1922 1015 1978 latere
1038 1920 1172 1976 viderunt

108 2028 265 2103 regiam,
301 2028 379 2102 quod
413 2037 532 2103 propter
562 2026 714 2102 proprio
749 2038 915 2102 corruptum
950 2035 1003 2083 est.
1058 2025 1172 2082 Deinde

108 2153 168 2192 non
190 2134 284 2190 minus
306 2143 416 2191 certum
438 2142 499 2202 est,
527 2141 605 2189 recte
633 2131 790 2208 Grynaeum
822 2150 885 2190 suo
916 2131 1051 2207 quique
1080 2129 1171 2204 scrip·

108 2240 195 2310 sisse3
232 2257 300 2296 nem
333 2237 411 2312 quod
442 2237 696 2295 Weissenbornius
724 2239 868 2296 interdum
900 2255 985 2294 suus
1018 2235 1170 2310 quisque

106 2345 211 2404 eodem
235 2361 304 2402 casu
327 2343 462 2418 coniungi
483 2343 567 2413 dicit,
602 2343 637 2400 de
668 2363 704 2402 ea
729 2363 761 2400 rs
783 2343 845 2419 ipsc
867 2341 1028 2398 distinctius
1049 2340 1171 2416 exposui

108 2452 148 2508 sd
167 2449 227 2508 Cic.
252 2450 317 2508 uin.
339 2449 379 2518 V,
413 2451 447 2506 17
477 2468 506 2524 p.
530 2451 603 2518 6993
633 2467 727 2524 neque
757 2459 854 2506 temen
882 2465 1011 2522 unquam
1040 2445 1169 2502 nomime-

108 2557 200 2614 tivum
231 2556 410 2632 pronominis
441 2555 602 2630 quisque
633 2573 651 2612 a
680 2571 733 2610 suo
766 2554 854 2612 verbo
885 2551 1043 2608 seiunctum
1075 2561 1103 2607 et
1132 2550 1170 2608 ed

109 2680 199 2720 suus
220 2660 470 2720 accommodatum
493 2660 636 2735 reperiam
657 2669 686 2718 ct
707 2658 865 2736 sepissime
886 2657 915 2714 iu
938 2655 1037 2714 codice
1058 2655 1170 2713 Vindo-

107 2766 231 2826 bcnensi
263 2765 305 2824 sic
333 2785 418 2824 cesus
448 2765 486 2823 od
514 2765 649 2840 proxime
678 2764 925 2824 accommodatur.
989 2761 1171 2836 Relinquitur

109 2871 278 2948 proprio,
308 2873 386 2946 quod
408 2871 470 2929 tolli
490 2871 676 2946 Kreyssigius
698 2870 804 2938 voluit,
836 2869 887 2926 sed
909 2877 1004 2926 tuetur
1027 2868 1170 2944 propri·

110 2995 164 3034 am
186 2977 254 3034 inde
285 2985 390 3036 ortum.
435 2975 549 3052 Opinon
578 2975 680 3034 fuisse:
710 2995 774 3033 suo
798 2975 932 3051 quique
962 2984 994 3032 et
1015 2974 1169 3050 proprio

107 3081 268 3142 decreto.
312 3082 407 3140 Pnulc
429 3092 495 3158 post
517 3085 544 3154 (ᾗ
569 3083 611 3157 4),
633 3083 681 3140 ubi
703 3081 851 3140 scribitur:
876 3080 938 3138 scd
961 3080 1171 3138 constantio

108 3187 326 3263 principum,
349 3187 558 3244 docentium
587 3229 658 3259 ...,
687 3199 827 3263 quanto
849 3202 946 3244 esset
968 3185 1023 3243 vis
1045 3194 1079 3242 et
1100 3185 1169 3242 for·

108 3303 195 3350 tune
217 3293 365 3369 imperii
385 3293 552 3364 Romani,
582 3294 681 3350 victe
703 3295 824 3352 endem
845 3293 1040 3350 multitudo
1063 3300 1112 3360 et,
1134 3301 1170 3348 ut

108 3399 307 3458 tolleretur
327 3399 431 3474 regin
461 3399 637 3468 societas,
670 3399 833 3456 decrevit
860 3407 894 3456 et
921 3409 987 3468 cet,
1009 3415 1168 3472 pronomen

108 3505 230 3563 eedem
252 3505 355 3563 vitiose
373 3504 512 3574 abundat,
533 3523 621 3579 quum
639 3505 798 3580 presertim
815 3524 851 3562 ne
864 3511 1091 3562 commemorato
1106 3503 1169 3576 qui·

107 3610 172 3668 dem
191 3621 278 3668 antee
291 3610 443 3668 multitudo
463 3609 509 3680 sit,
531 3613 582 3669 sed
601 3620 699 3687 partes
711 3610 912 3668 tantummodo
927 3609 988 3666 cius
1003 3608 1170 3684 significatus

110 3715 209 3788 (eliis
235 3745 267 3758 ·-
294 3715 403 3790 eliis).
447 3715 650 3776 Scribsndum:
673 3714 774 3773 victe
798 3715 941 3778 tuden
963 3714 1168 3772 multitudo.

108 3821 201 3897 Origo
224 3821 318 3879 mendi
343 3819 581 3898 (victundem)
609 3819 765 3879 manifeste
786 3831 839 3882 cst.
893 3819 979 3898 (Cap.
1003 3823 1052 3890 38,
1075 3825 1092 3878 6
1115 3840 1169 3896 pro

107 3947 127 3985 c
152 3937 261 4003 gente
282 3927 544 3986 Thessalorum
578 3929 608 3986 in
638 3928 703 3988 cod.
733 3939 790 3984 est:
822 3947 840 3984 e
861 3927 1169 4004 gentcssolorum,

106 4035 162 4092 hoo
185 4033 250 4109 ipsc
274 4032 403 4109 cupite}
427 4035 444 4090 3
468 4045 637 4110 megnotu
661 4053 715 4111 pro
737 4051 866 4110 magno
889 4033 1008 4104 motu.)
