2826 4640
617 275 676 332 55³
1008 271 1066 325 Lib.
1078 275 1178 326 xum.

114 463 161 512 est
181 455 261 530 apud
283 455 414 526 Livium:
436 465 468 514 ut
491 455 599 526 XXX,
621 457 671 528 27,
699 461 730 515 11
757 467 825 535 post
845 468 1054 536 prorogata
1072 460 1178 536 impo-

115 557 174 615 ria
194 557 375 634 adiungitur:
405 571 458 633 et,
489 570 527 620 ut
547 562 709 638 placatis
736 563 793 620 dis
821 563 945 620 omnia
970 563 1179 640 inciperent

115 673 353 748 agerentque,
373 667 475 726 ludos
570 677 608 724 ut
633 686 697 726 eos
718 668 825 726 ludos
846 669 1020 728 consules
1123 669 1179 728 fa·

115 780 263 840 carent,
297 783 326 830 et
345 773 480 844 XXXI,
504 776 537 844 8,
566 774 666 832 tibia:
688 773 861 850 Sulpicio
884 775 1102 850 permissum
1123 784 1178 832 cet.

115 874 308 935 adnectuntur
332 897 386 954 per
408 888 446 936 ut
467 879 580 956 reliqna
597 880 724 938 decreta.
768 879 883 938 Deinde
896 879 1004 952 nmcio,
1019 897 1078 952 cur,
1090 897 1179 956 quum

114 981 146 1038 in
177 981 277 1040 codice
302 984 454 1060 perspicue
483 985 623 1062 scriptum
659 995 749 1044 esset:
782 985 933 1044 comitia
965 985 1179 1043 consulibus

115 1087 315 1162 rogandis,
342 1089 465 1148 ediderit
490 1091 749 1167 subrogandis.
800 1092 879 1150 Tum
908 1090 1097 1149 intolerabilis
1118 1093 1179 1150 brac

115 1201 160 1251 eat
181 1193 314 1269 repetitio
335 1193 525 1254 substantivi:
547 1195 699 1253 comitia
728 1196 784 1253 ita
805 1196 970 1265 edicere,
1000 1207 1179 1255 otmense

115 1299 293 1358 Ianuario
315 1301 468 1358 comitia
497 1301 626 1359 haberi
648 1312 810 1377 possent.
863 1301 922 1362 Sed
945 1303 975 1360 iu
1001 1301 1100 1360 codice
1120 1321 1178 1360 non

116 1404 221 1481 legitur
243 1406 390 1475 baberi,
420 1405 472 1463 sed
493 1413 605 1464 tantum
627 1417 810 1464 otmense
832 1407 907 1464 Ian.
928 1405 1080 1464 comitia
1100 1423 1178 1482 pos·

115 1520 206 1568 sent.
250 1509 441 1570 scribendum
464 1521 509 1569 eat
528 1511 626 1587 igitur,
648 1512 705 1570 nisi
726 1511 826 1570 fallor:
858 1521 900 1570 ut
929 1531 968 1570 m.
991 1512 1016 1572 1.
1040 1513 1178 1574 cariltl

115 1623 276 1691 possent.
340 1615 454 1674 Eodem
476 1617 572 1693 capite
595 1623 610 1688 ς
637 1621 682 1686 11,
705 1618 754 1676 ubi
776 1618 939 1694 exponitur,
961 1617 1030 1693 quid
1051 1617 1139 1694 legati
1163 1636 1180 1676 e

115 1720 291 1779 Macedonia
311 1721 465 1780 redeuntes
486 1723 724 1792 renuntiaverint,
746 1723 789 1780 sic
809 1723 959 1781 scribitur:
981 1723 996 1780 1
1003 1723 1179 1798 gnomini-

115 1845 171 1884 am
193 1824 342 1884 Claudii
373 1827 592 1886 temeritate
628 1839 823 1906 acceptam
857 1829 1005 1886 elevare
1034 1846 1095 1886 eos
1115 1847 1178 1906 pa·

115 1941 191 1988 tres
213 1943 455 2008 acceperunt,
488 1934 550 2008 qui
585 1951 798 2011 perpaucos
820 1933 951 1992 Italici
972 1933 1116 2010 generis
1142 1977 1172 1997 ..

113 2037 165 2094 ibi
186 2037 324 2096 milites
349 2039 507 2098 amissos
528 2039 751 2100 referebant.
816 2041 886 2099 Nou
919 2059 956 2098 ex
995 2039 1179 2116 aliispatree

114 2143 349 2218 comperiebant,
376 2143 489 2220 legatos
510 2144 699 2221 ignominiam
721 2145 837 2204 elevare
870 2149 928 2218 (-
955 2145 1050 2204 idest
1070 2153 1177 2216 summ,
1229 2166 1232 2174 ’

114 2249 246 2325 accipere
267 2249 393 2323 aliquem
416 2249 527 2326 aliquid
547 2248 645 2307 iacere
667 2245 740 2324 -),
769 2251 820 2309 sed
848 2251 928 2327 ipsos
956 2269 1053 2308 coram
1076 2252 1177 2311 audie·

113 2355 199 2424 bant:
234 2355 337 2414 omitto
366 2373 448 2432 eos,
476 2357 538 2432 qui
569 2373 661 2432 prave
685 2355 733 2413 hic
761 2355 830 2432 poni
854 2355 923 2423 (nisi
945 2355 1021 2414 lone
1041 2365 1177 2431 putamus

113 2469 213 2538 patres
234 2479 271 2518 ex
293 2461 396 2537 legetis
418 2463 574 2538 accepisse,
598 2461 672 2518 alios
693 2462 791 2519 nescio
814 2479 888 2536 quos
911 2461 1097 2536 ignominiam
1120 2463 1178 2522 ele·

114 2565 198 2642 vare)
229 2577 258 2624 et
285 2567 313 2624 in
344 2567 400 2625 bac
430 2575 575 2625 structura
602 2567 726 2625 relativa
748 2565 942 2624 necessarlum
965 2567 1177 2626 coniunctivum

114 2689 179 2728 esse
201 2671 424 2746 (referrent).
467 2672 524 2730 His
543 2671 736 2732 incommodis
757 2671 952 2738 medebimur,
984 2671 1008 2728 si
1030 2671 1178 2748 scripseri-

115 2795 195 2834 mus:
216 2777 464 2854 Ignominiam
557 2778 706 2840 eletarl
731 2795 772 2839 ca
795 2787 926 2852 patres
947 2789 1178 2853 acceperunt,

115 2881 214 2962 qud
241 2926 270 2943 ..
294 2881 507 2942 referebant
529 2883 599 2956 (boc
620 2892 678 2940 est:
710 2883 804 2957 quod,
836 2892 869 2940 ut
888 2879 1071 2954 referebant,
1092 2885 1178 2960 pauci

116 2987 215 3044 amissi
237 2989 355 3062 esseut).
390 2987 551 3065 (Quippe
576 3007 631 3064 pro
654 2988 715 3062 qui
737 2987 833 3064 posito
864 3006 924 3046 non
946 2987 1055 3046 tollitur
1076 2989 1177 3048 vitium

114 3093 145 3152 in
166 3093 212 3150 his
233 3094 345 3152 verbis:
369 3095 515 3153 elevare
537 3111 599 3152 eos
621 3095 866 3170 acceperunt)
922 3093 1064 3153 Extremo
1085 3096 1179 3172 capite

116 3199 145 3272 (ς
174 3199 224 3274 13)
246 3199 337 3258 miror
356 3209 462 3276 praeter
482 3200 617 3258 lacunam
639 3199 783 3257 neminem
805 3209 933 3270 notasse,
955 3200 1112 3258 admodum
1135 3201 1179 3258 in·

116 3303 222 3362 usitate
255 3304 326 3363 dici:
369 3307 583 3364 sacerdotes
615 3306 717 3368 intra
757 3323 835 3363 enm
867 3322 997 3362 annum
1030 3306 1178 3370 mortui,

116 3429 206 3485 quum
228 3411 406 3488 intelligatur
434 3429 476 3468 eo
505 3429 608 3468 anno.
657 3409 787 3468 Difficile
818 3419 863 3468 est
891 3411 920 3467 in
942 3409 995 3467 tali
1015 3410 1081 3468 loco
1103 3411 1180 3469 ultra

117 3515 214 3573 mendi
233 3517 411 3575 notationem
433 3516 584 3593 progredi:
604 3527 634 3576 et
653 3527 751 3576 minen
772 3515 915 3592 auspicor,
937 3515 1052 3572 Livium
1067 3514 1180 3574 siciere

117 3621 279 3696 scripsisse:
311 3621 535 3681 Sacerdotes
562 3631 636 3680 tres
664 3641 704 3681 eo
723 3639 819 3680 anno
840 3619 976 3679 mortui
997 3629 1080 3678 aunt
1102 3621 1180 3694 (cod.

117 3735 280 3786 mortuus
308 3728 390 3799 eat),
427 3726 462 3806 [a
484 3745 618 3803 augur,
654 3728 688 3786 in
716 3729 817 3788 cuiue
839 3725 959 3784 locum
981 3734 1179 3801 cooptatus

116 3828 186 3908 est]
213 3832 246 3892 L.
270 3832 519 3900 Flamininus:
548 3833 750 3908 pontifices
774 3833 843 3890 duo
865 3833 1105 3890 decesserunt
1126 3839 1179 3888 cat.

117 3937 164 3994 Ex
189 3938 428 3996 aunomortui
450 3949 545 3997 ortum
568 3956 718 4009 aunum;
739 3939 769 3996 id
790 3937 902 3996 initium
924 3935 1041 3994 enoris.
