2826 4640
616 299 673 354 505
1031 295 1088 344 Lib.
1101 295 1173 348 xu,

114 489 234 536 turum
265 480 413 542 sciebet
471 480 530 540 Sed
559 498 662 556 perum
695 479 836 540 concinne
870 482 932 540 hsec
953 489 1173 557 componuntur,

114 585 234 642 hostis
255 586 390 663 populo
410 589 571 647 Romano
593 595 622 644 et
642 586 750 662 regui
770 588 893 663 heres3
924 605 1018 662 neque
1039 587 1172 658 Perseus,

114 701 148 748 ut
178 692 270 750 hostis
301 693 442 752 Romanis
471 701 562 763 esset,
594 700 716 750 mortens
744 691 873 769 Philippi
894 691 1172 768 exspectebenfue·

112 807 161 856 ret
189 799 247 856 iens
276 799 382 858 multos
410 819 511 858 nunus.
568 800 659 858 Recte
690 798 859 857 Gronovius
886 807 915 856 et
936 799 1085 858 Rubenius
1106 817 1172 858 seu·

114 913 221 973 serent,
245 905 275 962 in
295 905 392 981 priore
413 907 500 964 etism
523 905 652 963 membro
673 903 832 980 genitivum
862 903 970 980 requiri
990 903 1112 962 reletuus
1134 905 1172 962 ed

114 1010 279 1068 heredem
286 1029 294 1084 ;
316 1013 390 1071 elius
412 1012 487 1071 euim
509 1011 551 1068 rei
572 1029 654 1086 paeue
675 1009 755 1085 prius
778 1029 865 1085 quem
887 1009 969 1086 regni
983 1009 1170 1068 hereditatem

113 1115 152 1172 nd
173 1117 284 1174 Perses
304 1127 507 1194 perventurum
529 1115 696 1193 Philippum
718 1117 846 1178 scivisse.
898 1117 933 1174 ld
955 1133 1042 1174 uuum
1064 1115 1170 1174 bellurn

113 1239 177 1279 esse
198 1233 327 1298 poteret3
350 1223 457 1294 odium,
478 1234 511 1281 ut
531 1222 602 1292 dixi,
626 1221 685 1280 ium
707 1221 1030 1280 multusenuosfuerst.
1074 1222 1171 1300 Scrip-

113 1335 193 1384 seret
212 1326 311 1403 igitur,
325 1329 363 1388 ni
383 1329 479 1400 isidor,
502 1329 616 1387 Livius:
647 1347 748 1405 quem
782 1327 871 1386 belli
892 1328 1046 1386 Romsui
1066 1328 1171 1404 prius

113 1451 213 1508 pone
236 1452 345 1509 quem
367 1436 472 1512 regni
491 1436 657 1494 heredem
679 1433 847 1494 futurum
869 1430 1061 1506 suiebet.¹)

197 1537 271 1616 Cup.
293 1543 343 1612 24,
369 1545 405 1600 tu
428 1541 469 1614 (in
490 1541 622 1599 oratione
636 1541 795 1600 Archontis
817 1551 919 1598 cont-m
930 1539 1113 1600 Callicratem
1133 1542 1170 1599 de

112 1643 217 1702 finibus
239 1647 412 1704 Achmorum
440 1647 651 1705 Macedonibus
679 1643 866 1718 interdiu-isi:
908 1643 979 1704 Cur
1004 1665 1169 1704 exsecre-

114 1750 203 1808 bilis
223 1751 298 1810 iste
320 1752 424 1810 nobis
451 1752 542 1810 eolis
573 1753 674 1810 velut
704 1751 886 1809 dissertio
912 1751 1005 1810 iuris
1026 1753 1169 1810 humani

114 1856 187 1914 eet?
229 1858 352 1916 Frustra
375 1859 569 1934 Kreyssigius‚
592 1860 738 1918 sdvooetc
750 1857 966 1931 Festi(Peullii
989 1857 1169 1928 suetonium,
1268 1898 1272 1907 ·

114 1963 191 2038 epud
209 1983 293 2038 quern
316 1964 559 2022 dissertiones
573 1964 973 2040 exponunturdivisiones
994 1963 1170 2038 putrimo-

112 2069 254 2126 niorum
276 2069 374 2128 inter
394 2081 605 2140 consortes,
627 2069 741 2128 efficere
763 2081 901 2139 conetur,
933 2079 965 2128 nt
984 2069 1120 2126 usitetrrm
1142 2080 1171 2126 et

114 2173 267 2232 Liuianum
299 2175 442 2233 habentur
468 2176 705 2234 dissertionis
742 2173 1006 2249 (dissertionis)
1042 2176 1168 2232 nocebu-

111 2279 181 2348 lum,
203 2299 290 2355 quum
313 2282 471 2358 presertim
492 2282 521 2340 id
550 2282 673 2340 alienum
696 2283 733 2340 ab
765 2281 849 2339 huius
870 2279 926 2338 loci
955 2281 1096 2338 sententie
1117 2281 1168 2337 hs·

112 2386 239 2444 biturum
262 2387 299 2444 sit
318 2387 489 2464 imaginem
510 2407 604 2463 neque
630 2389 705 2446 enim
727 2387 774 2445 hio
799 2387 835 2443 de
856 2386 1016 2443 communis
1036 2385 1105 2444 boni
1126 2385 1169 2441 di·

111 2491 232 2562 visione,
254 2504 286 2550 ut
306 2513 388 2552 suum
413 2495 535 2570 quisque
556 2505 668 2570 purtem
691 2493 830 2569 accipiet,
853 2492 956 2568 egitur.
999 2493 1099 2552 Nihilo
1122 2503 1169 2550 tu·

111 2617 177 2656 men
200 2600 293 2675 magis
314 2599 383 2658 ferri
399 2611 504 2677 potest,
516 2601 593 2676 quod
609 2599 752 2677 Grynseus
772 2599 969 2668 substitueret,
984 2599 1168 2674 desertio;

111 2706 302 2780 nequeenim
335 2706 428 2764 deseri
460 2707 505 2764 ius
526 2708 683 2764 humanum
706 2707 807 2764 Archo
841 2705 1016 2780 querebatur
1037 2706 1104 2782 (hoc
1126 2719 1169 2766 est

111 2811 218 2868 remitti
239 2830 292 2868 nee
312 2807 451 2888 defendi),
473 2821 574 2888 estque
594 2812 712 2870 omniuo
731 2811 822 2870 lenius
843 2811 873 2868 id
889 2812 1061 2870 vocobulum
1081 2832 1167 2888 quous

111 2935 165 2992 pro
187 2917 330 2975 ediectivo
351 2917 610 2976 exsecrabilis.
659 2917 700 2974 Ni
730 2917 835 2988 fallor,
868 2918 995 2976 eLivio
1018 2929 1080 2978 erst
1101 2919 1168 2978 dis-

111 3023 269 3098 cerptim
288 3026 357 3080 uem
379 3023 474 3099 rumpi
495 3034 524 3081 et
544 3023 709 3082 interscindi
731 3024 874 3083 violenter
896 3023 941 3081 ius
957 3025 1168 3085 videbaturills

109 3128 208 3185 finium
230 3129 438 3186 interdictione.
482 3129 563 3188 Nihil
585 3149 725 3198 moveor,
755 3131 834 3206 quod
855 3133 911 3190 hoc
936 3129 1057 3190 notionis
1078 3149 1169 3189 voce-

109 3233 209 3291 bulum
232 3235 269 3292 eb
290 3235 478 3293 usitatissimo
502 3237 592 3294 verbo
613 3237 756 3305 deflexum
781 3237 850 3296 elibi
861 3257 920 3296 uon
928 3239 1040 3315 iegitur.
1073 3239 1167 3296 Peulo

109 3351 177 3416 post
199 3341 226 3413 (5
242 3343 276 3400 tt
289 3353 319 3399 et
333 3339 386 3418 13)
415 3341 457 3398 sic
478 3341 507 3398 iu
529 3343 627 3400 codice
649 3343 788 3418 seriptum
811 3353 855 3402 est
866 3344 1038 3408 (minutulos
1056 3362 1168 3402 errores

108 3449 181 3506 nihss
203 3428 278 3506 nunc
300 3449 424 3522 moror):
446 3449 670 3524 Quemquam
690 3459 724 3506 et
739 3449 834 3506 illud
852 3449 974 3508 dicere
995 3459 1167 3526 potorem,

109 3563 216 3613 tante
248 3555 411 3631 priorum
435 3555 660 3614 Macedonio
687 3573 811 3630 regum
841 3556 971 3614 merite
999 3573 1084 3631 erga
1103 3575 1167 3630 uos

107 3661 242 3726 fuisse,
263 3672 301 3719 ut
323 3661 486 3738 Philippi
509 3661 614 3718 unius
635 3660 791 3718 iniurius
815 3661 894 3735 (cod.
916 3657 1113 3731 iniurium),
1137 3661 1166 3718 si

128 4013 154 4082 ¹)
184 4017 259 4077 Quod
280 4019 294 4080 ς
316 4023 343 4068 11
366 4019 589 4069 commendaturus
608 4033 677 4068 erem
696 4019 850 4070 habebut.
865 4017 1089 4070 Weissenbornius
1103 4035 1167 4084 prse-

181 4109 257 4175 cepit.
