2800 4646
249 279 306 330 Lib.
326 277 467 328 xxxvn.
752 281 809 338 444

248 462 375 540 priorem
398 461 540 520 incertum
561 479 625 519 csse
646 467 782 536 apparetv
800 461 882 532 (XL,
913 459 1024 530 XXX,
1044 459 1108 533 X);
1136 477 1189 518 nec
1222 459 1311 518 miuus

248 569 387 628 incertum
410 577 463 638 est,
485 568 514 626 in
537 567 667 626 codicum
685 567 829 643 scriptura
850 565 1041 650 Grannoni
1061 565 1208 624 lutesntne
1229 564 1312 624 Gra·

249 675 300 733 nii
326 695 364 733 an
385 674 567 745 Pronnoi,
602 683 634 730 ut
664 671 758 749 primo
790 671 856 730 loco
887 669 987 732 Cranii
1022 671 1163 730 nominati
1196 671 1312 734 inerint.

250 781 468 854 (Dederuut,
493 789 526 837 ut
546 779 638 836 multe
659 778 690 836 in
711 778 758 849 B,
779 777 891 836 librarii
911 777 1088 854 negligentia
1109 780 1249 838 omissum
1271 778 1312 835 vi·

249 889 341 945 detur.
387 886 527 961 Alioquin
558 893 674 962 poterat
695 885 796 944 scribi:
826 885 891 942 XL
921 884 1088 942 Pronnoi
1120 887 1313 948 dederunt,

248 993 399 1050 vicenos
421 1003 540 1051 autem
563 993 631 1067 cet.)

332 1097 500 1173 capsus.
532 1099 605 1172 Qua
625 1097 854 1156 infoederecum
867 1098 1015 1156 Antiocho
1036 1098 1073 1156 de
1084 1097 1203 1156 navium
1213 1117 1314 1156 uume-

247 1225 291 1274 ro,
314 1222 399 1279 quem
422 1206 531 1264 habere
551 1206 614 1282 regi
633 1205 746 1274 liceret,
768 1203 878 1280 scripta
898 1210 995 1272 erum,
1017 1221 1053 1259 eu
1074 1213 1103 1260 et
1124 1204 1202 1280 epud
1224 1204 1314 1280 Poly·
1380 1245 1381 1248 ,

248 1310 327 1370 bium
357 1312 482 1385 (XXII,
508 1315 561 1378 26)
586 1321 615 1370 et
636 1310 714 1386 apud
736 1309 852 1368 Livium
873 1317 1012 1392 corrupta
1037 1318 1066 1366 et
1087 1307 1211 1368 conicias
1243 1327 1314 1376 esse,

249 1419 362 1476 etiamsi
393 1420 473 1478 nulla
493 1419 644 1492 utriusque
668 1415 817 1491 scriptoris
847 1415 1028 1491 comparatio
1059 1416 1127 1482 fiat,
1159 1413 1246 1473 focile
1279 1433 1313 1472 ex

248 1525 314 1602 ipsa
334 1545 366 1583 re
388 1535 416 1584 et
437 1525 534 1584 verbis
556 1531 712 1600 appareet3
742 1520 874 1578 adbibita
903 1529 1001 1578 autem
1022 1521 1074 1579 illo
1094 1520 1313 1596 comparat-ione

249 1629 429 1689 manifestius
450 1632 499 1697 fit;
522 1649 580 1706 quo
603 1646 691 1704 quum
714 1625 834 1684 accedat
855 1625 883 1683 in
899 1627 1053 1703 gonoribus
1074 1627 1193 1686 nerium
1213 1627 1313 1704 appel-

248 1735 462 1808 lationibusque
483 1734 667 1812 ambiguitas,
690 1731 833 1807 equidem,
854 1749 948 1806 neque
975 1733 1045 1808 quid
1054 1733 1196 1810 Polybius
1217 1753 1312 1809 neque

249 1838 318 1913 quid
341 1839 441 1898 Livius
456 1841 613 1918 scripserit,
637 1859 691 1917 pro
713 1847 792 1896 certo
815 1837 936 1896 inveniri
957 1857 1044 1915 posse
1057 1849 1148 1916 puto;
1171 1839 1312 1917 attingam

248 1955 347 2002 tumen
369 1946 466 2020 alique
489 1967 525 2004 ex
547 1955 631 2023 parte
651 1947 728 2002 hunc
742 1943 838 2001 locum
854 1961 976 2020 quaeque
997 1945 1067 2003 mihi
1081 1945 1246 2022 probabilia
1269 1947 1311 2003 vi·

249 2050 389 2120 deant-ur,
421 2051 549 2109 breviter
567 2052 671 2110 dicum.
710 2050 843 2109 Primum
875 2051 952 2126 opud
974 2051 1132 2127 Polybium
1155 2051 1309 2110 manifesto

249 2166 387 2232 corrupta
409 2158 559 2216 sentilla:
581 2153 666 2238 μηδὲ
687 2142 987 2236 τριακοντᾶκωπον
1009 2155 1106 2239 ἐχέτω
1123 2147 1311 2237 ἐλαυνόμε-

248 2281 328 2332 νον,
350 2261 380 2318 in
403 2263 507 2337 quibus
528 2279 648 2337 prorsus
670 2263 801 2322 abundet
819 2262 1022 2339 perticipium,
1046 2283 1195 2340 quumque
1215 2263 1309 2321 rusio-

246 2386 309 2426 rum
333 2369 451 2426 navium
483 2365 564 2442 (τῶν
592 2360 847 2449 καταφράκτων)
870 2367 991 2444 exiguus
1023 2367 1071 2426 ille
1092 2369 1230 2444 quidem,
1262 2366 1309 2426 sed

247 2484 343 2532 tamen
376 2475 481 2550 aliquis
507 2493 643 2533 numerus
666 2475 728 2551 regi
751 2473 939 2546 coucedatur,
961 2475 1104 2533 minorum
1126 2473 1312 2551 possessione

246 2599 366 2656 prorsus
388 2581 415 2638 ei
435 2579 623 2641 interdicitur.
669 2583 775 2656 Neque
795 2579 865 2638 feni
886 2588 983 2655 potest
1003 2575 1092 2661 μηδὲ
1118 2589 1186 2638 ente
1209 2577 1309 2640 ruoli-

247 2706 317 2766 μου
338 2690 463 2754 ἕνεκεν,
485 2685 563 2760 quod
585 2686 627 2744 sic
649 2685 770 2756 dicitur,
801 2685 885 2762 quusi
915 2685 977 2744 eius
998 2686 1065 2744 balli
1097 2705 1201 2757 eausa,
1235 2684 1309 2761 quod

247 2793 311 2869 ipse
332 2793 495 2852 Antiochus
517 2791 581 2848 aliis
596 2791 730 2850 illaturus
752 2793 803 2861 sit,
825 2791 890 2868 plus
910 2791 1030 2850 concedi
1044 2811 1158 2869 aequum
1171 2793 1222 2862 sit;
1243 2811 1308 2849 uam

248 2898 413 2955 huiusmodi
435 2895 517 2955 bellis
539 2896 721 2956 interdictum
743 2898 805 2974 regi
816 2896 919 2969 fuisse,
940 2897 1029 2973 poulo
1045 2907 1142 2957 autem
1162 2897 1310 2964 maiorem,

249 3004 273 3062 si
298 3005 335 3060 ub
358 3003 422 3061 aliis
451 3003 513 3078 ipse
535 3014 766 3078 oppugnaretur,
800 3003 962 3061 ubertatem
984 3012 1013 3060 et
1033 3003 1174 3062 maiorem
1194 3003 1310 3061 navium

249 3127 399 3166 numerum
422 3125 589 3166 concessum
619 3125 698 3178 esse,
721 3120 750 3165 et
771 3117 876 3166 nature
904 3108 948 3166 rei
971 3109 1102 3167 declaret
1123 3117 1152 3166 et
1174 3107 1310 3185 Appiani,

249 3216 311 3272 boeo
332 3213 361 3272 in
382 3213 499 3272 brevius
521 3214 725 3284 contrahentis,
747 3213 942 3286 testimonium
975 3215 1084 3292 (Syria.
1098 3213 1149 3289 39)
1175 3223 1203 3271 et
1224 3214 1311 3289 ipsius

249 3321 335 3380 Livii.
391 3321 480 3396 Apud
514 3318 628 3378 Livium
653 3327 748 3377 autem
784 3325 844 3389 (ut,
866 3319 975 3376 omissa
995 3328 1156 3378 ceterorum
1182 3319 1310 3377 codicum

250 3426 453 3504 discrepantia,
475 3426 568 3484 solum
591 3425 624 3483 M
645 3443 760 3500 sequar,
782 3425 811 3482 in
834 3443 892 3500 quo
915 3434 1011 3483 tamen
1033 3426 1113 3500 ipso,
1134 3425 1266 3482 inaudito
1282 3423 1311 3480 in

250 3552 339 3610 prosa
372 3532 503 3590 oratione
530 3533 684 3589 verborum
699 3531 826 3602 ordine,
856 3529 991 3589 scribitur
1023 3530 1130 3589 nulle
1165 3547 1310 3604 quarum

251 3657 305 3714 pro
328 3656 479 3712 quarum
502 3637 617 3704 nulle)
648 3638 685 3696 eb
722 3635 903 3694 actuariis
937 3634 1060 3692 navibus
1081 3635 1123 3694 sic
1144 3643 1312 3710 separantur

251 3761 436 3813 moneres,
470 3751 502 3800 ut
535 3742 673 3800 actuariae
696 3743 727 3800 X
749 3742 898 3800 Antiocho
929 3740 1132 3812 concedantur,
1167 3759 1309 3812 monerem

251 3849 359 3906 babere
381 3847 499 3906 omuino
521 3867 558 3905 ne
580 3848 675 3906 liceat.
718 3850 818 3926 Ipsum
842 3858 937 3906 tamen
960 3847 1113 3906 moneris
1134 3844 1311 3914 nomen,vix

251 3953 377 4011 dubitari
399 3961 503 4028 pot-est,
526 3953 595 4028 quin
617 3953 718 4012 Livius
743 3955 881 4031 posuerit,
904 3971 992 4028 quum
1015 3955 1053 4011 ob
1070 3951 1235 4028 Mogontini
1258 3949 1311 4026 (cni
