2820 4646
196 221 199 228 ,
230 145 399 199 lenxlulV.
733 148 792 205 578

154 345 158 356 ·
229 333 326 409 piam
348 331 455 390 intuli
482 329 617 387 forent
677 332 794 388 Partem
827 330 888 387 veri
924 330 1177 388 Weissenbornius
1209 330 1292 400 vidit,
1376 303 1377 348 ἶ

230 440 320 498 lutere
341 438 370 495 in
392 435 493 494 litteris
516 436 628 494 intuli
655 435 837 514 participium
865 435 955 494 surturi
977 436 1115 512 temperis
1136 437 1173 494 de
1194 435 1292 495 Gallis

229 545 355 621 positum
376 541 576 618 (inventuri
595 539 746 618 lorent);
769 543 951 618 participium
971 543 1066 619 ipsum
1086 552 1241 618 ceteraque
1265 544 1292 600 ei

231 661 301 728 epte
319 669 378 707 non
405 648 525 708 invenit.
584 647 747 723 Scripserat
778 649 853 706 enim
878 649 992 707 Livius:
1024 669 1087 730 per
1120 657 1292 730 quantu
1376 685 1377 698 π

230 757 388 815 omnium
419 762 663 830 preparatam
696 773 783 812 cura
811 757 909 831 regis
938 755 1080 831 copiam
1114 756 1205 817 lturl
1242 756 1292 818 ie·

231 867 326 938 scut,
341 861 549 937 quibusque
565 861 775 918 muneribus
862 869 1088 936 excepturus
1104 879 1167 919 rex
1182 873 1290 919 esset.

230 969 340 1044 Quem
373 975 441 1026 ente
473 975 648 1041 quantem
684 973 735 1024 eut
769 984 807 1023 ex
838 965 923 1022 huius
955 965 1036 1023 vocis
1067 967 1167 1042 primis
1188 968 1291 1026 litteris

229 1095 320 1154 preve
341 1074 465 1150 primum
495 1071 609 1146 scriptis
631 1079 682 1129 eut
711 1090 748 1128 ex
770 1090 836 1147 que
871 1074 958 1143 (ente
984 1073 1061 1148 per)
1098 1083 1193 1132 ortum
1227 1093 1291 1133 esse

230 1183 353 1254 videtur.
401 1181 504 1237 Restat
525 1178 554 1234 in
582 1181 597 1246 5
627 1181 655 1234 ll
684 1175 810 1250 [Quum
841 1177 885 1234 ed
916 1178 951 1234 id
978 1179 1069 1236 nihil
1089 1181 1290 1256 responde·

229 1297 346 1358 retur,
383 1281 583 1344 Clondicus
623 1283 776 1358 regulus
816 1301 953 1355 eorum,
991 1285 1076 1354 Abi,
1117 1288 1291 1344 renuntia

231 1411 328 1468 ergo,
348 1389 486 1465 iuquit,
516 1389 609 1464 regi,
641 1388 713 1445 nisi
737 1407 860 1446 eurum
883 1389 1108 1466 obsidesque
1130 1393 1290 1469 accepis·
1376 1401 1377 1406 ’

230 1507 322 1568 sent,
342 1513 516 1570 nusquam
545 1494 627 1551 inde
658 1494 793 1554 Galles
819 1495 966 1571 longius
994 1496 1192 1572 vestigium
1223 1519 1290 1556 mo-

229 1599 348 1680 turos)
377 1601 450 1659 mire
481 1611 510 1657 et
536 1601 623 1675 plane
652 1600 827 1658 incredibilis
857 1601 919 1660 sine
947 1601 1007 1658 ulls
1037 1621 1126 1660 cause
1156 1603 1290 1663 conlusio

230 1708 478 1769 remunerationis
502 1707 599 1782 (Abi,
633 1705 764 1780 inquit)
787 1717 815 1764 et
846 1707 971 1783 obliquae
992 1703 1079 1785 (nisi
1193 1729 1291 1768 acce·

229 1817 387 1894 pissent,
409 1831 587 1888 nusquam
605 1812 689 1869 inde
710 1832 778 1888 pro:
799 1813 872 1870 nisi
964 1815 1189 1890 acceperint,
1211 1835 1290 1873 nus-

231 1939 334 1998 quem
355 1921 438 1983 hino
459 1919 506 1976 vel
528 1918 640 1995 potius:
656 1917 727 1975 nisi
833 1919 1109 1997 acceperimus),
1140 1921 1178 1988 ad
1201 1941 1291 1998 quam

231 2026 446 2103 coarguendam
469 2025 581 2083 accedit
602 2023 706 2082 vitiose
726 2026 823 2102 posite
853 2043 940 2102 ergo
969 2027 1127 2102 particule3
1163 2027 1291 2088 debebat

231 2135 305 2193 enim
335 2134 377 2191 sio
400 2132 499 2191 scribi:
536 2131 607 2188 Abi
638 2149 740 2207 ergo,
772 2133 953 2194 renuntia.
1008 2131 1108 2190 Meudi
1134 2134 1294 2191 sanemini

231 2241 377 2320 praecipue
398 2239 481 2296 sedes
505 2247 549 2296 est
577 2237 607 2294 in
629 2237 759 2312 inquid
782 2237 837 2312 (sic
858 2237 935 2310 cod.)
965 2239 1146 2314 proiubet
1167 2239 1292 2316 scripto:

231 2347 431 2406 Clondicus
458 2343 607 2420 regulus
637 2363 759 2401 eorum
789 2345 891 2406 ubire
920 2347 1166 2424 rnutlurcquc
1189 2347 1295 2410 iubet

230 2454 326 2530 regi,
348 2452 420 2509 nisi
442 2458 496 2508 cet.
546 2450 649 2508 Prima
670 2460 768 2508 temen
799 2449 880 2526 origo
905 2449 1030 2507 fortasse
1050 2449 1105 2508 fuit
1126 2451 1294 2527 imperativi

232 2559 315 2634 (nbi)
339 2555 449 2633 species
473 2555 587 2612 obieeta
608 2556 715 2626 animo,
739 2573 826 2630 quum
856 2575 894 2612 re
924 2556 1039 2632 syllebe
1067 2556 1104 2614 ed
1124 2559 1293 2632 proximum

232 2664 404 2723 vocabulum
429 2660 668 2734 (renuntiare)
684 2669 807 2718 tractum
822 2669 905 2718 esset.
950 2661 1086 2721 Secutum
1099 2671 1143 2719 est
1163 2683 1294 2723 renun-

230 2771 282 2828 tie
302 2789 399 2845 ergo,
422 2775 483 2824 tum
504 2767 640 2842 inquid.

314 2874 386 2950 Cep.
410 2875 460 2943 27,
486 2877 510 2930 l.
553 2874 680 2931 Perseus
701 2880 812 2929 tantum
835 2871 961 2948 quinque
974 2873 1053 2931 milia
1075 2875 1203 2951 equitum
1217 2875 1295 2936 Gul-

231 2979 323 3038 lorum
340 2999 371 3038 ee
387 2979 594 3037 conducturum
610 2979 739 3049 dixerat,
766 2977 870 3053 quibus
884 2978 926 3036 uti
941 2979 979 3036 ad
993 2979 1098 3038 bellum
1114 2983 1294 3041 Macedones

232 3095 351 3164 possent
372 3103 553 3161 quorumque
584 3082 793 3142 multitudinem
824 3083 881 3160 ipsi
908 3103 966 3143 uon
995 3086 1142 3145 timerent:
1170 3091 1293 3164 Appe-

231 3195 336 3252 rebet
356 3191 541 3260 omnibus,
573 3191 776 3248 mercedem
807 3190 1052 3250 multitudinis
1082 3193 1208 3251 timere
1228 3213 1294 3252 nec

232 3299 430 3376 quicquam
447 3297 565 3368 eliud;
588 3295 772 3372 sedquum
792 3297 947 3355 sundere
961 3298 1168 3356 consulenti
1188 3319 1294 3358 nemo

231 3405 397 3475 studeret,
419 3403 625 3461 remittitur
644 3403 870 3478 Antigonus,
892 3413 946 3462 cet.
990 3404 1121 3463 Primum
1141 3406 1171 3462 in
1193 3407 1295 3466 codice

232 3510 380 3568 scribitur:
411 3510 614 3568 mercedem
644 3509 932 3580 multitudinem,
965 3529 1002 3568 ex
1029 3529 1087 3585 quo
1108 3510 1223 3570 facilius
1248 3515 1294 3570 fit:

232 3616 434 3674 mercedem
464 3616 500 3672 in
533 3615 771 3672 multitudine
792 3616 918 3673 timere
947 3617 1006 3689 (bei
1034 3617 1085 3674 der
1111 3618 1234 3694 Menge,
1267 3619 1295 3676 si

234 3721 386 3778 multitudo
409 3720 645 3796 conduceretur):
670 3721 825 3780 videndum
846 3731 996 3797 praeterea,
1030 3742 1065 3780 ne
1092 3723 1214 3782 timeri
1242 3725 1294 3782 Li·

235 3828 299 3884 vius
321 3826 479 3902 scripserim
503 3825 588 3884 valde
611 3827 686 3885 enim
709 3827 781 3886 dure
802 3827 942 3886 omittitur
963 3847 1047 3889 eum.
1091 3828 1151 3888 Sed
1172 3831 1295 3906 gravius

232 3929 353 3986 alterum
375 3929 518 3987 mendum.
570 3930 603 3989 Si
634 3933 710 3990 enim
730 3935 855 3992 Perseus
876 3953 979 4010 reepse
1000 3952 1069 3993 suos
1091 3936 1294 4004 consuluisset,
