2822 4648
579 277 633 334 163
946 279 1002 327 Lib.
1022 279 1097 333 VIII.

70 471 130 530 est3
159 479 253 535 neque
281 461 356 518 enim
378 461 437 519 ullo
459 461 547 520 modo
575 461 673 518 sicut
695 461 827 518 missus
850 462 984 535 (Decius)
1008 493 1056 535 --,
1079 465 1131 522 ita

70 567 193 622 omnis
214 578 339 624 terror
352 577 406 626 cet.
428 569 458 626 in
480 587 568 626 unam
590 568 761 626 sententiam
779 577 856 624 recte
872 570 1132 646 conflaripossunt.

159 671 231 748 Cap.
260 677 305 744 10,
328 677 364 732 3:
395 673 454 748 qui
488 675 592 748 (triarii
615 673 727 736 Latini)
752 673 980 747 aliquamdiu
1013 695 1133 753 pugna

72 779 199 834 atroci
229 799 334 854 quum
367 789 404 836 et
424 791 536 837 semet
566 780 637 856 ipsi
677 777 903 853 fatigassent
930 792 964 838 et
1001 783 1132 840 hastas

70 894 134 940 aut
156 885 435 962 praefregissent
456 896 519 943 aut
549 886 796 954 hebetassent,
817 885 1000 960 pellerent
1021 888 1056 945 vi
1076 897 1131 946 ta-

72 1010 151 1048 men
181 993 338 1062 hostem,
365 993 593 1050 debellatum
622 991 697 1047 iarn
728 990 800 1046 rati
822 1023 877 1060 -,
905 1002 976 1050 tum
1003 996 1132 1052 consul

71 1099 233 1169 triariis,
264 1098 490 1175 consurgite
511 1116 612 1167 nunc,
633 1095 765 1171 inquit,
795 1107 850 1156 cet.
895 1098 999 1172 Neque
1020 1100 1058 1156 vi
1081 1119 1133 1158 cur

72 1205 216 1275 addatur,
248 1205 432 1282 intelligitur,
460 1205 544 1281 quasi
574 1213 660 1262 atrox
689 1221 789 1278 pugna
810 1203 871 1260 sine
895 1203 925 1260 vi
947 1222 1010 1262 esse
1031 1205 1132 1280 possit,

71 1329 166 1384 noque
189 1311 258 1386 quid
280 1323 350 1387 agat
370 1323 502 1380 tamem
523 1329 591 1367 nam
613 1308 774 1364 vehementi
796 1309 911 1366 conatui
933 1307 1052 1367 effectus
1073 1329 1132 1368 non

71 1418 236 1475 contrarius
258 1429 316 1486 est;
338 1417 424 1486 addo,
449 1417 478 1474 in
500 1415 551 1473 tali
572 1415 713 1490 asyndeto
734 1433 792 1471 non
809 1415 938 1489 potuisse
959 1425 1080 1472 tamen
1102 1415 1132 1472 in

71 1524 188 1580 tertium
213 1524 308 1580 locum
329 1524 425 1594 reiici,
454 1523 505 1580 sed
533 1520 695 1578 necessario
725 1520 781 1595 ipsi
812 1521 900 1578 verbo
922 1520 1130 1578 subiiciendum

71 1627 161 1686 fuisse
184 1630 382 1705 (pellerent
403 1626 545 1704 tamen).
600 1625 763 1701 Scripserat
786 1625 898 1683 Livius:
931 1627 1131 1704 pellerent·

71 1753 139 1814 με
165 1737 309 1798 tndem
327 1737 475 1793 hostem.
528 1734 687 1792 Tandem
709 1750 764 1806 pro
785 1741 903 1788 tamen
924 1732 1131 1790 restituendum

71 1841 187 1897 ostendi
209 1843 296 1900 etiam
321 1843 424 1912 H,t2,
450 1846 496 1900 to.
570 1840 683 1898 Eodem
706 1836 836 1910 capitas
862 1838 897 1892 13
920 1838 961 1894 sic
982 1838 1130 1896 scribitur:

71 1945 133 2004 Sin
157 1957 277 2004 autem
307 1966 390 2006 sese
416 1949 597 2006 devovere
621 1945 739 2012 volet,
769 1941 878 1998 sicuti
902 1943 1038 2002 Decius
1067 1945 1131 2002 de·

70 2053 185 2120 vovit,
207 2054 242 2110 ni
263 2055 436 2124 moritur,
469 2072 586 2128 neque
608 2069 708 2108 suum
730 2068 845 2124 neque
866 2050 1052 2125 publicum
1083 2051 1131 2108 di-

70 2159 193 2216 vinum
216 2161 459 2234 purefaciet,
495 2158 555 2235 qui
583 2175 662 2214 sese
689 2155 895 2213 devoverit.
964 2157 1130 2214 Vulcano

71 2283 174 2323 arma
195 2267 273 2324 sive
295 2268 352 2326 cui
374 2267 439 2324 alii
454 2267 520 2324 deo
539 2261 796 2331 voverevolet,
812 2259 889 2318 sive
910 2262 1032 2319 hostia
1054 2263 1131 2320 sive

71 2389 141 2443 quo
165 2373 241 2430 alio
263 2374 380 2444 volet,
401 2375 456 2432 ius
478 2383 542 2430 est.
590 2371 626 2427 In
648 2367 693 2426 his
714 2367 840 2442 primum
861 2367 972 2424 notatio
994 2367 1044 2424 illa
1065 2387 1131 2445 per·

71 2493 168 2534 sonte:
191 2481 251 2553 qui
273 2499 352 2539 sese
374 2478 579 2547 devoverit,
601 2492 738 2551 perverse
760 2482 789 2530 et
811 2492 875 2530 curn
897 2473 985 2530 foeda
1005 2474 1131 2531 tautolo-

71 2582 120 2654 gia
143 2583 189 2657 (si
210 2605 345 2644 -sese
366 2587 548 2644 devovere
569 2581 670 2639 volet
689 2609 723 2622 -
740 2579 799 2654 qui
824 2597 905 2636 sese
926 2577 1130 2655 devoverit)

72 2697 204 2746 extremo
231 2691 296 2750 loco
329 2693 474 2762 adhaeret,
507 2689 640 2748 omnibus
669 2687 728 2743 iam
751 2684 835 2760 quasi
856 2684 892 2740 de
914 2703 1039 2760 persona
1060 2685 1131 2742 satis

71 2792 192 2852 definita
214 2798 310 2866 dictis3
331 2818 383 2857 nec
405 2797 535 2874 profecto
558 2795 675 2852 dubium
698 2809 761 2848 esse
783 2799 912 2866 poterat,
935 2790 1003 2864 quin
1027 2790 1130 2848 intelli·

70 2911 190 2973 geretur
198 2905 308 2974 consul,
317 2905 450 2974 dictator,
472 2913 579 2980 praetor
599 2899 724 2957 hostiurn
739 2897 867 2972 legiones
879 2896 1034 2954 devovens.
1072 2897 1130 2957 Sed

71 3007 205 3065 vitiosius
227 3010 330 3068 deinde
351 3011 380 3068 in
396 3011 487 3068 altera
503 3007 645 3066 sententia
661 3005 712 3062 illa
723 3002 882 3060 adduntur:
905 3003 986 3060 sive
1005 3005 1130 3064 hostia

72 3115 151 3172 sive
174 3135 244 3190 quo
267 3118 339 3175 alio
361 3117 473 3186 volet3
496 3133 578 3172 arma
600 3112 674 3169 enim
696 3129 749 3186 per
770 3127 818 3178 se,
848 3127 941 3182 neque
962 3111 1059 3169 hostia
1080 3131 1130 3170 ne·

71 3241 127 3295 que
151 3223 210 3280 alio
237 3225 295 3281 ullo
319 3223 458 3294 adhibito,
480 3221 674 3286 vovebantur3
705 3215 807 3274 hostiae
828 3213 934 3271 mentio
957 3213 1067 3273 aliusve
1088 3216 1131 3274 rei

73 3327 167 3398 (velut
187 3327 269 3398 turis,
291 3325 359 3405 cet.)
382 3329 419 3385 ad
440 3347 500 3386 rem
523 3327 651 3384 divinam
671 3321 834 3380 faciendam
855 3319 992 3396 pertinet,
1013 3341 1072 3380 non
1092 3323 1130 3380 ad

71 3445 172 3490 uotum
198 3435 424 3511 concipiendum.
466 3432 583 3492 Accidit
606 3431 661 3488 hoc
682 3430 758 3497 loeo,
779 3427 857 3502 quod
878 3425 928 3488 lib.
950 3427 1057 3498 XXII,
1084 3430 1130 3498 10,

73 3540 213 3597 litidem
249 3541 277 3598 in
311 3551 425 3599 vetusto
447 3539 574 3598 carmine
607 3535 711 3593 accidit
741 3533 875 3607 (datum
902 3532 1030 3590 donum
1053 3533 1131 3590 duit

70 3645 230 3722 populus
252 3649 432 3706 Romanus
454 3643 664 3721 Quiritium)
688 3639 824 3716 quodque
844 3639 873 3695 in
895 3639 951 3695 hoc
974 3638 1038 3714 ipso
1055 3637 1129 3696 libro

71 3769 95 3811 e.
119 3755 204 3822 31,5
226 3753 255 3810 in
277 3753 336 3810 MP
349 3753 454 3811 Klook.
471 3764 500 3810 et
517 3751 582 3810 edd.
602 3757 671 3809 vett.
690 3745 733 3811 tid
755 3753 808 3814 est,
829 3743 941 3820 opinor,
963 3745 1061 3802 codice
1083 3764 1129 3802 er·

70 3856 214 3936 chetypo)
235 3858 342 3917 factum
365 3878 442 3930 esse,
475 3861 512 3916 ab
537 3856 671 3916 omnibus
693 3850 867 3908 intellectum
891 3861 950 3920 est,
987 3861 1019 3907 ut
1039 3851 1130 3908 verba

70 3965 205 4038 quaedam
227 3965 351 4040 primum
374 3965 482 4023 omissa
503 3963 606 4022 deinde
627 3961 722 4018 alieno
744 3957 809 4014 loco
833 3966 1040 4032 reponerentur
1064 3956 1129 4030 (cfr.

69 4089 201 4144 prooem.
223 4091 251 4148 p.
275 4072 337 4149 29).
380 4073 495 4130 Livium
518 4071 593 4128 enlm
615 4066 765 4144 scripsisse
787 4062 969 4120 manifestum
993 4081 1055 4122 esse
1076 4081 1131 4139 pu·

881 4189 930 4240 11⁴¹
