2822 4648
294 257 349 306 Lib.
370 257 417 306 lv.
766 260 821 316 103

259 441 397 498 nitibus
419 461 543 517 agere,
566 443 665 499 addito
690 441 844 512 adieetitm,
866 453 899 498 ut
921 441 968 498 hie
990 441 1128 512 soluti),
1150 443 1208 500 ibd.
1234 445 1272 500 25
1296 453 1326 500 et

260 547 456 620 43(ineerti
475 579 514 589 -
535 548 778 624 suspensique
800 548 848 604 de
864 557 963 604 statu
986 547 1140 604 alterius
1169 559 1327 623 uterque

259 653 385 710 eonsul
408 649 590 728 ageret).¹)

342 757 414 833 Cep.
429 761 475 818 58.
520 761 554 816 In
576 761 631 816 hoe
651 760 745 834 eapite
768 777 856 834 quum
877 759 913 815 de
935 759 1027 816 tribus
1048 759 1120 816 loeis
1137 759 1233 816 dicere
1255 779 1325 816 eon·

258 864 429 930 stituissem,
458 865 543 938 primi
567 866 688 922 eandem
711 864 959 936 emendationem,
989 883 1076 938 quarn
1101 865 1162 940 ipse
1185 865 1325 934 feceram,

259 991 277 1026 a
298 970 536 1026 Weissenbornio
568 983 740 1045 occupatam
770 970 867 1038 video,
902 970 940 1026 ad
973 990 1060 1044 quam
1092 981 1187 1027 tamen
1219 973 1325 1028 eonfir·

258 1076 393 1133 mandam
415 1094 511 1150 panea
534 1076 650 1132 addam.
693 1077 772 1132 Nam
795 1081 810 1144 ξ
833 1082 850 1133 4
874 1077 916 1132 sie
937 1077 1084 1133 scribitur:
1113 1076 1325 1132 'l'arditatis

258 1199 368 1238 eausa
389 1181 423 1238 in
452 1192 581 1238 senatu
612 1181 727 1255 magis
750 1181 821 1238 fuit
843 1201 946 1256 quam
972 1182 1007 1238 in
1038 1181 1212 1249 tribunis,
1246 1183 1324 1256 qui,

258 1287 342 1361 quia
372 1305 507 1343 summe
532 1287 568 1344 vi
596 1296 737 1342 restare
772 1287 1042 1344 nuntiabantur
1071 1287 1131 1361 (qni
1159 1287 1325 1362 Verrugine

257 1393 465 1450 obsidebantur
481 1392 608 1450 Romani
630 1392 757 1464 milites),
780 1411 903 1468 perum
927 1392 1200 1466 cogitaverunt,
1222 1393 1324 1449 nulle

257 1499 392 1555 virtute
423 1499 590 1574 superari
620 1499 854 1554 humanarum
885 1497 1016 1553 virium
1043 1498 1191 1554 modurn.
1253 1499 1324 1570 Qui

255 1623 415 1679 pronomen
440 1605 476 1660 ad
505 1613 670 1660 senatum
697 1602 799 1660 referri
827 1623 915 1678 posse
936 1603 1193 1660 Drakenborehins
1217 1603 1323 1660 docere

256 1719 457 1777 consuesset,
487 1709 586 1782 pingui
609 1709 757 1778 Minerva,
786 1719 818 1764 ut
838 1709 912 1765 solet
933 1709 981 1764 ille
1002 1708 1038 1764 de
1067 1709 1153 1765 rebus
1174 1727 1324 1782 gramma·

256 1815 320 1872 tieis
351 1815 507 1888 disputare.
565 1815 643 1870 Nam
666 1832 760 1886 neque
781 1813 901 1888 pluralis
924 1814 1034 1870 numeri
1064 1831 1225 1886 pronomen
1246 1813 1322 1869 rela-

256 1921 347 1976 tivum
369 1929 521 1975 senatus
545 1918 654 1974 nomini
676 1919 835 1975 subiectum
859 1937 980 1993 usquam
1004 1930 1048 1974 est
1063 1921 1238 1991 (senatus,
1263 1919 1322 1992 qni

258 2059 295 2068 -
318 2026 424 2096 sunt),
447 2025 515 2098 quia
530 2043 566 2080 ex
583 2044 618 2082 eo
631 2027 687 2082 hoe
709 2034 753 2096 est
773 2043 887 2098 genere,
911 2025 989 2098 quod
1013 2025 1229 2082 eolleetivornm
1252 2044 1322 2081 een-

255 2132 441 2189 struetionem
472 2151 530 2188 non
562 2130 704 2204 recipere,
747 2130 908 2204 significavi
939 2129 968 2186 in
993 2131 1184 2204 grammatica
1214 2131 1322 2187 Latina

246 2242 273 2306 ,ξ
299 2239 357 2293 215
381 2257 399 2292 a
419 2248 495 2304 not,
525 2253 633 2310 neque,
663 2235 687 2290 si
717 2235 746 2290 id
768 2236 829 2291 fieri
852 2245 964 2310 posset,
995 2237 1137 2292 hocloco
1160 2255 1322 2311 pronomen

257 2343 433 2417 interpositis
455 2341 524 2398 illis:
558 2341 671 2415 magis
696 2339 767 2396 fuit
789 2359 892 2414 quam
914 2341 949 2397 in
971 2342 1133 2398 tribunis
1153 2341 1212 2397 ullo
1234 2342 1322 2398 modo

257 2448 294 2504 sd
318 2467 421 2505 nomen
444 2447 583 2505 remotius
611 2445 719 2502 referre
748 2447 861 2516 liceret,
891 2448 996 2504 nedum
1019 2447 1129 2522 plurale
1154 2447 1230 2520 (eum
1254 2447 1322 2503 tri-

256 2555 363 2612 bunis
385 2554 559 2611 conveniens
581 2553 714 2623 numero)
744 2553 780 2608 ad
803 2553 949 2628 singulare
977 2551 1162 2628 (senatus).
1216 2553 1323 2626 Neque

256 2660 349 2718 minus
370 2661 554 2717 vehementer
573 2659 638 2734 ipsa
659 2669 802 2732 repugnet
824 2659 975 2718 sententia.
1019 2659 1097 2716 Nam
1120 2658 1144 2714 si
1167 2657 1195 2713 in
1218 2669 1320 2714 senatu

256 2766 319 2822 solo
342 2765 487 2821 tarditatis
509 2783 598 2820 eausa
620 2763 730 2830 fuisset,
752 2763 963 2821 nihilomnino
985 2775 1056 2833 eret,
1078 2782 1130 2820 eur
1146 2762 1248 2819 Livius
1272 2763 1322 2818 tri·

255 2873 348 2928 bunos
369 2871 398 2926 in
416 2871 471 2926 hae
494 2889 524 2926 re
546 2879 800 2936 commemorarem
822 2887 897 2924 nune
914 2869 969 2926 hoe
991 2869 1085 2944 ipsum
1105 2868 1239 2936 ostendit,
1263 2887 1321 2925 non

255 2977 284 3032 in
306 2985 407 3032 senatu
437 2975 634 3048 potissimum,
665 2974 701 3030 de
731 2992 788 3048 qno
810 2973 934 3048 primum
959 2973 1081 3049 eogitari
1105 2973 1211 3047 possit,
1241 2975 1321 3048 qued

255 3082 316 3138 eius
338 3080 425 3137 fuerit
451 3099 546 3136 rerum
576 3079 748 3154 gubernatio
773 3089 801 3135 et
831 3078 953 3152 negotiis
985 3078 1178 3154 prospiciendi
1200 3081 1321 3153 agendi-

255 3204 311 3259 que
344 3204 429 3253 eura,
461 3185 626 3260 tarditatem
661 3185 764 3248 fnisse,
797 3184 848 3240 sed
885 3203 943 3240 non
974 3184 1067 3240 minus
1099 3185 1127 3240 in
1161 3185 1319 3246 tribunatu,

254 3293 358 3364 Itaque
374 3291 473 3348 Livius
492 3291 623 3366 scripsit:
645 3309 713 3346 non
731 3290 765 3346 in
782 3301 911 3346 senatu
933 3291 1047 3365 magis
1065 3290 1135 3347 fuit
1157 3309 1262 3365 quant
1285 3293 1320 3347 in

272 3575 297 3642 ¹)
323 3578 359 3628 Ut
376 3579 417 3627 hie
435 3588 630 3642 potestatem
652 3580 864 3628 tribuniciam
884 3593 993 3638 agere,
1013 3579 1050 3626 sie
1067 3578 1108 3636 11,
1128 3584 1174 3637 ts,
1198 3584 1206 3626 t
1230 3594 1321 3626 omues

323 3679 410 3718 tenent
427 3671 516 3718 bella
536 3686 631 3733 agere
652 3672 827 3734 (vitiosissimo
856 3672 932 3720 etiam
951 3669 1043 3734 plurnlt
1072 3671 1201 3732 numero),
1233 3681 1318 3719 ortum

322 3778 354 3811 ex
372 3765 498 3812 communi
518 3763 563 3812 illo
583 3779 657 3814 casus
682 3765 894 3812 accommodendi
914 3779 1010 3823 errore3
1037 3779 1096 3812 narn
1116 3777 1193 3825 quum
1216 3761 1319 3809 dilee-

323 3865 374 3903 tus
393 3865 497 3918 propter
515 3871 624 3920 sequens
643 3871 744 3918 neque
764 3856 860 3904 aliam
880 3855 976 3904 uliam
996 3855 1035 3919 (id
1053 3865 1102 3914 est,
1134 3855 1233 3902 ullius
1258 3855 1319 3914 rei)

322 3961 429 3995 euram
449 3949 609 3998 aecusativus
627 3957 773 4012 putaretur,
801 3947 957 3997 factumest
980 3961 1082 4009 neque
1109 3948 1199 3997 bella
1217 3961 1320 4012 neque

321 4039 476 4088 delectus.
519 4041 687 4090 Scribendum
709 4055 763 4090 esse
781 4041 876 4095 betti.
897 4042 1016 4091 Dukerus
1034 4041 1104 4089 vidit.
