2822 4648
575 272 630 326 175
972 265 1028 316 nt.
1051 265 1098 314 rx.

67 455 248 522 tentibus,
269 472 339 510 non
360 453 448 509 dere
468 469 698 528 responsum,
726 471 796 510 non
817 453 969 510 hiscere.
1014 452 1050 510 In
1072 453 1135 510 solo

67 563 146 618 libro
171 571 278 618 octsvo
308 567 412 634 quater
440 559 496 615 boc
523 558 618 614 mendi
647 577 737 633 genus
769 561 806 616 sb
835 558 993 616 editoribus
1015 555 1135 635 (proeter

69 665 301 738 Alschefskium)
324 677 374 722 sut
395 665 585 722 recentiorum
606 664 738 722 codicum
766 664 1000 722 emendatoribus
1021 684 1133 724 correc-
1181 701 1186 712 ·

68 787 132 830 tum
156 791 222 829 esse
244 771 356 829 ostendi
377 771 406 828 in
426 771 576 846 prooemio
598 791 627 846 p.
653 773 698 830 tt.
744 772 885 829 Extremo
913 770 1007 846 capite
1029 773 1057 846 (5
1083 775 1132 842 13)

70 879 174 936 Livius
197 898 256 935 non
278 878 401 953 scripsit,
424 877 502 952 quod
534 877 563 933 in
596 877 745 935 codicibus
777 886 833 933 est:
866 877 1008 951 cepisse
1042 881 1132 938 enim

67 1003 226 1042 coenon
249 986 410 1052 Romam,
432 983 527 1039 sicut
550 983 790 1053 enteGellos‚
812 983 883 1054 sed,
906 985 999 1057 quod
1021 986 1133 1044 multo
1220 975 1223 981 ¹

69 1091 291 1149 bellicosius
312 1089 434 1158 fuerit,
456 1089 653 1146 Romanam
674 1090 848 1146 virtutem
870 1087 1133 1166 ferociamque3

69 1217 165 1272 neque
188 1199 262 1254 eninr
286 1206 318 1254 ut
338 1195 554 1253 bellicosum
578 1193 689 1251 laudari
721 1203 817 1268 potest
844 1213 980 1270 cepere
1003 1199 1133 1255 Roma.

69 1323 151 1360 nem
175 1305 362 1370 virtutem,
383 1320 479 1376 neque
499 1300 535 1373 (si
558 1301 622 1374 qnis
650 1319 685 1358 eo
719 1301 834 1358 trahere
855 1319 1015 1376 pronomen
1038 1304 1133 1377 quod

70 1409 196 1482 mavult)
218 1409 390 1484 comparari,
410 1421 505 1464 utrum
528 1408 624 1464 Rome
645 1423 682 1462 en
702 1407 837 1463 Romans
858 1407 950 1464 virtus
972 1407 1134 1467 bellicosior

69 1516 167 1574 inerit.
217 1515 427 1574 Gloriosius
459 1533 495 1571 un
518 1511 764 1587 periculosius
792 1532 829 1570 an
859 1513 936 1570 eliud
959 1515 1131 1573 vocabulum

69 1622 174 1679 Livius
195 1621 333 1697 posuerit,
355 1639 412 1677 non
434 1618 549 1680 definio.
558 1613 582 1689 ¹)

156 1725 231 1802 Cep.
254 1728 273 1782 9
295 1736 368 1789 extr.
393 1727 433 1797 (in
458 1724 589 1782 oratione
611 1723 661 1800 Sp.
685 1724 842 1794 Postumii,
873 1743 904 1782 se
936 1724 1133 1801 collegamque

67 1843 98 1891 et
120 1833 264 1903 tribunos,
288 1830 487 1907 quiCeudinae
508 1829 574 1905 pnci
594 1828 793 1900 interfuerant,
818 1831 884 1887 dedi
905 1831 1028 1888 iubentis
1047 1832 1133 1890 Sem-

68 1939 192 2008 nitibns)
219 1947 297 1994 recte
325 1938 353 1994 in
384 1935 556 2012 quibusdem
589 1935 678 1992 seculi
700 1936 777 1994 XVI
800 1937 973 1995 editionibus
996 1939 1133 2014 scriptum

67 2063 134 2100 esse
165 2050 251 2119 puto:
280 2061 344 2100 nos
371 2042 517 2100 iuterim
539 2073 580 2083 -
609 2042 702 2099 vilis
733 2043 806 2100 haec
838 2044 961 2119 capite
995 2045 1134 2104 luendae

69 2147 266 2225 sponsioni
296 2147 456 2206 ieramus
491 2156 525 2204 et
554 2157 685 2205 nostro
721 2149 905 2224 supplicio
936 2150 1133 2210 liberemus

69 2257 236 2313 Romane
258 2271 370 2323 arms,
399 2254 449 2312 ubi
479 2255 508 2311 in
538 2255 685 2312 codicibus
707 2266 736 2312 et
757 2255 874 2330 reliquis
896 2255 1068 2314 editionibus
1090 2269 1134 2317 est

68 2361 212 2418 luendus
233 2359 453 2434 sponsionis.
504 2359 581 2416 Nem
613 2379 721 2435 neque,
750 2361 827 2436 quod
858 2361 967 2436 aliquid
995 2363 1133 2422 luendas

69 2466 286 2543 sponsionis
307 2481 386 2521 esse
399 2459 546 2536 diciturtt,
568 2465 633 2522 ideo
649 2466 735 2523 etism
750 2466 847 2524 ferre
863 2467 972 2550 aliquid
994 2469 1134 2526 luendis

70 2571 286 2649 sponsionis
308 2579 385 2627 recte
406 2570 518 2628 dicetur
538 2589 632 2645 neque
660 2572 698 2628 ed
722 2574 844 2649 capita
865 2574 1008 2648 genitivus
1032 2573 1134 2634 referri

69 2689 176 2755 potest,
199 2677 377 2753 quoniamst
398 2686 506 2752 ceput
527 2675 665 2732 luendte
686 2677 900 2752 sponsionis
923 2680 1018 2756 inepte
1030 2681 1139 2756 uppelm

69 2785 148 2843 latur
167 2794 196 2842 et
218 2783 401 2864 viliehaec
421 2782 548 2858 cepits
568 2801 621 2858 per
641 2799 673 2838 se
695 2784 837 2859 appellari
860 2785 973 2846 debent.
1023 2787 1132 2846 Detivo

69 2891 224 2968 gerundivi
258 2891 287 2946 in
320 2889 439 2948 consilio
480 2888 668 2964 significando
709 2889 864 2948 admodum
906 2891 994 2949 libere
1033 2893 1132 2951 Livius

70 2999 178 3068 utitur,
211 3005 242 3053 ut
263 2997 295 3068 Ι,
319 2998 371 3052 24:
393 3015 444 3052 me
474 2994 632 3069 gerendo
665 2995 762 3053 bello
794 2995 915 3053 ducem
947 3017 1132 3072 creavere,

70 3103 135 3172 111,
168 3101 278 3158 5:11is
308 3098 520 3158 evertendis
550 3101 762 3158 terroribus
792 3102 826 3158 in
853 3103 1010 3162 triduum
1033 3105 1132 3165 ferire

70 3209 230 3278 indictas,
251 3209 309 3276 IX,
333 3209 382 3274 26,
409 3211 457 3263 14:
480 3206 700 3264 dictatorern
722 3208 885 3284 deligere
916 3212 1132 3270 exercendis

71 3313 350 3389 questionibus,
372 3321 400 3368 et
420 3312 450 3368 id
471 3329 562 3388 genus
585 3313 652 3370 slis.

155 3417 229 3494 Cep.
247 3420 292 3488 tt,
309 3418 341 3474 2:
364 3417 532 3489 (Samnites)
554 3433 636 3474 sero
659 3437 699 3476 ec
719 3420 961 3495 nequicquam
980 3421 1132 3480 laudere

70 3521 256 3594 (laudabant)
286 3522 383 3580 senis
410 3523 536 3581 Pontii
569 3531 722 3599 utreque
744 3527 914 3598 consilio,
941 3527 1131 3604 intorques

89 3799 114 3866 ¹)
147 3803 185 3854 De
205 3820 224 3856 c.
243 3809 268 3865 8,
289 3809 302 3856 7
321 3808 348 3856 in
365 3809 498 3872 prooemio
517 3825 542 3874 p.
562 3815 576 3859 9
597 3811 714 3870 breviter,
741 3812 802 3877 quid
821 3813 948 3872 sentirem,
967 3811 1114 3875 significavi.

84 3889 115 3958 ³)
143 3895 173 3944 In
200 3896 266 3947 libro
285 3908 371 3948 temen
393 3899 447 3964 Ill,
472 3907 520 3962 2⁴,
545 3909 555 3952 l
577 3905 704 3966 genitivus
728 3919 782 3952 non
800 3919 816 3954 e
833 3905 911 3955 verbo
929 3905 1034 3969 pendet,
1049 3907 1131 3955 sede

144 3985 380 4042 frustrationis
405 3995 523 4055 nomine,
557 3997 584 4045 iu
609 4011 661 4060 quo
688 3999 756 4046 inest
785 3997 885 4046 artificii
917 4005 943 4046 et
971 3997 1131 4048 instrumenti

142 4081 221 4132 notio.
