2826 4640
587 299 645 356 stt
937 351 945 366 ,
991 295 1048 348 tn,
1067 298 1151 350 xurr.

80 489 112 536 et
134 479 361 556 comparationis
384 477 515 554 pluribus
537 477 659 535 consciis
681 478 842 554 periculum
854 480 980 538 Perseus
1002 499 1034 538 se
1055 501 1154 539 remo-

83 593 180 642 torum
203 583 329 642 ostendit
356 591 386 640 et
419 593 553 640 eventum
583 581 740 640 incertum:
769 583 815 644 Se
837 583 1023 656 daturum,
1056 588 1152 661 quod

83 709 150 748 nec
171 691 206 747 in
230 689 349 746 dando
371 707 436 745 nec
459 688 582 744 datum
606 687 687 744 ullo
721 689 830 764 signo
863 689 1044 764 deprendi
1066 710 1152 767 poa-

82 805 147 854 set.
194 795 299 869 Itaque
322 792 508 851 manifestam
525 791 616 850 teneri
636 801 709 868 puto
730 793 983 869 interpolationem
1008 805 1102 853 ortam
1114 815 1151 855 ax

83 921 135 972 eo,
159 901 237 977 quod
270 919 328 956 nou
359 899 656 966 animadverteretur,
693 898 864 974 pluribus
892 901 1055 958 consciis
1086 920 1150 958 cum

81 1006 312 1082 precedentibus
334 1001 564 1079 coniungendam
588 1019 660 1059 esse.
683 999 768 1080 (Vid.
789 1001 930 1080 piet).

167 1111 241 1188 Cap.
272 1113 318 1181 19,
341 1111 374 1166 3:
405 1108 519 1182 Quum
544 1107 578 1164 in
602 1110 884 1184 exspectatione
905 1119 1059 1168 senatus
1095 1129 1151 1168 es·

81 1227 152 1286 eet,
179 1259 267 1287 ....,
289 1215 350 1291 qui
371 1231 495 1289 regum
519 1213 595 1286 (eod.
617 1215 780 1288 ragnum)
804 1233 919 1286 suam,
941 1218 1068 1275 Persei
1091 1218 1151 1292 qui

81 1322 247 1381 necaturi
270 1321 471 1379 amicitiam
494 1328 626 1388 essent,
649 1327 703 1377 cet.
757 1321 862 1395 Neque
883 1341 937 1398 per
957 1339 989 1380 se
1011 1323 1040 1379 in
1062 1323 1150 1380 intar-

81 1427 236 1504 rogatione
258 1427 299 1484 sic
321 1445 426 1484 numen
449 1423 528 1482 aliud
549 1422 680 1499 praeponi
704 1425 868 1498 pronomini
890 1435 999 1502 potest,
1022 1426 1078 1484 nisi
1100 1428 1149 1484 ubi

80 1553 149 1592 eum
173 1532 312 1608 singulari
333 1531 463 1608 pondere
490 1529 528 1586 od
559 1547 667 1586 novam
700 1548 761 1585 rem
785 1549 978 1604 personamve
991 1531 1149 1598 transitur,

79 1657 177 1715 neque
200 1637 260 1694 ullo
282 1637 370 1694 modo
392 1637 421 1694 in
444 1633 609 1692 huiusmodi
638 1635 881 1710 interrogatione,
912 1646 943 1694 ut
973 1636 1015 1693 ito
1044 1636 1149 1696 dicam.

81 1743 269 1802 distributiva
300 1741 405 1798 inverti
441 1740 513 1798 ordo
533 1739 563 1796 in
596 1740 710 1798 duobus
732 1741 871 1798 membris
892 1750 998 1818 petest.
1043 1743 1148 1816 ltaque

79 1849 141 1906 nisi
160 1848 247 1905 altius
269 1845 339 1902 latet
358 1845 505 1914 mendum,
528 1846 756 1922 transpositione
777 1845 857 1904 iacta
878 1847 1061 1904 scribendum
1085 1856 1148 1905 est:

82 1953 146 2027 qui
167 1971 289 2028 regum
312 1970 431 2032 suam,
462 1950 523 2026 qui
545 1951 674 2008 Persei
696 1961 751 2009 cet.
799 1951 858 2010 Sed
881 1970 932 2010 eur
954 1953 990 2010 de
1012 1953 1081 2010 solis
1102 1973 1148 2012 re·

79 2059 169 2132 gibus
191 2057 371 2134 exspectatio
393 2055 475 2114 erat?
569 2057 665 2114 Paulo
697 2067 765 2132 post
787 2057 814 2131 (ξ
840 2057 871 2131 5)
903 2058 931 2114 in
954 2059 1054 2116 codice
1078 2059 1149 2116 scri·

81 2163 176 2220 bitur:
197 2171 236 2220 ut
257 2182 333 2220 eum
444 2161 602 2238 publicae
623 2161 732 2219 etiam
756 2181 848 2220 eurae
869 2181 910 2220 ac
931 2163 1037 2221 velut
1057 2173 1148 2222 tute-

76 2271 112 2326 le
147 2269 286 2328 vellent
322 2285 404 2325 esse
440 2277 476 2324 et
507 2285 628 2342 regern
669 2275 702 2324 et
733 2268 874 2343 legatio
903 2277 1011 2345 grata
1043 2287 1148 2326 eena-

77 2376 132 2432 tui
155 2375 237 2433 tuit.
281 2372 368 2446 Quod
391 2373 498 2429 editur:
520 2372 662 2430 vellent
684 2391 772 2433 ease.
815 2373 868 2432 Ea
888 2375 987 2448 regis
1005 2374 1146 2449 legatio

76 2500 132 2556 gr.
157 2497 181 2542 s.
202 2479 243 2548 i.,
266 2498 284 2536 a
304 2477 434 2552 vestigiis
456 2477 564 2535 codicis
585 2477 673 2554 louge
694 2478 828 2548 discedit,
851 2479 1039 2554 abundatque
1062 2498 1147 2554 pror-

75 2604 130 2642 sus
152 2585 260 2660 regis.
307 2583 497 2643 Scribendum
512 2583 641 2640 videtur:
663 2583 827 2660 Egregie
850 2603 890 2642 ea
908 2583 1047 2660 legatio
1066 2601 1147 2660 gra·

76 2701 116 2747 ta
139 2710 163 2750 s.
185 2689 205 2748 i.
215 2686 240 2767 ¹)

170 2795 243 2872 Cap.
270 2796 325 2863 23,
355 2795 435 2860 stin
460 2795 592 2852 oratione
615 2795 778 2870 legatorum
802 2793 1085 2870 Carthaginiensium
1110 2797 1147 2854 de

76 2902 242 2960 Masinissae
264 2900 374 2957 iniuriis
396 2900 605 2976 querentium):
633 2899 770 2958 Missos
792 2917 872 2958 esse
894 2903 962 2976 (scr.
986 2921 1051 2960 cum
1067 2903 1146 2962 Gro-

74 3007 180 3066 novio:
204 3007 342 3063 missos
363 3024 410 3074 se,
441 3025 478 3062 ne
500 3005 573 3063 alios
595 3005 700 3063 missos
723 3023 844 3062 narrare
866 3005 1051 3077 videantur),
1082 3009 1146 3083 qui

98 3319 123 3385 ¹)
143 3325 159 3386 9
178 3329 193 3373 t
212 3339 261 3387 ego
279 3339 382 3388 quoque
401 3325 476 3374 trium
492 3325 607 3375 Thracia
619 3325 773 3390 populorum
785 3328 890 3377 namins
902 3327 1006 3378 subesse
1017 3327 1145 3386 siderum

148 3417 260 3476 nomina,
278 3425 371 3482 praeter
389 3417 573 3477 Medorum,
598 3419 641 3468 six
671 3421 776 3485 reperiri
803 3427 931 3483 poterunt.
983 3415 1047 3482 Cap.
1066 3424 1144 3474 21,³

149 3509 289 3558 inauditam
308 3525 397 3559 vocem
428 3511 604 3560 rebellium
634 3525 725 3576 parum
757 3523 861 3562 tuentur
890 3509 1010 3574 exempla
1035 3510 1145 3575 duplicis

148 3601 237 3652 forme
256 3602 366 3650 aliorum
386 3601 604 3652 substantivorum
623 3617 640 3650 o
658 3601 790 3652 Gronoris
808 3604 896 3664 allato,
916 3617 993 3667 quum
1003 3603 1144 3667 praesertim

147 3707 231 3756 neque
250 3694 443 3756 contagium
462 3709 545 3757 neque
564 3693 730 3744 obsidium
749 3697 836 3747 Livius
857 3705 901 3746 aut
919 3695 974 3744 eius
994 3694 1105 3760 sequsles
1118 3696 1144 3744 in

148 3785 358 3849 prosecutione
377 3785 667 3849 dixiseereperiautur,
699 3787 861 3836 oblivium
889 3787 1013 3848 singulari
1037 3801 1145 3836 numero

148 3889 180 3923 ne
197 3883 280 3938 poeta
299 3877 402 3939 quidem
428 3877 574 3942 posuerint,
601 3884 630 3926 at
652 3880 743 3928 merito
769 3879 880 3929 dubitari
898 3881 994 3944 possit,
1024 3894 1057 3928 an
1080 3879 1145 3930 Tse.

146 3965 216 4020 liist.
235 3967 284 4028 IV,
303 3973 318 4018 9
337 3969 511 4020 oblivione
535 3970 678 4033 scripserit.
699 3971 825 4021 oblisio
843 3977 927 4022 ortum
947 3973 981 4022 sit
999 3987 1032 4022 ex
1050 3987 1147 4037 prere·

147 4059 217 4109 denti
237 4059 386 4111 silentio.
