<?xml version="1.0" encoding="UTF-8"?>
<!DOCTYPE html PUBLIC "-//W3C//DTD XHTML 1.0 Transitional//EN"
    "http://www.w3.org/TR/xhtml1/DTD/xhtml1-transitional.dtd">
<html xmlns="http://www.w3.org/1999/xhtml" xml:lang="en" lang="en">
 <head>
  <title>
</title>
<meta http-equiv="Content-Type" content="text/html;charset=utf-8" />
  <meta name='ocr-system' content='tesseract 3.04.00' />
  <meta name='ocr-capabilities' content='ocr_page ocr_carea ocr_par ocr_line ocrx_word'/>
</head>
<body>
  <div class='ocr_page' id='page_1' title='image "./emendationesliv02madvgoog_0160.png"; bbox 0 0 2822 4648; ppageno 0'>
   <div class='ocr_carea' id='block_1_1' title="bbox 585 307 1115 370">
    <p class='ocr_par' dir='ltr' id='par_1_1' title="bbox 585 307 1115 370">
     <span class='ocr_line' id='line_1_1' title="bbox 585 307 1115 370; baseline -0.004 -8"><span class='ocrx_word' id='word_1_1' title='bbox 585 313 642 370; x_wconf 79' lang='grc'>149</span> <span class='ocrx_word' id='word_1_2' title='bbox 978 311 1035 361; x_wconf 71' lang='lat' dir='ltr'>nib.</span> <span class='ocrx_word' id='word_1_3' title='bbox 1054 307 1115 360; x_wconf 78' lang='lat' dir='ltr'>vn.</span> 
     </span>
    </p>
   </div>
   <div class='ocr_carea' id='block_1_2' title="bbox 73 493 1176 3308">
    <p class='ocr_par' dir='ltr' id='par_1_2' title="bbox 73 493 1176 3308">
     <span class='ocr_line' id='line_1_2' title="bbox 73 493 1146 572; baseline -0.002 -18"><span class='ocrx_word' id='word_1_4' title='bbox 73 497 216 554; x_wconf 83' lang='lat' dir='ltr'>aionem</span> <span class='ocrx_word' id='word_1_5' title='bbox 237 497 420 572; x_wconf 82' lang='lat' dir='ltr'>integram</span> <span class='ocrx_word' id='word_1_6' title='bbox 442 513 462 554; x_wconf 84' lang='lat' dir='ltr'>a</span> <span class='ocrx_word' id='word_1_7' title='bbox 482 493 908 571; x_wconf 74' lang='lat' dir='ltr'>patribus&#39;eecepissent.</span> <span class='ocrx_word' id='word_1_8' title='bbox 952 493 1146 560; x_wconf 75' lang='lat' dir='ltr'>Miremvero</span> 
     </span>
     <span class='ocr_line' id='line_1_3' title="bbox 74 599 1146 676; baseline -0.002 -16"><span class='ocrx_word' id='word_1_9' title='bbox 74 603 278 660; x_wconf 84' lang='lat' dir='ltr'>condicionem</span> <span class='ocrx_word' id='word_1_10' title='bbox 305 611 369 659; x_wconf 90' lang='lat' dir='ltr'>tcto</span> <span class='ocrx_word' id='word_1_11' title='bbox 399 601 519 660; x_wconf 83' lang='lat' dir='ltr'>cedendi</span> <span class='ocrx_word' id='word_1_12' title='bbox 540 601 702 671; x_wconf 74' lang='lat' dir='ltr'>consulatu,</span> <span class='ocrx_word' id='word_1_13' title='bbox 731 601 756 657; x_wconf 90' lang='lat' dir='ltr'>si</span> <span class='ocrx_word' id='word_1_14' title='bbox 776 599 907 676; x_wconf 84' lang='lat' dir='ltr'>plebeius</span> <span class='ocrx_word' id='word_1_15' title='bbox 929 600 989 670; x_wconf 74' lang='lat' dir='ltr'>flat,</span> <span class='ocrx_word' id='word_1_16' title='bbox 1011 601 1068 657; x_wconf 83' lang='lat' dir='ltr'>hoc</span> <span class='ocrx_word' id='word_1_17' title='bbox 1091 609 1146 670; x_wconf 80' lang='lat' dir='ltr'>ssi,</span> 
     </span>
     <span class='ocr_line' id='line_1_4' title="bbox 76 703 1146 782; baseline 0 -18"><span class='ocrx_word' id='word_1_18' title='bbox 76 707 188 764; x_wconf 85' lang='lat' dir='ltr'>sitoto</span> <span class='ocrx_word' id='word_1_19' title='bbox 218 705 332 782; x_wconf 81' lang='lat' dir='ltr'>patricii</span> <span class='ocrx_word' id='word_1_20' title='bbox 364 706 482 776; x_wconf 75' lang='lat' dir='ltr'>cedantt</span> <span class='ocrx_word' id='word_1_21' title='bbox 504 725 572 764; x_wconf 85' lang='lat' dir='ltr'>narn</span> <span class='ocrx_word' id='word_1_22' title='bbox 595 707 690 764; x_wconf 85' lang='lat' dir='ltr'>aditus</span> <span class='ocrx_word' id='word_1_23' title='bbox 720 707 808 763; x_wconf 86' lang='lat' dir='ltr'>etiarn</span> <span class='ocrx_word' id='word_1_24' title='bbox 830 705 951 782; x_wconf 85' lang='lat' dir='ltr'>plebeiis</span> <span class='ocrx_word' id='word_1_25' title='bbox 973 704 1068 764; x_wconf 86' lang='lat' dir='ltr'>iactus</span> <span class='ocrx_word' id='word_1_26' title='bbox 1089 703 1146 764; x_wconf 88' lang='lat' dir='ltr'>iilis</span> 
     </span>
     <span class='ocr_line' id='line_1_5' title="bbox 76 805 1146 888; baseline 0 -20"><span class='ocrx_word' id='word_1_27' title='bbox 76 813 175 869; x_wconf 82' lang='lat' dir='ltr'>verbis</span> <span class='ocrx_word' id='word_1_28' title='bbox 219 811 262 883; x_wconf 85' lang='lat' dir='ltr'>(si</span> <span class='ocrx_word' id='word_1_29' title='bbox 296 809 462 886; x_wconf 85' lang='lat' dir='ltr'>plebeius</span> <span class='ocrx_word' id='word_1_30' title='bbox 502 811 571 870; x_wconf 79' lang='lat' dir='ltr'>iem</span> <span class='ocrx_word' id='word_1_31' title='bbox 611 810 694 887; x_wconf 82' lang='lat' dir='ltr'>fiat)</span> <span class='ocrx_word' id='word_1_32' title='bbox 733 812 890 888; x_wconf 83' lang='lat' dir='ltr'>significari</span> <span class='ocrx_word' id='word_1_33' title='bbox 929 811 1038 887; x_wconf 85' lang='lat' dir='ltr'>nequit.</span> <span class='ocrx_word' id='word_1_34' title='bbox 1111 805 1146 870; x_wconf 87' lang='lat' dir='ltr'>In</span> 
     </span>
     <span class='ocr_line' id='line_1_6' title="bbox 75 914 1146 992; baseline 0 -18"><span class='ocrx_word' id='word_1_35' title='bbox 75 919 180 975; x_wconf 87' lang='lat' dir='ltr'>codice</span> <span class='ocrx_word' id='word_1_36' title='bbox 204 918 364 992; x_wconf 83' lang='lat' dir='ltr'>archetypo</span> <span class='ocrx_word' id='word_1_37' title='bbox 386 914 710 990; x_wconf 79' lang='lat' dir='ltr'>(MPH1‚eets.)fuu:</span> <span class='ocrx_word' id='word_1_38' title='bbox 743 917 941 978; x_wconf 85' lang='lat' dir='ltr'>cedendum</span> <span class='ocrx_word' id='word_1_39' title='bbox 974 925 1084 988; x_wconf 81' lang='lat' dir='ltr'>esset,</span> <span class='ocrx_word' id='word_1_40' title='bbox 1117 919 1146 974; x_wconf 86' lang='lat' dir='ltr'>si</span> 
     </span>
     <span class='ocr_line' id='line_1_7' title="bbox 76 1022 1147 1099; baseline -0.004 -18"><span class='ocrx_word' id='word_1_41' title='bbox 76 1023 256 1099; x_wconf 71' lang='lat' dir='ltr'>plebeiae.</span> <span class='ocrx_word' id='word_1_42' title='bbox 306 1023 408 1080; x_wconf 81' lang='lat' dir='ltr'>Livius</span> <span class='ocrx_word' id='word_1_43' title='bbox 438 1024 607 1099; x_wconf 82' lang='lat' dir='ltr'>scripseratr</span> <span class='ocrx_word' id='word_1_44' title='bbox 639 1031 702 1079; x_wconf 90' lang='lat' dir='ltr'>aut</span> <span class='ocrx_word' id='word_1_45' title='bbox 728 1031 808 1080; x_wconf 90' lang='lat' dir='ltr'>toto</span> <span class='ocrx_word' id='word_1_46' title='bbox 830 1022 1027 1080; x_wconf 82' lang='lat' dir='ltr'>cedendum</span> <span class='ocrx_word' id='word_1_47' title='bbox 1049 1038 1147 1090; x_wconf 82' lang='lat' dir='ltr'>esee,</span> 
     </span>
     <span class='ocr_line' id='line_1_8' title="bbox 76 1125 1148 1204; baseline -0.002 -20"><span class='ocrx_word' id='word_1_48' title='bbox 76 1135 114 1192; x_wconf 74' lang='lat' dir='ltr'>nt</span> <span class='ocrx_word' id='word_1_49' title='bbox 146 1127 317 1204; x_wconf 83' lang='lat' dir='ltr'>plebeius</span> <span class='ocrx_word' id='word_1_50' title='bbox 346 1129 414 1186; x_wconf 80' lang='lat' dir='ltr'>iam</span> <span class='ocrx_word' id='word_1_51' title='bbox 443 1129 685 1204; x_wconf 75' lang='lat' dir='ltr'><strong>magistratus</strong></span> <span class='ocrx_word' id='word_1_52' title='bbox 719 1127 934 1186; x_wconf 80' lang='lat' dir='ltr'>consulatus</span> <span class='ocrx_word' id='word_1_53' title='bbox 960 1125 1049 1196; x_wconf 82' lang='lat' dir='ltr'>fiat,</span> <span class='ocrx_word' id='word_1_54' title='bbox 1086 1135 1148 1182; x_wconf 88' lang='lat' dir='ltr'>eut</span> 
     </span>
     <span class='ocr_line' id='line_1_9' title="bbox 77 1226 1097 1304; baseline -0.003 -14"><span class='ocrx_word' id='word_1_55' title='bbox 77 1243 131 1294; x_wconf 85' lang='lat' dir='ltr'>eet.</span> <span class='ocrx_word' id='word_1_56' title='bbox 177 1233 226 1290; x_wconf 83' lang='lat' dir='ltr'>Ex</span> <span class='ocrx_word' id='word_1_57' title='bbox 248 1249 327 1292; x_wconf 82' lang='lat' dir='ltr'>ease</span> <span class='ocrx_word' id='word_1_58' title='bbox 349 1244 387 1292; x_wconf 88' lang='lat' dir='ltr'>ut</span> <span class='ocrx_word' id='word_1_59' title='bbox 407 1235 517 1293; x_wconf 84' lang='lat' dir='ltr'>iactum</span> <span class='ocrx_word' id='word_1_60' title='bbox 538 1243 583 1290; x_wconf 89' lang='lat' dir='ltr'>eet</span> <span class='ocrx_word' id='word_1_61' title='bbox 604 1243 715 1304; x_wconf 85' lang='lat' dir='ltr'>esset,</span> <span class='ocrx_word' id='word_1_62' title='bbox 739 1233 843 1290; x_wconf 84' lang='lat' dir='ltr'>deinde</span> <span class='ocrx_word' id='word_1_63' title='bbox 865 1232 994 1289; x_wconf 75' lang='lat' dir='ltr'>additum</span> <span class='ocrx_word' id='word_1_64' title='bbox 1017 1226 1097 1304; x_wconf 85' lang='lat' dir='ltr'>ai.¹)</span> 
     </span>
     <span class='ocr_line' id='line_1_10' title="bbox 164 1337 1148 1414; baseline -0.004 -18"><span class='ocrx_word' id='word_1_65' title='bbox 164 1337 238 1414; x_wconf 84' lang='lat' dir='ltr'>Cap.</span> <span class='ocrx_word' id='word_1_66' title='bbox 268 1341 313 1411; x_wconf 78' lang='lat'>19,</span> <span class='ocrx_word' id='word_1_67' title='bbox 337 1344 372 1397; x_wconf 91' lang='lat' dir='ltr'>i:</span> <span class='ocrx_word' id='word_1_68' title='bbox 414 1341 494 1399; x_wconf 92' lang='lat' dir='ltr'>Duo</span> <span class='ocrx_word' id='word_1_69' title='bbox 524 1340 624 1398; x_wconf 88' lang='lat' dir='ltr'>belia</span> <span class='ocrx_word' id='word_1_70' title='bbox 645 1357 685 1397; x_wconf 89' lang='lat' dir='ltr'>eo</span> <span class='ocrx_word' id='word_1_71' title='bbox 715 1353 807 1395; x_wconf 87' lang='lat' dir='ltr'>anno</span> <span class='ocrx_word' id='word_1_72' title='bbox 836 1352 1016 1412; x_wconf 84' lang='lat' dir='ltr'>prospere</span> <span class='ocrx_word' id='word_1_73' title='bbox 1043 1344 1148 1412; x_wconf 82' lang='lat' dir='ltr'>gesta</span> 
     </span>
     <span class='ocr_line' id='line_1_11' title="bbox 77 1441 1147 1521; baseline -0.004 -20"><span class='ocrx_word' id='word_1_74' title='bbox 77 1463 156 1502; x_wconf 89' lang='lat' dir='ltr'>cum</span> <span class='ocrx_word' id='word_1_75' title='bbox 178 1445 475 1521; x_wconf 75' lang='lat' dir='ltr'>Tiburtibusque</span> <span class='ocrx_word' id='word_1_76' title='bbox 505 1446 547 1503; x_wconf 89' lang='lat' dir='ltr'>ad</span> <span class='ocrx_word' id='word_1_77' title='bbox 576 1443 800 1502; x_wconf 87' lang='lat' dir='ltr'>deditionem</span> <span class='ocrx_word' id='word_1_78' title='bbox 833 1449 1042 1516; x_wconf 81' lang='lat' dir='ltr'>pugnatum.</span> <span class='ocrx_word' id='word_1_79' title='bbox 1089 1441 1147 1515; x_wconf 82' lang='lat' dir='ltr'>Qui</span> 
     </span>
     <span class='ocr_line' id='line_1_12' title="bbox 77 1547 1148 1626; baseline -0.002 -19"><span class='ocrx_word' id='word_1_80' title='bbox 77 1551 120 1608; x_wconf 84' lang='lat' dir='ltr'>sic</span> <span class='ocrx_word' id='word_1_81' title='bbox 149 1558 270 1620; x_wconf 79' lang='lat' dir='ltr'>narret,</span> <span class='ocrx_word' id='word_1_82' title='bbox 299 1551 480 1622; x_wconf 80' lang='lat' dir='ltr'>necessarie,</span> <span class='ocrx_word' id='word_1_83' title='bbox 504 1569 682 1626; x_wconf 81' lang='lat' dir='ltr'>quemquern</span> <span class='ocrx_word' id='word_1_84' title='bbox 712 1549 810 1622; x_wconf 88' lang='lat' dir='ltr'>inepte</span> <span class='ocrx_word' id='word_1_85' title='bbox 831 1547 982 1622; x_wconf 80' lang='lat' dir='ltr'>significat,</span> <span class='ocrx_word' id='word_1_86' title='bbox 1004 1547 1148 1622; x_wconf 86' lang='lat' dir='ltr'>significet</span> 
     </span>
     <span class='ocr_line' id='line_1_13' title="bbox 76 1653 1148 1732; baseline -0.002 -20"><span class='ocrx_word' id='word_1_87' title='bbox 76 1665 186 1726; x_wconf 83' lang='lat' dir='ltr'>tamen,</span> <span class='ocrx_word' id='word_1_88' title='bbox 208 1664 314 1730; x_wconf 77' lang='lat' dir='ltr'>prester</span> <span class='ocrx_word' id='word_1_89' title='bbox 334 1657 393 1714; x_wconf 86' lang='lat' dir='ltr'>duo</span> <span class='ocrx_word' id='word_1_90' title='bbox 423 1655 501 1714; x_wconf 87' lang='lat' dir='ltr'>belia</span> <span class='ocrx_word' id='word_1_91' title='bbox 520 1673 661 1732; x_wconf 85' lang='lat' dir='ltr'>prospere</span> <span class='ocrx_word' id='word_1_92' title='bbox 684 1663 767 1731; x_wconf 85' lang='lat' dir='ltr'>geste</span> <span class='ocrx_word' id='word_1_93' title='bbox 790 1654 907 1710; x_wconf 87' lang='lat' dir='ltr'>tertium</span> <span class='ocrx_word' id='word_1_94' title='bbox 930 1671 997 1712; x_wconf 88' lang='lat' dir='ltr'>cum</span> <span class='ocrx_word' id='word_1_95' title='bbox 1018 1653 1148 1711; x_wconf 84' lang='lat' dir='ltr'>Tiburti-</span> 
     </span>
     <span class='ocr_line' id='line_1_14' title="bbox 77 1759 1148 1835; baseline -0.002 -17"><span class='ocrx_word' id='word_1_96' title='bbox 77 1763 133 1818; x_wconf 87' lang='lat' dir='ltr'>bus</span> <span class='ocrx_word' id='word_1_97' title='bbox 156 1761 257 1819; x_wconf 84' lang='lat' dir='ltr'>fuisse.</span> <span class='ocrx_word' id='word_1_98' title='bbox 302 1761 360 1834; x_wconf 83' lang='lat' dir='ltr'>Qui</span> <span class='ocrx_word' id='word_1_99' title='bbox 376 1762 489 1819; x_wconf 84' lang='lat' dir='ltr'>duobus</span> <span class='ocrx_word' id='word_1_100' title='bbox 510 1761 594 1818; x_wconf 87' lang='lat' dir='ltr'>bellis</span> <span class='ocrx_word' id='word_1_101' title='bbox 609 1777 768 1835; x_wconf 87' lang='lat' dir='ltr'>eorumque</span> <span class='ocrx_word' id='word_1_102' title='bbox 783 1769 888 1816; x_wconf 88' lang='lat' dir='ltr'>eventu</span> <span class='ocrx_word' id='word_1_103' title='bbox 909 1760 1037 1817; x_wconf 87' lang='lat' dir='ltr'>breviter</span> <span class='ocrx_word' id='word_1_104' title='bbox 1057 1759 1148 1835; x_wconf 83' lang='lat' dir='ltr'>signi·</span> 
     </span>
     <span class='ocr_line' id='line_1_15' title="bbox 76 1865 1148 1942; baseline -0.002 -18"><span class='ocrx_word' id='word_1_105' title='bbox 76 1869 167 1924; x_wconf 81' lang='lat' dir='ltr'>ficere</span> <span class='ocrx_word' id='word_1_106' title='bbox 190 1867 293 1923; x_wconf 87' lang='lat' dir='ltr'>deinde</span> <span class='ocrx_word' id='word_1_107' title='bbox 314 1867 472 1940; x_wconf 83' lang='lat' dir='ltr'>seperatim</span> <span class='ocrx_word' id='word_1_108' title='bbox 488 1865 524 1923; x_wconf 87' lang='lat' dir='ltr'>ds</span> <span class='ocrx_word' id='word_1_109' title='bbox 539 1876 662 1940; x_wconf 87' lang='lat' dir='ltr'>utroque</span> <span class='ocrx_word' id='word_1_110' title='bbox 677 1865 755 1936; x_wconf 84' lang='lat' dir='ltr'>dicit,</span> <span class='ocrx_word' id='word_1_111' title='bbox 777 1867 833 1922; x_wconf 88' lang='lat' dir='ltr'>hac</span> <span class='ocrx_word' id='word_1_112' title='bbox 855 1865 1030 1942; x_wconf 82' lang='lat' dir='ltr'>adiungendi</span> <span class='ocrx_word' id='word_1_113' title='bbox 1051 1865 1148 1923; x_wconf 78' lang='lat' dir='ltr'>forma</span> 
     </span>
     <span class='ocr_line' id='line_1_16' title="bbox 78 1969 1146 2046; baseline -0.004 -16"><span class='ocrx_word' id='word_1_114' title='bbox 78 1973 120 2030; x_wconf 89' lang='lat' dir='ltr'>uti</span> <span class='ocrx_word' id='word_1_115' title='bbox 144 1971 258 2046; x_wconf 86' lang='lat' dir='ltr'>nequit;</span> <span class='ocrx_word' id='word_1_116' title='bbox 281 1971 559 2042; x_wconf 73' lang='lat' dir='ltr'>(cir.mcdoc.17‚</span> <span class='ocrx_word' id='word_1_117' title='bbox 583 1976 594 2029; x_wconf 92' lang='lat'>1</span> <span class='ocrx_word' id='word_1_118' title='bbox 613 1969 681 2046; x_wconf 85' lang='lat' dir='ltr'>sq).</span> <span class='ocrx_word' id='word_1_119' title='bbox 731 1971 884 2028; x_wconf 84' lang='lat' dir='ltr'>Facillime</span> <span class='ocrx_word' id='word_1_120' title='bbox 905 1972 1022 2046; x_wconf 89' lang='lat' dir='ltr'>negotio</span> <span class='ocrx_word' id='word_1_121' title='bbox 1046 1989 1146 2028; x_wconf 86' lang='lat' dir='ltr'>verum</span> 
     </span>
     <span class='ocr_line' id='line_1_17' title="bbox 76 2076 1147 2151; baseline 0 -18"><span class='ocrx_word' id='word_1_122' title='bbox 76 2077 262 2144; x_wconf 72' lang='lat' dir='ltr'>resumetur,</span> <span class='ocrx_word' id='word_1_123' title='bbox 297 2079 429 2135; x_wconf 88' lang='lat' dir='ltr'>retractis</span> <span class='ocrx_word' id='word_1_124' title='bbox 455 2079 568 2135; x_wconf 79' lang='lat' dir='ltr'>duabus</span> <span class='ocrx_word' id='word_1_125' title='bbox 589 2076 708 2146; x_wconf 79' lang='lat' dir='ltr'>litteris,</span> <span class='ocrx_word' id='word_1_126' title='bbox 736 2092 805 2150; x_wconf 77' lang='lat' dir='ltr'>&#39;quse</span> <span class='ocrx_word' id='word_1_127' title='bbox 826 2076 941 2133; x_wconf 78' lang='lat' dir='ltr'>omissae</span> <span class='ocrx_word' id='word_1_128' title='bbox 963 2080 1039 2146; x_wconf 83' lang='lat' dir='ltr'>sunt,</span> <span class='ocrx_word' id='word_1_129' title='bbox 1069 2077 1147 2151; x_wconf 87' lang='lat' dir='ltr'>quod</span> 
     </span>
     <span class='ocr_line' id='line_1_18' title="bbox 79 2175 1148 2257; baseline -0.001 -19"><span class='ocrx_word' id='word_1_130' title='bbox 79 2183 189 2238; x_wconf 74' lang='lat' dir='ltr'>eusdem</span> <span class='ocrx_word' id='word_1_131' title='bbox 203 2182 248 2238; x_wconf 86' lang='lat' dir='ltr'>bis</span> <span class='ocrx_word' id='word_1_132' title='bbox 263 2183 422 2239; x_wconf 80' lang='lat' dir='ltr'>scribendae</span> <span class='ocrx_word' id='word_1_133' title='bbox 447 2193 542 2239; x_wconf 85' lang='lat' dir='ltr'>erant:</span> <span class='ocrx_word' id='word_1_134' title='bbox 565 2183 648 2239; x_wconf 89' lang='lat' dir='ltr'>Duo</span> <span class='ocrx_word' id='word_1_135' title='bbox 673 2175 771 2238; x_wconf 86' lang='lat' dir='ltr'>bella</span> <span class='ocrx_word' id='word_1_136' title='bbox 793 2199 835 2238; x_wconf 87' lang='lat' dir='ltr'>ea</span> <span class='ocrx_word' id='word_1_137' title='bbox 856 2199 950 2240; x_wconf 83' lang='lat' dir='ltr'>enno</span> <span class='ocrx_word' id='word_1_138' title='bbox 971 2197 1148 2257; x_wconf 86' lang='lat' dir='ltr'>prospere</span> 
     </span>
     <span class='ocr_line' id='line_1_19' title="bbox 81 2285 1148 2367; baseline 0 -24"><span class='ocrx_word' id='word_1_139' title='bbox 81 2297 198 2362; x_wconf 76' lang='lat' dir='ltr'>gesta.</span> <span class='ocrx_word' id='word_1_140' title='bbox 239 2285 323 2345; x_wconf 85' lang='lat' dir='ltr'>Cunr</span> <span class='ocrx_word' id='word_1_141' title='bbox 339 2287 559 2345; x_wconf 78' lang='lat' dir='ltr'>Tiburtibus</span> <span class='ocrx_word' id='word_1_142' title='bbox 581 2286 753 2367; x_wconf 78' lang='lat' dir='ltr'>nequead</span> <span class='ocrx_word' id='word_1_143' title='bbox 775 2286 998 2346; x_wconf 85' lang='lat' dir='ltr'>deditionem</span> <span class='ocrx_word' id='word_1_144' title='bbox 1014 2303 1148 2364; x_wconf 84' lang='lat' dir='ltr'>pugne-</span> 
     </span>
     <span class='ocr_line' id='line_1_20' title="bbox 82 2391 1176 2468; baseline 0 -20"><span class='ocrx_word' id='word_1_145' title='bbox 82 2401 170 2461; x_wconf 80' lang='lat' dir='ltr'>turu3</span> <span class='ocrx_word' id='word_1_146' title='bbox 204 2392 358 2452; x_wconf 84' lang='lat' dir='ltr'>Sassula</span> <span class='ocrx_word' id='word_1_147' title='bbox 393 2409 435 2448; x_wconf 87' lang='lat' dir='ltr'>ex</span> <span class='ocrx_word' id='word_1_148' title='bbox 467 2391 523 2448; x_wconf 86' lang='lat' dir='ltr'>his</span> <span class='ocrx_word' id='word_1_149' title='bbox 555 2391 640 2448; x_wconf 88' lang='lat' dir='ltr'>urbs</span> <span class='ocrx_word' id='word_1_150' title='bbox 680 2400 791 2466; x_wconf 88' lang='lat' dir='ltr'>capta</span> <span class='ocrx_word' id='word_1_151' title='bbox 822 2391 998 2468; x_wconf 83' lang='lat' dir='ltr'>(ceteraque,</span> <span class='ocrx_word' id='word_1_152' title='bbox 1022 2411 1087 2467; x_wconf 86' lang='lat' dir='ltr'>quea</span> <span class='ocrx_word' id='word_1_153' title='bbox 1110 2393 1147 2449; x_wconf 85' lang='lat' dir='ltr'>ad</span> <span class='ocrx_word' id='word_1_154' title='bbox 1173 2393 1176 2399; x_wconf 85' lang='lat'>&#39;</span> 
     </span>
     <span class='ocr_line' id='line_1_21' title="bbox 80 2493 1147 2572; baseline -0.001 -18"><span class='ocrx_word' id='word_1_155' title='bbox 80 2497 222 2554; x_wconf 78' lang='lat' dir='ltr'>Tiburtes</span> <span class='ocrx_word' id='word_1_156' title='bbox 244 2493 410 2572; x_wconf 79' lang='lat' dir='ltr'>pertinent).</span> <span class='ocrx_word' id='word_1_157' title='bbox 457 2497 624 2571; x_wconf 80' lang='lat' dir='ltr'>Sequuntur</span> <span class='ocrx_word' id='word_1_158' title='bbox 647 2496 692 2553; x_wconf 88' lang='lat' dir='ltr'>his</span> <span class='ocrx_word' id='word_1_159' title='bbox 714 2495 1147 2572; x_wconf 81' lang='lat' dir='ltr'>contraria:IuTa1-quini·</span> 
     </span>
     <span class='ocr_line' id='line_1_22' title="bbox 82 2589 1148 2672; baseline 0.002 -14"><span class='ocrx_word' id='word_1_160' title='bbox 82 2619 188 2658; x_wconf 82' lang='lat' dir='ltr'>enses</span> <span class='ocrx_word' id='word_1_161' title='bbox 210 2604 342 2660; x_wconf 83' lang='lat' dir='ltr'>acerbe</span> <span class='ocrx_word' id='word_1_162' title='bbox 364 2603 542 2672; x_wconf 76' lang='lat' dir='ltr'>saeviturn,</span> <span class='ocrx_word' id='word_1_163' title='bbox 564 2607 626 2670; x_wconf 79' lang='lat' dir='ltr'>cet,</span> <span class='ocrx_word' id='word_1_164' title='bbox 652 2601 706 2658; x_wconf 78' lang='lat' dir='ltr'>etei</span> <span class='ocrx_word' id='word_1_165' title='bbox 721 2602 861 2658; x_wconf 80' lang='lat' dir='ltr'>orationis</span> <span class='ocrx_word' id='word_1_166' title='bbox 876 2589 1148 2660; x_wconf 73' lang='lat' dir='ltr'>forinseccommo·</span> 
     </span>
     <span class='ocr_line' id='line_1_23' title="bbox 81 2705 1147 2783; baseline 0.001 -20"><span class='ocrx_word' id='word_1_167' title='bbox 81 2707 203 2764; x_wconf 81' lang='lat' dir='ltr'>detaad</span> <span class='ocrx_word' id='word_1_168' title='bbox 220 2709 428 2783; x_wconf 85' lang='lat' dir='ltr'>proximacst:</span> <span class='ocrx_word' id='word_1_169' title='bbox 450 2705 713 2781; x_wconf 87' lang='lat' dir='ltr'>triumphatum</span> <span class='ocrx_word' id='word_1_170' title='bbox 737 2705 778 2764; x_wconf 90' lang='lat' dir='ltr'>de</span> <span class='ocrx_word' id='word_1_171' title='bbox 799 2707 1031 2778; x_wconf 84' lang='lat' dir='ltr'>Tiburtibus3</span> <span class='ocrx_word' id='word_1_172' title='bbox 1055 2705 1147 2764; x_wconf 83' lang='lat' dir='ltr'>elio·</span> 
     </span>
     <span class='ocr_line' id='line_1_24' title="bbox 81 2812 1149 2887; baseline -0.001 -18"><span class='ocrx_word' id='word_1_173' title='bbox 81 2812 171 2887; x_wconf 91' lang='lat' dir='ltr'>quin</span> <span class='ocrx_word' id='word_1_174' title='bbox 194 2813 292 2870; x_wconf 86' lang='lat' dir='ltr'>mitis</span> <span class='ocrx_word' id='word_1_175' title='bbox 314 2813 474 2870; x_wconf 85' lang='lat' dir='ltr'>victoria</span> <span class='ocrx_word' id='word_1_176' title='bbox 494 2812 574 2869; x_wconf 87' lang='lat' dir='ltr'>fuit.</span> <span class='ocrx_word' id='word_1_177' title='bbox 629 2813 669 2870; x_wconf 89' lang='lat' dir='ltr'>Et</span> <span class='ocrx_word' id='word_1_178' title='bbox 698 2829 811 2886; x_wconf 87' lang='lat' dir='ltr'>usque</span> <span class='ocrx_word' id='word_1_179' title='bbox 839 2813 886 2870; x_wconf 90' lang='lat' dir='ltr'>hic</span> <span class='ocrx_word' id='word_1_180' title='bbox 906 2813 996 2870; x_wconf 85' lang='lat' dir='ltr'>latere</span> <span class='ocrx_word' id='word_1_181' title='bbox 1018 2823 1149 2870; x_wconf 76' lang='lat' dir='ltr'>senserat</span> 
     </span>
     <span class='ocr_line' id='line_1_25' title="bbox 81 2917 1148 2988; baseline 0 -14"><span class='ocrx_word' id='word_1_182' title='bbox 81 2917 254 2975; x_wconf 80' lang='lat' dir='ltr'>emendator</span> <span class='ocrx_word' id='word_1_183' title='bbox 282 2918 389 2976; x_wconf 87' lang='lat' dir='ltr'>codicis</span> <span class='ocrx_word' id='word_1_184' title='bbox 423 2917 643 2988; x_wconf 81' lang='lat' dir='ltr'>Gaertnerieni3</span> <span class='ocrx_word' id='word_1_185' title='bbox 676 2917 728 2974; x_wconf 82' lang='lat' dir='ltr'>aad</span> <span class='ocrx_word' id='word_1_186' title='bbox 761 2918 1027 2988; x_wconf 81' lang='lat' dir='ltr'>Drakenborchiue‚</span> <span class='ocrx_word' id='word_1_187' title='bbox 1060 2918 1148 2975; x_wconf 87' lang='lat' dir='ltr'>bomo</span> 
     </span>
     <span class='ocr_line' id='line_1_26' title="bbox 81 3021 1148 3098; baseline 0.003 -20"><span class='ocrx_word' id='word_1_188' title='bbox 81 3021 194 3096; x_wconf 82' lang='lat' dir='ltr'>alioqui</span> <span class='ocrx_word' id='word_1_189' title='bbox 217 3021 333 3082; x_wconf 87' lang='lat' dir='ltr'>minime</span> <span class='ocrx_word' id='word_1_190' title='bbox 355 3021 571 3080; x_wconf 87' lang='lat' dir='ltr'>fastidiosarum</span> <span class='ocrx_word' id='word_1_191' title='bbox 604 3023 732 3094; x_wconf 76' lang='lat' dir='ltr'>aurium,</span> <span class='ocrx_word' id='word_1_192' title='bbox 764 3023 800 3080; x_wconf 86' lang='lat' dir='ltr'>ds</span> <span class='ocrx_word' id='word_1_193' title='bbox 826 3023 941 3098; x_wconf 84' lang='lat' dir='ltr'>ingrato</span> <span class='ocrx_word' id='word_1_194' title='bbox 965 3041 1038 3081; x_wconf 89' lang='lat' dir='ltr'>sono</span> <span class='ocrx_word' id='word_1_195' title='bbox 1060 3023 1148 3081; x_wconf 89' lang='lat' dir='ltr'>inter·</span> 
     </span>
     <span class='ocr_line' id='line_1_27' title="bbox 79 3127 1147 3204; baseline 0.002 -20"><span class='ocrx_word' id='word_1_196' title='bbox 79 3127 239 3203; x_wconf 81' lang='lat' dir='ltr'>palationis</span> <span class='ocrx_word' id='word_1_197' title='bbox 252 3131 341 3196; x_wconf 88' lang='lat' dir='ltr'>(cum</span> <span class='ocrx_word' id='word_1_198' title='bbox 353 3128 692 3202; x_wconf 74' lang='lat' dir='ltr'>Tarquiniensibus</span> <span class='ocrx_word' id='word_1_199' title='bbox 708 3129 1004 3204; x_wconf 85' lang='lat' dir='ltr'>Tiburtibusque</span> <span class='ocrx_word' id='word_1_200' title='bbox 1020 3133 1147 3204; x_wconf 87' lang='lat' dir='ltr'>usque)</span> 
     </span>
     <span class='ocr_line' id='line_1_28' title="bbox 78 3233 1147 3308; baseline 0.002 -20"><span class='ocrx_word' id='word_1_201' title='bbox 78 3233 165 3308; x_wconf 89' lang='lat' dir='ltr'>queri</span> <span class='ocrx_word' id='word_1_202' title='bbox 188 3249 275 3306; x_wconf 85' lang='lat' dir='ltr'>quam</span> <span class='ocrx_word' id='word_1_203' title='bbox 298 3234 336 3291; x_wconf 83' lang='lat' dir='ltr'>ad</span> <span class='ocrx_word' id='word_1_204' title='bbox 358 3233 593 3290; x_wconf 80' lang='lat' dir='ltr'>Livii&#39;orutionis</span> <span class='ocrx_word' id='word_1_205' title='bbox 615 3233 739 3292; x_wconf 86' lang='lat' dir='ltr'>formstn</span> <span class='ocrx_word' id='word_1_206' title='bbox 762 3233 1004 3292; x_wconf 83' lang='lat' dir='ltr'>considerandum</span> <span class='ocrx_word' id='word_1_207' title='bbox 1028 3234 1147 3292; x_wconf 82' lang='lat' dir='ltr'>excitari</span> 
     </span>
    </p>
   </div>
   <div class='ocr_carea' id='block_1_3' title="bbox 78 3333 228 3412">
    <p class='ocr_par' dir='ltr' id='par_1_3' title="bbox 78 3333 228 3412">
     <span class='ocr_line' id='line_1_29' title="bbox 78 3333 228 3412; baseline -0.007 -16"><span class='ocrx_word' id='word_1_208' title='bbox 78 3333 228 3412; x_wconf 52' lang='lat' dir='ltr'>matrim)</span> 
     </span>
    </p>
   </div>
   <div class='ocr_carea' id='block_1_4' title="bbox 79 3521 283 3530">
    <p class='ocr_par' dir='ltr' id='par_1_4' title="bbox 79 3521 283 3530">
     <span class='ocr_line' id='line_1_30' title="bbox 79 3521 283 3530; baseline 0 0"><span class='ocrx_word' id='word_1_209' title='bbox 79 3521 283 3530; x_wconf 62' lang='grc' dir='ltr'>-.ι-..-</span> 
     </span>
    </p>
   </div>
   <div class='ocr_carea' id='block_1_5' title="bbox 95 3639 1149 4258">
    <p class='ocr_par' dir='ltr' id='par_1_5' title="bbox 98 3639 1148 3893">
     <span class='ocr_line' id='line_1_31' title="bbox 98 3639 1147 3708; baseline -0.004 -15"><span class='ocrx_word' id='word_1_210' title='bbox 98 3639 127 3706; x_wconf 84' lang='lat'>¹)</span> <span class='ocrx_word' id='word_1_211' title='bbox 151 3643 296 3693; x_wconf 77' lang='lat' dir='ltr'>Aduotstio</span> <span class='ocrx_word' id='word_1_212' title='bbox 330 3643 479 3708; x_wconf 73' lang='lat' dir='ltr'>marginalis</span> <span class='ocrx_word' id='word_1_213' title='bbox 507 3643 522 3705; x_wconf 74' lang='grc' dir='ltr'><strong>ξ</strong></span> <span class='ocrx_word' id='word_1_214' title='bbox 545 3649 561 3692; x_wconf 76' lang='lat' dir='ltr'>t</span> <span class='ocrx_word' id='word_1_215' title='bbox 590 3645 617 3693; x_wconf 92' lang='lat' dir='ltr'>iu</span> <span class='ocrx_word' id='word_1_216' title='bbox 642 3645 691 3693; x_wconf 87' lang='lat' dir='ltr'>cod</span> <span class='ocrx_word' id='word_1_217' title='bbox 717 3645 754 3692; x_wconf 82' lang='lat' dir='ltr'>M.</span> <span class='ocrx_word' id='word_1_218' title='bbox 774 3644 853 3692; x_wconf 83' lang='lat' dir='ltr'>textui</span> <span class='ocrx_word' id='word_1_219' title='bbox 877 3643 973 3692; x_wconf 83' lang='lat' dir='ltr'>inserta</span> <span class='ocrx_word' id='word_1_220' title='bbox 1000 3641 1147 3690; x_wconf 86' lang='lat' dir='ltr'>huiusmodi</span> 
     </span>
     <span class='ocr_line' id='line_1_32' title="bbox 154 3733 1148 3799; baseline -0.001 -16"><span class='ocrx_word' id='word_1_221' title='bbox 154 3735 228 3784; x_wconf 87' lang='lat' dir='ltr'>initio</span> <span class='ocrx_word' id='word_1_222' title='bbox 246 3735 307 3785; x_wconf 74' lang='lat' dir='ltr'>iuitt</span> <span class='ocrx_word' id='word_1_223' title='bbox 327 3737 510 3787; x_wconf 84' lang='lat' dir='ltr'>seditiones</span> <span class='ocrx_word' id='word_1_224' title='bbox 528 3735 729 3794; x_wconf 70' lang='lat' dir='ltr'>comitiales,</span> <span class='ocrx_word' id='word_1_225' title='bbox 758 3734 868 3799; x_wconf 84' lang='lat' dir='ltr'>plebe,</span> <span class='ocrx_word' id='word_1_226' title='bbox 900 3742 934 3783; x_wconf 89' lang='lat' dir='ltr'>ut</span> <span class='ocrx_word' id='word_1_227' title='bbox 956 3733 1148 3783; x_wconf 87' lang='lat' dir='ltr'>institutum</span> 
     </span>
     <span class='ocr_line' id='line_1_33' title="bbox 154 3827 724 3893; baseline 0.005 -18"><span class='ocrx_word' id='word_1_228' title='bbox 154 3835 237 3886; x_wconf 82' lang='lat' dir='ltr'>eret,</span> <span class='ocrx_word' id='word_1_229' title='bbox 257 3829 413 3878; x_wconf 84' lang='lat' dir='ltr'>coneuiee</span> <span class='ocrx_word' id='word_1_230' title='bbox 432 3835 590 3893; x_wconf 75' lang='lat' dir='ltr'>poscente</span> <span class='ocrx_word' id='word_1_231' title='bbox 609 3827 724 3878; x_wconf 83' lang='lat' dir='ltr'>creari.</span> 
     </span>
    </p>

    <p class='ocr_par' dir='ltr' id='par_1_6' title="bbox 95 3911 1149 4258">
     <span class='ocr_line' id='line_1_34' title="bbox 95 3911 1147 3983; baseline 0 -17"><span class='ocrx_word' id='word_1_232' title='bbox 95 3911 125 3980; x_wconf 78' lang='lat'>¹)</span> <span class='ocrx_word' id='word_1_233' title='bbox 152 3917 216 3982; x_wconf 81' lang='lat' dir='ltr'>Gap.</span> <span class='ocrx_word' id='word_1_234' title='bbox 236 3923 283 3977; x_wconf 73' lang='lat'>2³,</span> <span class='ocrx_word' id='word_1_235' title='bbox 311 3923 391 3983; x_wconf 77' lang='lat' dir='ltr'>ipro</span> <span class='ocrx_word' id='word_1_236' title='bbox 413 3920 519 3982; x_wconf 82' lang='lat' dir='ltr'>integi</span> <span class='ocrx_word' id='word_1_237' title='bbox 545 3921 622 3983; x_wconf 88' lang='lat' dir='ltr'>(loci</span> <span class='ocrx_word' id='word_1_238' title='bbox 647 3919 823 3968; x_wconf 84' lang='lat' dir='ltr'>altitudine</span> <span class='ocrx_word' id='word_1_239' title='bbox 848 3925 913 3966; x_wconf 84' lang='lat' dir='ltr'>turn</span> <span class='ocrx_word' id='word_1_240' title='bbox 936 3917 1027 3968; x_wconf 79' lang='lat' dir='ltr'>vello</span> <span class='ocrx_word' id='word_1_241' title='bbox 1051 3917 1147 3966; x_wconf 84' lang='lat' dir='ltr'>etiam</span> 
     </span>
     <span class='ocr_line' id='line_1_35' title="bbox 154 4008 1148 4074; baseline -0.001 -16"><span class='ocrx_word' id='word_1_242' title='bbox 154 4009 284 4072; x_wconf 80' lang='lat' dir='ltr'>integi),</span> <span class='ocrx_word' id='word_1_243' title='bbox 303 4013 373 4074; x_wconf 88' lang='lat' dir='ltr'>quod</span> <span class='ocrx_word' id='word_1_244' title='bbox 391 4011 618 4061; x_wconf 84' lang='lat' dir='ltr'>Drakenborcbius</span> <span class='ocrx_word' id='word_1_245' title='bbox 633 4025 647 4061; x_wconf 88' lang='lat' dir='ltr'>e</span> <span class='ocrx_word' id='word_1_246' title='bbox 662 4011 795 4060; x_wconf 76' lang='lat' dir='ltr'>codicibus</span> <span class='ocrx_word' id='word_1_247' title='bbox 808 4011 946 4069; x_wconf 84' lang='lat' dir='ltr'>revocavit,</span> <span class='ocrx_word' id='word_1_248' title='bbox 965 4009 1043 4058; x_wconf 88' lang='lat' dir='ltr'>ceteri</span> <span class='ocrx_word' id='word_1_249' title='bbox 1056 4008 1148 4057; x_wconf 85' lang='lat' dir='ltr'>deinde</span> 
     </span>
     <span class='ocr_line' id='line_1_36' title="bbox 155 4101 1149 4168; baseline -0.002 -16"><span class='ocrx_word' id='word_1_250' title='bbox 155 4111 309 4163; x_wconf 86' lang='lat' dir='ltr'>tenuerunt,</span> <span class='ocrx_word' id='word_1_251' title='bbox 335 4104 518 4153; x_wconf 87' lang='lat' dir='ltr'>restituendum</span> <span class='ocrx_word' id='word_1_252' title='bbox 538 4112 591 4168; x_wconf 83' lang='lat' dir='ltr'>cst,</span> <span class='ocrx_word' id='word_1_253' title='bbox 617 4103 685 4166; x_wconf 90' lang='lat' dir='ltr'>quod</span> <span class='ocrx_word' id='word_1_254' title='bbox 711 4103 770 4150; x_wconf 87' lang='lat' dir='ltr'>iude</span> <span class='ocrx_word' id='word_1_255' title='bbox 795 4117 811 4150; x_wconf 86' lang='lat' dir='ltr'>a</span> <span class='ocrx_word' id='word_1_256' title='bbox 828 4101 960 4152; x_wconf 78' lang='lat' dir='ltr'>Frobenio</span> <span class='ocrx_word' id='word_1_257' title='bbox 979 4103 1012 4151; x_wconf 81' lang='lat' dir='ltr'>sd</span> <span class='ocrx_word' id='word_1_258' title='bbox 1031 4101 1149 4150; x_wconf 72' lang='lat' dir='ltr'>Draken-</span> 
     </span>
     <span class='ocr_line' id='line_1_37' title="bbox 153 4193 1149 4258; baseline -0.001 -14"><span class='ocrx_word' id='word_1_259' title='bbox 153 4195 289 4244; x_wconf 85' lang='lat' dir='ltr'>barcbinm</span> <span class='ocrx_word' id='word_1_260' title='bbox 308 4196 461 4256; x_wconf 86' lang='lat' dir='ltr'>editumest,</span> <span class='ocrx_word' id='word_1_261' title='bbox 481 4196 559 4258; x_wconf 64' lang='lat' dir='ltr'>tegit</span> <span class='ocrx_word' id='word_1_262' title='bbox 577 4196 609 4244; x_wconf 87' lang='lat' dir='ltr'>iu</span> <span class='ocrx_word' id='word_1_263' title='bbox 628 4209 660 4243; x_wconf 89' lang='lat' dir='ltr'>ex</span> <span class='ocrx_word' id='word_1_264' title='bbox 679 4209 702 4246; x_wconf 83' lang='lat' dir='ltr'>tn</span> <span class='ocrx_word' id='word_1_265' title='bbox 721 4193 873 4258; x_wconf 69' lang='lat' dir='ltr'>precedenti</span> <span class='ocrx_word' id='word_1_266' title='bbox 889 4201 971 4243; x_wconf 89' lang='lat' dir='ltr'>ortum</span> <span class='ocrx_word' id='word_1_267' title='bbox 990 4203 1036 4245; x_wconf 88' lang='lat' dir='ltr'>eet.</span> <span class='ocrx_word' id='word_1_268' title='bbox 1074 4193 1149 4257; x_wconf 82' lang='lat' dir='ltr'>(vid.</span> 
     </span>
    </p>
   </div>
   <div class='ocr_carea' id='block_1_6' title="bbox 0 0 1419 4648">
    <p class='ocr_par' dir='ltr' id='par_1_7' title="bbox 0 0 1419 4648">
     <span class='ocr_line' id='line_1_38' title="bbox 0 0 1419 4648; baseline 0 0"><span class='ocrx_word' id='word_1_269' title='bbox 0 0 1419 4648; x_wconf 95' lang='lat' dir='ltr'> </span> 
     </span>
    </p>
   </div>
  </div>
 </body>
</html>
