2826 4640
257 275 311 324 Lib,
328 273 399 324 XLI.
755 278 813 332 506

257 477 331 534 qute
352 456 449 516 forte
470 458 617 516 inerunt
636 459 764 533 utique
784 467 869 534 post
888 469 1055 528 mortem3
1077 477 1152 516 curn
1174 457 1312 515 classis

257 561 626 624 RomenaCenchreis
648 563 1313 634 staretconsulcumexercituElatite

256 678 371 742 esset,
390 669 546 727 triduum
567 687 633 726 nos
654 667 689 725 in
715 668 872 726 coneilio
894 668 1024 740 fuisse,
1044 669 1311 736 consultantes,

257 785 375 833 utrum
396 777 578 834 Romanoa
601 793 645 832 an
658 773 868 850 Philippum
890 793 1135 851 sequeremur.
1178 775 1311 832 Priorem

256 881 429 939 sententiam
458 881 487 938 in
520 889 649 938 extrema
679 887 762 955 parte
792 898 926 938 maneant
948 899 1011 938 esse
1032 891 1061 939 et
1082 881 1222 940 excidisse
1243 899 1312 938 ver·

255 989 334 1058 bum,
357 987 441 1062 quale
453 995 497 1044 eet
518 986 662 1044 elevent
683 995 734 1042 aut
755 986 961 1057 obscurent,
984 987 1126 1045 neminem
1136 987 1219 1064 fugit
1252 987 1311 1046 Sed

255 1111 313 1150 non
333 1093 426 1150 minus
447 1093 628 1169 perspicuum
649 1101 701 1162 est,
723 1090 826 1148 deinde
847 1111 955 1150 novem
983 1093 1110 1168 incipere
1130 1093 1311 1158 sententiam,

256 1217 320 1275 quae
339 1199 377 1256 eb
398 1197 447 1256 illo
470 1199 591 1257 dicere
612 1207 777 1274 poteram
798 1197 924 1273 pendere
947 1209 1085 1274 nequeat3
1119 1219 1212 1275 neque
1234 1201 1309 1256 enim

255 1324 320 1365 oum
342 1304 478 1362 universa
497 1303 548 1360 illa
568 1303 768 1379 propositione
791 1304 836 1379 (ut
856 1305 987 1362 rhetores
1008 1305 1170 1380 appellant)
1192 1305 1229 1362 de
1251 1325 1311 1362 tue-

256 1411 317 1470 ritis
343 1421 474 1468 veterum
495 1409 676 1468 Macedoniae
701 1428 802 1484 regum
833 1428 990 1485 eorumque
1018 1411 1146 1486 pondere
1175 1411 1310 1485 coniungi

255 1519 314 1576 ullo
336 1528 423 1594 paeto
446 1535 483 1573 ex
504 1533 588 1590 aequo
609 1523 707 1591 potest
728 1516 911 1574 confirmatio
941 1526 971 1574 et
991 1517 1164 1593 exemplum.
1217 1517 1310 1574 Recto

254 1627 342 1702 igitur
362 1627 500 1682 hactenus
521 1621 627 1678 iudicio
650 1620 794 1696 Gryneus
817 1621 858 1678 sic
880 1623 1048 1698 scripserat:
1071 1622 1183 1695 Quum
1211 1621 1309 1678 clas-

255 1731 305 1788 sis
327 1731 362 1788 tt
385 1727 582 1786 Cenchreis
606 1737 733 1796 steret
761 1769 789 1787 ..
818 1728 979 1786 triduum
1001 1729 1037 1785 in
1059 1727 1221 1786 concilio
1239 1726 1310 1784 iui-

256 1853 348 1905 mus,
370 1833 644 1904 consultantes,
677 1843 747 1902 oet,
780 1833 835 1890 nisi
859 1835 939 1908 quod
960 1833 1100 1891 violenter
1136 1833 1253 1890 fuisse
1281 1834 1309 1890 in

255 1941 388 1998 fuimus
411 1947 546 1995 mutetur.
588 1938 702 1995 Eadem
723 1937 828 1995 lacuna
849 1949 879 1996 et
899 1939 1056 2015 superioris
1067 1939 1214 1997 sententiae
1224 1942 1310 1997 linem

255 2059 284 2104 et
305 2046 390 2104 huius
411 2044 523 2102 initium
546 2044 654 2114 hausit3
676 2045 739 2110 haec
761 2045 837 2103 enim
859 2045 999 2102 orationis
1022 2044 1118 2102 forma
1141 2044 1250 2103 luerat:
1274 2057 1311 2104 ut

256 2151 426 2228 Philippi
446 2149 657 2220 iniuries‚si
679 2168 753 2225 quan
775 2149 872 2207 forte
893 2149 1058 2221 inerunt,
1085 2147 1309 2226 [obscurent.

258 2253 499 2332 Meministis,]
524 2273 631 2329 quum
654 2254 788 2312 classis
811 2257 847 2314 R.
870 2255 903 2314 C.
919 2265 1046 2327 steret,
1148 2257 1312 2314 triduum

257 2381 321 2420 nos
339 2363 373 2419 in
396 2360 558 2420 concilio
583 2359 715 2430 fuisse,
738 2373 792 2420 cet.
878 2363 1015 2437 Sequitur
1042 2365 1071 2436 (§
1097 2365 1145 2436 tt)
1174 2382 1256 2420 error
1282 2383 1316 2419 re

257 2487 373 2544 parvus,
395 2469 433 2525 ed
454 2466 601 2525 sententie
622 2465 823 2526 detrimentum
845 2487 904 2526 non
924 2485 1049 2544 purvus3
1079 2469 1120 2526 sio
1144 2469 1219 2526 enim
1242 2469 1314 2525 scri-

257 2575 345 2632 bitur:
368 2573 438 2631 fuit
460 2583 559 2630 certe
579 2584 697 2630 temen
720 2573 868 2649 aliquid,
890 2573 983 2649 quod
999 2583 1069 2632 tem
1091 2575 1235 2650 longam
1258 2574 1314 2630 (le-

256 2680 513 2738 liberationem
534 2677 679 2736 feceret
700 2680 777 2751 (cod.
792 2679 955 2756 fecerat),
979 2681 1014 2738 id
1037 2682 1131 2756 quod
1154 2689 1235 2738 eret
1256 2699 1313 2737 re·

255 2795 356 2843 tusta
377 2786 459 2855 (uod.
483 2784 681 2858 vetustate)
704 2783 916 2842 coniunctio
945 2786 1313 2852 cumMacedonibus‚

221 2971 223 2976 ι
255 2901 381 2949 vetera
411 2901 445 2948 et
471 2891 660 2966 magnoin
692 2907 756 2947 nos
777 2909 901 2965 regum
924 2891 1148 2963 (coarerum)
1172 2890 1313 2946 merita.

255 2997 431 3054 Pravissime
444 3015 509 3054 cunt
530 2997 641 3054 infinite
664 2995 856 3054 affirmatione
886 2996 1059 3072 (aliquid)
1085 2995 1193 3072 perid
1216 2995 1312 3069 quod

256 3102 364 3178 (ipsum
387 3103 490 3160 vitiose
513 3103 654 3178 positum,
682 3102 819 3177 quoniam
841 3121 899 3160 non
913 3103 952 3160 ed
972 3103 1158 3178 praedicatum
1181 3111 1313 3158 totamve

253 3207 422 3265 sententiam
433 3207 566 3282 refertur)
573 3208 755 3286 coniungitur
765 3217 849 3266 certas
858 3209 901 3266 rei
912 3208 1120 3266 demonstratio
1140 3205 1313 3280 (aliquid,

253 3315 288 3372 id
310 3315 428 3390 qnod).
470 3317 591 3372 Rectum
622 3313 762 3370 orationis
784 3313 908 3371 formum
941 3313 1045 3373 efficiet
1075 3332 1134 3370 una
1162 3312 1260 3369 littera
1282 3325 1313 3368 et

252 3420 338 3478 simnl
356 3419 548 3496 interpunctio
570 3427 694 3476 mntete:
731 3417 807 3476 fuit
831 3437 855 3477 c.
877 3433 898 3479 t.
921 3421 1079 3495 aliquid,
1118 3418 1218 3494 quod
1240 3427 1312 3474 tam

253 3527 395 3602 longam
418 3523 724 3582 deliberationem
741 3524 891 3586 feceret.
937 3526 978 3583 Id
1001 3525 1086 3600 quid
1108 3523 1207 3582 erat?
1246 3525 1312 3580 Ve-

251 3641 350 3689 tusta
371 3631 583 3689 coniunctio
605 3649 631 3691 e.
654 3633 742 3691 Mac.
769 3627 855 3699 cet¹J

285 3841 449 3850 -.ι-..η’-

270 3971 292 4034 ¹)
321 3977 337 4034 5
356 3979 371 4022 6
390 3975 553 4039 Kreyssiglns
572 3991 658 4026 rerunt
678 3979 829 4040 scripturam
847 3974 1025 4038 restituit(Ac
1044 3977 1166 4024 seimus
1183 3973 1311 4023 Persea

322 4079 422 4127 regno
448 4075 587 4130 accepto
615 4081 725 4130 regern
753 4083 769 4115 a
795 4084 821 4132 p.
840 4067 870 4116 tt.
900 4067 1116 4131 appellatum
1143 4067 1312 4126 andimus,
