2810 4644
257 261 427 312 numu.
758 265 818 320 340

258 447 339 523 lique
359 446 437 504 Livii
457 445 624 503 narratione
645 456 786 523 epperet,
807 447 857 522 qui
880 446 1024 504 exereitus
1044 446 1221 513 babuerunt,
1242 462 1308 521 pro-

257 561 391 628 rogatum
412 551 564 628 imperium
586 561 639 622 est,
660 553 715 610 uisi
736 552 781 623 iis,
803 551 854 627 qui
874 552 1066 622 decedebant,
1087 561 1119 607 ut
1138 549 1221 609 huius
1243 550 1309 606 euni

257 657 423 716 consulibus
445 667 475 714 et
502 659 674 734 praetoribus
702 658 768 716 locu
789 677 884 716 vecue
908 657 1054 724 fecerent,
1082 656 1175 732 iisque
1195 656 1308 732 provin·

256 763 318 820 cies
340 763 503 826 trudebant.
545 766 647 840 Atque
670 765 726 822 hoc
748 765 843 822 verbis
864 765 951 822 etiem
974 763 1093 830 dicetur,
1116 773 1182 839 epte
1203 771 1232 819 et
1253 762 1311 819 Le·

258 869 325 939 tine,
347 869 398 926 sed
421 870 560 927 orationis
582 868 678 927 fenus
699 869 737 925 ed
761 868 946 926 librariorum
967 879 1084 944 ceptum
1108 869 1196 944 paulo
1216 868 1312 924 miuus

257 973 488 1044 accommodata,
509 975 535 1032 si
555 975 598 1033 sic
619 973 834 1051 scripserimus:
858 984 894 1030 et
913 975 1063 1044 ceteris,
1083 985 1213 1050 prester
1235 975 1311 1054 qui·

258 1083 320 1144 bus
347 1081 519 1139 consules
552 1089 805 1156 praetoresque
832 1081 1056 1139 exercitibus
1085 1080 1312 1156 provinciis-

257 1206 325 1264 que
354 1185 547 1262 praefuturi
576 1195 697 1256 erent,
726 1196 930 1261 prorogate
957 1185 1119 1260 imperis.
1175 1186 1315 1261 Exceptis

258 1295 293 1352 iis
316 1294 490 1370 provinciis,
524 1312 597 1369 ques
628 1291 697 1351 novi
724 1289 911 1365 magistratus
934 1291 1060 1348 babituri
1084 1299 1182 1358 erent,
1211 1291 1314 1348 ceteris

257 1399 434 1458 exercituum
457 1400 729 1476 provinciarumque
756 1396 927 1470 praesidibus
948 1406 1107 1472 prorogate
1127 1396 1251 1472 imperia
1272 1397 1315 1453 di-

257 1513 368 1564 cuntur.
400 1507 540 1564 Praeter
553 1505 595 1562 sie
614 1505 644 1560 in
665 1500 834 1576 exceptione
843 1521 898 1576 pro
920 1502 1059 1560 adverbio
1070 1503 1157 1578 positi
1168 1503 1314 1574 (ceteris

256 1619 392 1686 praeter
417 1629 536 1668 rerum
554 1607 772 1685 capitalium
792 1607 1199 1684 damnetiscet)exempiu
1221 1606 1315 1666 chi·

259 1716 382 1784 cernuis,
404 1714 551 1787 Sallustii,
576 1714 724 1786 Comelii,
747 1712 878 1772 Suetonii
898 1712 978 1771 libris
1005 1713 1100 1770 lexice
1120 1715 1238 1772 hubent.
1285 1715 1315 1771 Is

256 1837 325 1878 usus
355 1819 505 1894 ignoratus
534 1830 585 1878 eut
612 1820 715 1878 saltem
746 1813 867 1894 legentis
897 1819 1105 1894 scribentisque
1137 1821 1236 1878 animo
1258 1839 1313 1878 non

256 1943 410 1982 occurrens
433 1923 515 1998 fecit,
542 1935 575 1984 ut
599 1926 731 2002 quibus
764 1925 944 1982 omitteretur
973 1930 1120 2000 (praeter
1147 1926 1315 1984 consules

255 2039 528 2106 praetoresque),
547 2031 650 2088 deiude
671 2031 732 2106 qui
756 2031 910 2088 adderetur
929 2029 990 2106 (pr.
1013 2049 1102 2092 coss.
1124 2041 1316 2106 praetores-

255 2157 322 2212 que
344 2137 426 2212 qui).

651 2563 730 2638 Lib.
768 2565 916 2639 XXIX.

336 2765 410 2842 Cep.
434 2770 473 2836 t,
496 2769 529 2826 8:
558 2769 594 2826 Ie
623 2769 819 2844 (Massinissa)
842 2771 1011 2846 seguiter
1041 2791 1114 2828 rem
1144 2771 1203 2846 egi
1229 2789 1314 2846 que-

253 2884 339 2942 stus,
363 2873 456 2948 quod
478 2883 548 2930 tum
570 2893 639 2930 nou
669 2875 738 2932 iem
760 2876 965 2934 exercitum
993 2877 1029 2933 in
1053 2876 1220 2935 Africam
1244 2889 1311 2934 tre·

252 2978 414 3036 iecisset
461 2979 498 3051 (P
520 2989 593 3036 tem
616 2999 683 3036 nou
705 2981 908 3039 exercitum
931 2983 1009 3054 ium,
1033 2984 1312 3060 udditisnotis,qui·

253 3085 306 3142 bus
327 3084 395 3141 iem
419 3093 486 3142 ente
507 3085 708 3147 exercitum
729 3088 894 3162 ponendum
908 3106 972 3146 esse
986 3087 1187 3166 significatur.)
1214 3092 1311 3148 Prave

252 3189 400 3266 perticuiae
421 3198 581 3267 ponuntur;
606 3191 654 3266 qui
676 3191 771 3264 euim,
794 3194 961 3268 quodiam
987 3195 1070 3268 (iam
1094 3204 1130 3252 tu
1139 3193 1179 3270 m)
1202 3194 1310 3254 fuctum

252 3295 427 3371 oportuerit,
455 3315 512 3353 non
538 3313 601 3352 esse
622 3295 730 3352 fectum
761 3298 906 3372 queritur,
937 3302 1100 3358 necessario
1128 3301 1310 3376 negationem

251 3399 398 3476 particulae
425 3401 497 3458 iem
533 3402 684 3477 praepouit.
740 3401 929 3462 Scribendum
960 3405 1079 3482 opinor:
1111 3407 1204 3491 quold
1242 3427 1308 3466 nou

249 3506 319 3563 iem
342 3507 544 3564 exercitum
567 3506 601 3563 in
624 3505 785 3565 Africam
809 3510 1044 3580 traiecissem
1071 3531 1138 3568 nam
1172 3522 1246 3570 tem
1273 3532 1308 3570 ex

251 3613 324 3670 iem
346 3612 522 3689 transposito
554 3621 648 3670 ortum
681 3611 803 3670 videtur.
875 3617 932 3674 Sed
965 3627 1104 3692 praeteree
1135 3627 1203 3693 post
1224 3637 1307 3694 que·

250 3725 329 3774 stus
374 3717 537 3774 addendum
571 3728 626 3776 est
655 3716 784 3790 videtur,
824 3722 1014 3796 nequeenim
1048 3723 1077 3780 in
1112 3725 1167 3781 hec
1202 3723 1307 3781 oratio·

250 3821 293 3878 nis
316 3820 411 3880 forme
433 3821 479 3896 (..
507 3823 728 3881 Massinissa
750 3825 863 3894 venie
896 3826 926 3884 is
963 3869 992 3889 ..
1021 3835 1183 3903 questus)
1216 3829 1305 3886 omitti

250 3927 278 3983 id
301 3929 420 3986 verbum
442 3936 546 4004 potest.
