2800 4646
595 271 653 324 447
926 264 986 314 Lib.
1004 263 1157 316 xxxvnr.

92 447 169 506 enim
192 457 344 524 optemus,
371 459 403 506 ut
424 449 577 526 velimus),
611 467 669 506 non
698 447 888 506 meminerant
908 449 1051 525 pertinere
1069 449 1155 508 etiem

91 555 131 611 ad
153 555 311 612 sententias
332 554 534 623 secundariae,
570 555 616 612 vel
644 557 723 630 quod
750 552 856 611 iniuria
885 551 1084 614 voluissem
1111 575 1156 614 re·

91 659 256 734 quirebent,
278 659 359 717 obliti
382 660 459 730 eius,
483 659 562 734 qnod
591 661 721 737 legerent
748 661 804 730 vl,
827 663 856 726 9,
878 662 895 717 9
927 659 1155 737 (quamquem

177 765 329 839 mullet).
383 766 632 837 Namvcllem,
663 767 822 837 mallem,
853 765 966 824 utalia
988 766 1157 843 imper-lecta
1225 845 1226 848 Ἴ

91 871 121 928 in
143 871 292 928 sententiis
313 871 576 944 conditionalibus,
602 873 815 930 transferuntur
847 873 934 930 etiam
957 872 995 929 ad
1017 891 1062 934 ea.
1092 891 1157 948 quat

90 977 239 1052 preterito
261 985 391 1053 tempore
413 979 540 1054 optaturi
562 977 679 1050 fuimus,
709 979 817 1036 silleri
840 979 990 1054 potuisset,
1012 997 1065 1036 nec
1082 997 1155 1056 poe·

90 1083 150 1140 tica
174 1081 308 1140 libertato
329 1099 398 1140 usus
421 1093 464 1140 est
483 1082 616 1152 Ovidius,
641 1103 730 1159 quum
753 1083 827 1141 dixit
842 1085 977 1158 (Metam.
993 1085 1051 1154 XI,
1068 1085 1154 1158 5⁴⁶)=

91 1188 227 1246 Patriae
248 1206 395 1262 quoque
416 1189 531 1246 vellet
552 1191 596 1246 ed
618 1209 702 1248 orae
726 1189 926 1266 Respicere
954 1199 1008 1247 cet
1059 1191 1154 1248 Paulo

90 1302 169 1364 ente,
191 1299 205 1364 §
229 1297 259 1369 9,
281 1294 331 1352 ubi
352 1294 461 1352 editur:
493 1295 534 1352 In
566 1297 635 1354 hoc
657 1315 758 1365 essu,
790 1314 859 1370 quo
882 1293 1086 1353 infeliciter
1105 1295 1154 1352 iu-

89 1400 198 1470 cidit,
220 1409 261 1458 ut
281 1400 389 1458 telem
412 1399 526 1456 civem
549 1401 818 1472 amitteremus,
845 1401 1000 1470 hoereut,
1022 1419 1080 1458 non
1102 1401 1154 1460 ad·

89 1507 208 1564 modum
250 1507 346 1582 placet
389 1505 459 1564 iliud
506 1522 607 1577 casu,
649 1525 718 1582 quo
749 1551 777 1567 ..
804 1506 949 1574 incidit,
992 1516 1022 1563 et
1058 1506 1153 1564 mendi

87 1613 281 1690 suspicionem
304 1611 414 1670 faciunt
436 1613 550 1670 codices
573 1612 861 1682 Drakenborchiani,
892 1631 928 1669 ex
957 1593 1061 1686 quibus
1084 1631 1153 1688 quo

87 1721 171 1778 deest
192 1720 222 1776 in
245 1721 318 1776 Lon.
341 1719 367 1788 1,
391 1723 418 1785 4,
443 1725 470 1786 b,
493 1718 591 1788 Voss,
621 1719 651 1776 in
675 1719 749 1779 Lov.
773 1721 790 1776 3
813 1718 931 1793 legitur:
958 1718 993 1775 iu
1016 1719 1082 1776 hoc
1104 1717 1152 1776 iu·

87 1825 176 1898 ique
198 1843 282 1881 casu
305 1843 388 1899 quo,
418 1825 447 1881 in
480 1825 554 1881 Lov.
580 1825 735 1902 ·2,Mcnd.
757 1835 889 1900 utroque,
921 1801 1007 1884 Harl.
1028 1825 1062 1882 in
1087 1824 1153 1882 hoc

87 1949 159 2006 quo
181 1949 284 2000 casu,
305 1931 334 1988 in
361 1933 431 1988 Lov.
457 1934 485 2000 5,
508 1930 589 1987 utin
612 1931 677 1990 edd.
695 1941 762 1988 ante
778 1931 902 1989 Aldumr
923 1931 959 1988 in
981 1931 1048 1988 hoc
1069 1947 1152 2006 quo·

87 2055 157 2111 que
184 2055 280 2096 casu.
326 2037 385 2107 (De
407 2037 438 2093 M
460 2037 532 2094 nihil
554 2037 701 2100 traditur.)
745 2036 947 2112 Scripseratne
969 2037 1083 2096 Livius:
1114 2037 1153 2094 In

87 2144 169 2206 hoc,
191 2143 285 2218 quod
306 2143 511 2200 infeliciter
532 2143 676 2214 incidit,
781 2142 935 2200 herent?

173 2247 247 2325 Cap.
270 2251 319 2320 53,
346 2253 363 2308 3
388 2250 428 2319 (in
451 2250 583 2308 cretione
612 2249 659 2308 Ti.
683 2249 811 2308 Gracchi
832 2249 870 2306 ed
891 2250 1029 2324 populum
1052 2259 1153 2306 contre

88 2354 252 2423 Petilliost:
275 2355 362 2412 Ideo
386 2357 439 2426 (P.
463 2351 578 2432 Scipio)
699 2355 901 2431 Syphacem
924 2355 1035 2432 cepit,
1059 2355 1152 2413 Han·

87 2461 248 2520 nibelem
280 2462 432 2532 devicit,
479 2461 741 2537 Carthaginem
783 2461 1006 2537 vectigalem
1043 2459 1149 2518 nobis

87 2567 195 2634 iecit,
217 2567 437 2626 Antiochum
468 2568 621 2644 (recepit
650 2567 743 2624 enim
766 2567 917 2626 fratrem
944 2575 1152 2624 consortem

87 2674 198 2732 huius
220 2674 348 2750 gloriis
380 2673 414 2730 L.
437 2672 576 2748 Scipio)
609 2672 707 2729 ultra
740 2673 854 2729 'Pueri
886 2673 971 2748 iuga
1004 2669 1153 2740 amovit,

87 2789 127 2838 ut
156 2780 296 2838 duobus
324 2779 492 2837 Petilliis
524 2779 795 2846 succumberet,
828 2795 893 2835 vos
926 2778 968 2835 de
1001 2779 1037 2838 P.
1056 2775 1154 2836 Afri·

87 2905 182 2944 cauo
210 2886 364 2962 pelmem
398 2883 598 2961 peteretis?
642 2883 787 2959 Populum
811 2883 964 2944 Gracchus
987 2881 1152 2958 alloquitur,

88 3011 196 3050 aversa
216 2992 349 3049 oratione
370 3010 428 3048 non
452 3010 470 3046 a
492 2990 630 3058 Petilliis,
666 2991 716 3047 sed
749 3009 768 3048 s
786 2991 889 3048 ceteris
910 2989 1051 3058 tribunis,
1081 3007 1154 3064 quos

88 3099 201 3173 alloqui
222 3109 371 3174 coeperet3
393 3097 523 3172 sequitur
545 3096 634 3152 enim:
664 3095 828 3154 nullisne
853 3097 989 3155 vestris
1009 3097 1154 3156 honori·

88 3208 165 3264 bus.
215 3205 272 3278 Qui
304 3203 393 3280 igitur
412 3202 537 3279 populus
560 3201 615 3258 dici
637 3202 732 3277 potuit
753 3203 909 3278 palmam
937 3205 979 3262 de
1000 3205 1036 3264 P.
1059 3201 1154 3262 Airi-

89 3329 182 3368 cano
204 3319 344 3386 petere,
366 3311 422 3367 hon
444 3319 496 3376 est,
518 3307 567 3365 illo
591 3308 667 3366 victo
688 3308 812 3384 gloriam
835 3308 890 3367 sibi
913 3307 1061 3384 quaerere?
1092 3309 1155 3366 Nec

89 3429 189 3475 temen
211 3417 338 3493 deipsis
361 3414 484 3472 Petilliis
504 3423 572 3489 post
599 3415 856 3472 succumberet
886 3403 977 3489 (quod
1003 3413 1154 3472 victoriam

89 3524 151 3582 iem
174 3533 289 3599 pentem
308 3521 465 3597 significat)
487 3529 565 3576 recte
587 3519 730 3576 diceretur
751 3520 947 3594 peteretis,
972 3521 1023 3577 sed
1043 3519 1156 3578 ferre·

89 3631 153 3700 tis;
175 3629 221 3687 vel
242 3629 353 3706 potius:
375 3626 431 3683 illi
461 3670 489 3685 ..
518 3623 673 3693 terrene
708 3643 774 3682 uam
800 3643 864 3684 cum
887 3635 1053 3701 contemptu
1076 3644 1156 3682 com-

90 3743 243 3797 memorat,
264 3753 321 3792 non
351 3731 518 3806 alloquitur.
568 3731 639 3806 Ipse
669 3729 851 3806 comparatio
878 3740 922 3788 tot
952 3741 1156 3808 tantorumque

91 3839 335 3910 adversariorum,
358 3857 431 3914 quoe
454 3839 487 3895 P.
514 3835 612 3914 Scipio
636 3836 715 3906 vicit,
742 3854 807 3894 cum
833 3837 947 3896 duobus
968 3837 1157 3906 homunculis,

91 3948 143 4024 qui
166 3965 231 4004 eum
254 3964 329 4002 nunc
350 3955 528 4021 oppugnent,
552 3942 679 4004 ostendit
694 3942 865 4004 sententium
882 3943 1031 4002 terminari
1052 3943 1157 4003 debere

91 4053 212 4112 inillis:
244 4063 281 4110 nt
310 4051 448 4108 duobus
472 4047 641 4108 Petilliis
675 4049 954 4108 succumberet?
991 4049 1094 4110 deinde
1115 4051 1158 4109 in-
