2810 4644
274 255 331 306 tit.
350 253 450 306 XXVI.
752 257 811 312 316

250 459 315 498 nem
350 439 540 497 Terentinum
576 445 606 494 st
634 437 674 494 D.
697 435 863 511 Quinctium
892 437 1086 512 Romanuml:
1115 437 1187 495 Hic
1209 435 1315 512 (Nico)

250 544 463 621 Quinctium
485 542 592 600 simul
612 551 833 619 pugnantem
849 541 1132 619 hortantemque
1152 559 1242 600 euos
1262 541 1315 599 in·

248 652 527 710 centumheste
548 647 756 724 transfigit3
791 647 860 705 ille
892 655 1001 722 atque
1035 665 1198 724 preceps
1235 663 1315 706 cum

250 757 361 816 ermis
382 753 549 832 procidit
577 759 662 811 ente
690 770 850 827 prorem3
885 751 1005 811 victor
1029 753 1255 812 Tarentinus
1277 752 1316 810 in
1393 765 1394 810 1

248 864 437 922 turbatam
459 861 551 918 duce
573 857 708 916 emisso
723 875 849 915 nerem
870 857 1028 935 impigre
1049 869 1316 936 transgressas

249 979 303 1029 etc.
350 968 401 1026 Ad
423 963 633 1042 expediendum
655 962 732 1020 istud
763 963 829 1021 ille
858 971 970 1039 etque
1002 965 1157 1023 adhibetur
1177 975 1261 1023 vetus
1284 977 1316 1022 et

248 1074 378 1150 poeticus
399 1070 550 1148 perticulae
571 1081 682 1144 etque
703 1085 787 1138 usus,
823 1087 881 1144 quo
903 1087 957 1146 pro
986 1071 1110 1129 stetim
1132 1071 1202 1148 poni
1226 1081 1314 1148 pute·

247 1191 304 1242 tur.
347 1179 382 1236 ld
403 1177 445 1234 sic
462 1178 511 1246 fit,
540 1184 573 1232 ut
602 1173 735 1232 celeritas
756 1174 799 1231 rei
820 1174 983 1234 declaretur
1009 1177 1115 1252 copule
1136 1177 1165 1234 in
1188 1177 1313 1254 apodoei

247 1285 360 1363 posita,
391 1292 515 1357 utreque
537 1279 651 1338 eetiono
676 1279 760 1354 quesi
781 1279 810 1336 in
832 1297 919 1338 unam
942 1281 1081 1352 conflata3
1114 1299 1183 1339 nem
1204 1299 1258 1358 per
1281 1299 1314 1338 se

247 1401 357 1466 etque
378 1405 526 1463 nunquam
548 1405 602 1462 pro
624 1387 748 1444 stetim
778 1386 886 1444 dictum
919 1395 972 1444 cst.
1032 1388 1137 1462 Itaque
1158 1395 1191 1444 ut
1211 1397 1314 1462 posset

247 1500 284 1557 ad
307 1497 423 1556 Livium
445 1513 464 1552 a
485 1491 592 1550 Plauto
616 1501 646 1549 et
671 1491 793 1568 Virgilio
814 1493 863 1552 ille
883 1511 954 1552 usus
979 1491 1148 1562 transferri,
1184 1511 1243 1550 non
1266 1501 1313 1548 ta-

245 1621 312 1660 men
333 1600 494 1668 dioeretur,
525 1598 769 1672 quemadmodum
790 1617 876 1658 nemo
900 1599 929 1656 in
950 1597 1001 1656 ille
1023 1597 1118 1656 forma
1139 1597 1222 1669 dixit,
1243 1597 1313 1654 ille
1393 1619 1394 1648 ÷

247 1717 368 1782 etque.
424 1703 506 1762 Nihil
527 1712 624 1760 temen
647 1721 663 1760 e
685 1703 843 1781 longinquo
865 1704 1069 1763 arcessendum
1091 1703 1312 1762 emendationis.

246 1813 297 1871 sed
320 1809 484 1870 adhibenda
505 1809 703 1884 transpositio,
734 1821 767 1868 ut
787 1813 852 1870 flat:
882 1821 994 1886 etque
1016 1811 1081 1868 ille
1101 1827 1263 1892 preceps
1287 1829 1312 1866 c.

245 1938 271 1976 a
295 1915 456 1994 procidit
485 1923 569 1972 ente
597 1934 744 1990 proram
766 1927 822 1979 cet.
866 1917 992 1975 Prorsus
1019 1915 1155 1974 similium
1171 1925 1312 1992 transpo-

244 2021 380 2079 sitionem
411 2019 520 2098 (haud
554 2019 641 2095 quie
669 2040 723 2097 pro
746 2022 833 2098 quie
858 2025 968 2094 heud,
1000 2023 1116 2081 solum
1150 2039 1221 2078 non
1254 2040 1312 2096 pro

243 2147 313 2186 non
335 2125 464 2202 solum)
495 2127 524 2184 in
547 2127 573 2184 P
595 2125 739 2184 lectarum
762 2129 896 2204 exempla
917 2129 1021 2206 collegi
1043 2128 1080 2186 od
1102 2127 1210 2197 XXII,
1236 2129 1266 2196 2,
1293 2133 1311 2186 6

244 2255 272 2311 p.
297 2235 365 2292 231.

328 2337 402 2414 Cap.
437 2341 494 2407 to,
531 2339 581 2394 ll:
615 2337 801 2410 Quattuor
834 2339 937 2398 milia
972 2341 1153 2398 hominum
1188 2351 1310 2410 erent,

246 2445 352 2503 mixti
374 2463 416 2502 cx
438 2443 534 2499 omni
557 2441 786 2515 colluvione,
822 2445 986 2516 exsules,
1019 2445 1188 2516 obaerati,
1210 2447 1310 2521 cepi-

245 2551 338 2610 telie
361 2550 441 2608 ausi
463 2548 648 2624 plerique,
679 2558 714 2606 et
740 2569 843 2624 quum
865 2552 900 2609 in
923 2551 1141 2610 civitatibus
1163 2551 1239 2608 suis
1269 2571 1310 2609 ec

245 2656 309 2713 sub
336 2655 480 2731 legibue
513 2654 700 2726 vixerant,
729 2665 763 2713 et
792 2667 987 2732 postquam
1017 2674 1078 2714 sos
1109 2675 1152 2714 ex
1187 2657 1310 2714 variis

245 2760 366 2817 causis
388 2759 540 2817 fortune
561 2759 693 2818 similis
719 2762 1016 2837 conglobaverat
1037 2763 1309 2839 Agathyrnam.

245 2885 308 2941 per
339 2863 539 2923 latrocinia
570 2883 609 2924 eo
639 2867 802 2942 rapinem
833 2868 1043 2927 tolerantes
1064 2869 1187 2929 vitem.
1236 2869 1311 2926 Haec

245 2969 385 3027 orationis
405 2969 499 3028 forma
523 2971 675 3047 significat,
706 2973 760 3030 hos
783 2973 914 3030 homines
936 2983 965 3030 et
985 2983 1056 3042 tum,
1084 2991 1173 3048 quum
1197 2975 1227 3032 in
1248 2977 1310 3032 suis

246 3075 411 3132 civitatibus
433 3077 487 3134 sub
508 3077 621 3152 legibus
642 3077 799 3148 vixissent,
834 3089 864 3135 et
884 3089 988 3155 postea
1009 3081 1191 3157 Agathyrna
1206 3081 1308 3138 eodem

246 3198 366 3256 prorsus
390 3181 477 3239 modo
499 3183 588 3240 vitem
612 3182 762 3253 tolerasse,
784 3185 863 3258 quod
885 3183 1038 3242 manifesto
1060 3203 1229 3261 perversum
1255 3195 1310 3244 est.

247 3285 347 3342 Livius
379 3287 454 3344 enim
479 3289 541 3345 haec
572 3287 722 3365 distinguit
746 3289 797 3366 [-
822 3307 915 3366 enque
936 3290 1000 3348 sole
1020 3299 1064 3348 est
1085 3307 1176 3348 causa
1196 3291 1309 3366 superi·

246 3390 305 3448 oris
333 3393 482 3468 temporis,
504 3395 583 3469 quod
620 3395 649 3452 in
679 3395 739 3452 suis
770 3395 935 3454 civitatibus
967 3405 1096 3472 egerent,
1130 3415 1309 3468 commemo·

245 3499 329 3555 randi
351 3499 404 3572 --)
426 3509 464 3569 et,
504 3499 553 3574 qui
575 3500 604 3556 in
626 3500 686 3558 suis
708 3501 873 3560 civitatibus
895 3501 979 3560 unius
1006 3509 1057 3560 aut
1076 3499 1196 3559 alterius
1218 3501 1310 3558 male·

245 3603 302 3662 ficii
324 3604 454 3662 damnati
473 3613 584 3674 essent,
616 3623 667 3663 eos
689 3608 870 3683 Agathyrnae
897 3627 935 3665 ex
955 3607 1035 3665 nulle
1056 3626 1088 3665 re
1108 3606 1164 3664 nisi
1187 3625 1226 3664 ex
1246 3623 1310 3664 sce·

244 3707 351 3768 loribus
373 3710 480 3768 victum
502 3711 639 3770 habuisse
660 3711 737 3770 dicit
792 3713 898 3790 Neque
918 3731 1045 3791 presens
1065 3711 1213 3790 participii
1234 3720 1310 3771 tem-

245 3833 301 3890 pus
323 3816 556 3890 (tolerantes)
577 3827 656 3875 recte
679 3819 783 3876 dicitur
803 3818 858 3876 nisi
883 3819 919 3877 de
940 3838 975 3877 eo
996 3827 1085 3888 statu,
1105 3819 1136 3876 in
1158 3837 1218 3895 quo
1239 3827 1309 3876 tunc

245 3919 339 3994 ipsum
362 3931 453 3981 erent.
498 3921 604 3997 Iteque
626 3932 661 3981 et
681 3935 749 4000 post
768 3924 940 4002 plerique
961 3943 999 3981 ex
1020 3933 1185 3987 eextreme
1213 3932 1310 3982 ortum

245 4033 298 4095 est,
318 4033 352 4082 ut
372 4043 398 4085 o.
425 4028 472 4097 12,
499 4030 534 4086 18
557 4040 586 4085 et
608 4029 687 4100 elibi,
709 4030 861 4106 oratioque
882 4029 924 4090 sic
945 4031 1098 4089 decurrere
1126 4030 1227 4089 debet:
1255 4049 1337 4106 ce·¹
