2800 4646
252 257 464 310 Lm.xxxvn.
756 259 815 315 426

251 455 316 502 rato
337 461 401 500 oum
427 442 491 518 ipso
513 441 690 517 imperatore
711 439 811 515 glories
832 438 930 509 titulo;
962 438 1041 513 quod
1070 447 1168 496 temen
1190 437 1219 493 in
1241 435 1312 494 Cas-

252 547 360 607 siodori
382 547 465 606 iestis
487 547 593 604 Lmlius
615 545 774 604 Africanus
798 543 979 620 appellatur,
1001 543 1143 612 ostendit,
1164 543 1222 599 iam
1244 551 1314 611 tum,

252 672 340 730 quum
355 653 396 711 illi
418 651 642 720 coniectisunt,
664 649 756 708 sicin
778 649 952 724 quibusdam
977 649 1053 707 Livii
1074 648 1154 706 libris
1177 647 1313 723 scriptum

251 757 350 818 fuisse.
398 757 456 817 Sed
479 757 540 815 eius
562 757 712 833 scriptume
735 754 875 830 originem
898 755 1073 813 ostendisti
1098 773 1156 811 uno
1178 754 1314 811 adiuncto

252 880 268 920 e
292 862 596 920 Drackeuborchianis
628 859 783 920 testimonii
815 859 894 916 socio
928 860 1039 934 (Meed.
1061 861 1112 934 2),
1148 859 1178 915 in
1210 859 1316 934 quibus

251 965 397 1024 scribitur:
419 965 453 1024 0.
476 964 835 1026 LaliusAfricenum
858 964 1090 1024 intuentibus
1111 975 1176 1022 etc.
1213 963 1315 1037 (Quod

251 1072 279 1128 in
303 1071 429 1130 editione
450 1073 624 1149 Moguutina
645 1071 770 1147 primum
792 1069 917 1127 deletum
940 1069 1206 1140 estAiricunus,
1228 1087 1266 1126 ex
1281 1087 1316 1126 eo

251 1178 288 1235 de
308 1177 407 1236 codice
428 1179 469 1236 M.
491 1178 562 1238 nihil
583 1177 742 1245 conficitur,
768 1173 932 1234 Curbeehio
955 1174 1118 1234 ctGelenio
1140 1175 1315 1244 tacentibus;

250 1283 349 1358 itaque
369 1284 409 1342 ibi
431 1284 507 1342 idem
530 1283 668 1359 scriptum
690 1280 789 1344 fuisse,
817 1281 895 1355 quod
917 1281 946 1338 in
967 1281 1011 1350 Β,
1033 1281 1163 1357 opinor.)
1215 1282 1317 1356 Atque

249 1389 324 1447 hauc
345 1387 686 1462 codicisBembergensis
707 1386 879 1461 scripturam
902 1387 1035 1444 omnibus
1057 1386 1158 1444 litteris
1173 1405 1275 1444 veram
1288 1397 1315 1443 et

249 1493 392 1570 integrum
416 1513 479 1552 esse
499 1503 571 1570 puto
592 1509 644 1549 uec
667 1491 910 1568 quicquumultru
924 1491 1118 1567 quaerendum.
1161 1491 1314 1548 Hoeeuim

251 1599 352 1657 Livius
390 1599 467 1669 dicit,
500 1597 530 1654 iu
553 1596 684 1654 creandis
724 1597 756 1654 L.
775 1595 912 1671 Scipione
944 1606 971 1653 et
1003 1595 1036 1658 C.
1062 1596 1150 1654 Lmlio
1182 1597 1316 1654 homines

251 1703 319 1761 belii
347 1721 411 1760 cum
446 1703 594 1760 Antiocho
630 1699 747 1757 finiendi
780 1711 810 1756 et
838 1700 869 1758 iu
891 1719 927 1758 ea
958 1721 990 1758 re
1011 1701 1144 1760 Airiouni
1171 1701 1315 1758 rationem

249 1807 401 1877 babuisse,
438 1807 519 1864 cuius
548 1807 622 1864 alter
654 1805 764 1876 exiis,
801 1807 851 1880 qui
878 1807 1068 1877 creabantur,
1105 1806 1197 1864 freter
1230 1815 1316 1874 esset,

250 1911 324 1968 eiter
342 1911 409 1968 clim
432 1911 460 1968 iu
486 1912 573 1970 rebus
595 1910 728 1987 gerendis
749 1910 845 1967 socius
868 1919 896 1967 et
919 1910 1035 1968 adiutor
1051 1909 1167 1982 fuisset,
1189 1921 1222 1968 ut
1236 1911 1315 1968 credi

251 2025 358 2090 posset,
380 2016 473 2074 neutri
495 2015 574 2074 illum
597 2035 716 2092 operam
740 2015 770 2071 iu
798 2034 833 2072 eo
853 2016 939 2087 bello,
962 2017 1039 2093 quod
1061 2034 1136 2074 nunc
1156 2027 1315 2093 gereretur,

250 2120 457 2195 denegaturum
483 2137 555 2178 esse.

612 2561 691 2635 Lib.
724 2563 927 2638 XXXVII.

331 2765 403 2843 Cep.
415 2770 461 2838 12,
477 2771 510 2826 ii
537 2768 591 2839 (de
612 2767 706 2825 classe
727 2767 925 2824 Romanorum
949 2775 978 2824 et
997 2767 1313 2846 Eumenis):1nde(a

248 2869 372 2947 Coryco,
394 2872 533 2930 Teiorum
565 2871 779 2948 promontorio)
813 2891 917 2946 quum
939 2871 974 2928 in
995 2870 1163 2946 proxima
1184 2873 1313 2932 Samias

248 2972 386 3031 vellent
406 2961 591 3047 traiicere,
613 2995 683 3034 uon
708 2985 926 3052 exspectato
948 2975 1037 3034 solis
1059 2984 1161 3047 ortu,
1179 2997 1221 3034 ex
1241 2997 1311 3053 quo

247 3087 384 3136 statum
418 3081 512 3138 oeeli
544 3090 673 3139 notare
704 3082 975 3156 gubernatores
998 3091 1169 3157 possent,
1198 3084 1233 3140 in
1257 3085 1312 3141 in·

247 3190 381 3240 certem
403 3193 662 3261 tempestatem
685 3185 869 3243 miserunt.
927 3186 1007 3244 Fieri
1028 3195 1142 3261 potest,
1174 3199 1206 3246 ut
1227 3187 1311 3247 fallat

246 3303 299 3343 nos
320 3287 468 3362 proprium
490 3291 533 3349 rei
554 3291 668 3349 navalis
692 3290 830 3365 loquendi
855 3309 964 3366 geuus3
997 3290 1088 3348 miror
1116 3301 1213 3391 tenff
1235 3295 1311 3351 hunc

245 3391 327 3449 verbi
349 3392 494 3453 mittere
524 3415 608 3455 usum
631 3396 769 3454 adiuncta
791 3396 824 3452 in
846 3396 1060 3473 praepositione,
1081 3395 1249 3472 dubitoque,
1272 3417 1309 3454 an

245 3496 345 3554 Livius
366 3497 529 3574 scripserit:
550 3502 585 3560 in
607 3503 783 3560 incertum
799 3509 1053 3578 tempestatem
1077 3499 1207 3572 ierunt,
1228 3515 1309 3578 post-

244 3618 346 3676 eaque,
368 3601 517 3676 geminate
540 3625 638 3664 errore
659 3606 756 3664 litters
777 3627 814 3678 n,
836 3625 873 3664 ex
895 3606 1051 3665 mierunt
1073 3613 1168 3663 ortum
1186 3606 1224 3664 eit
1245 3607 1309 3664 mi·

244 3714 380 3763 serunt

327 3807 400 3886 Cup.
424 3812 473 3882 20,
496 3813 514 3869 3
536 3817 605 3872 eti
644 3814 694 3888 (de
721 3817 869 3892 Pergamo
905 3817 1038 3890 obsesso)
1065 3815 1159 3874 oratio
1189 3817 1231 3874 sic
1263 3815 1307 3873 di-

242 3913 386 3989 iungende
409 3923 439 3972 et
460 3917 657 3978 continuanda
678 3927 737 3978 est:
768 3921 830 3979 Ita
854 3921 977 3980 libera
999 3923 1043 3981 ab
1067 3933 1173 3996 tergo
1195 3939 1306 3998 popu·

242 4017 332 4075 latio
355 4027 442 4077 erat.
483 4020 599 4080 Nullo
621 4025 664 4082 ab
686 4025 789 4095 urbe,
819 4045 862 4084 ne
897 4027 932 4084 in
962 4027 1144 4085 stationes
1166 4027 1305 4102 quidem
