2826 4640
612 273 671 330 525
1022 265 1176 316 Libxmt.

95 463 177 520 mie
208 462 238 518 in
265 459 366 518 codice
400 468 444 516 est
472 457 597 525 exire,
627 456 684 512 boc
711 464 755 510 est
775 455 897 522 enixe,
932 469 1038 526 magno
1070 449 1176 508 studio.

109 569 188 626 Nam
228 563 364 624 eximie
401 558 625 637 promittere,
658 559 737 633 quod
767 559 834 617 binc
861 559 891 614 in
919 557 1019 614 lexicis
1051 554 1178 631 ponitur,

114 673 188 732 nihil
211 683 265 731 est.

193 777 266 853 Cap.
290 779 350 843 30,
377 779 388 832 l
415 773 479 848 (ubi
500 771 596 846 agitur
615 769 652 825 de
673 768 774 826 habitu
803 769 966 826 animorum
993 767 1024 824 in
1051 764 1177 834 Graecia,

108 885 235 940 instante
255 879 332 938 bello
354 879 429 936 inter
449 879 600 936 Romanos
622 884 651 931 et
671 875 793 948 Persea)
815 875 845 932 in
860 875 960 932 codice
973 873 1015 930 sic
1026 871 1177 930 scribitur:

109 990 144 1046 in
173 987 281 1045 liberi
303 986 367 1058 (sie)
401 983 572 1059 gentibus
602 980 829 1056 populisque
864 997 946 1054 gens
980 977 1108 1052 ubique
1135 975 1178 1049 (in

109 1092 208 1150 editis:
231 1091 337 1167 plebs
359 1089 504 1164 ubique)
527 1086 641 1144 omnis
664 1085 832 1155 fermeut
852 1085 959 1154 solet,
985 1079 1179 1140 deteriori·

110 1201 177 1256 bus
198 1207 281 1254 erat
304 1195 349 1252 ob
377 1211 495 1268 regern
524 1191 818 1264 Macedonasque
844 1190 1033 1248 inclinata.
1101 1185 1179 1246 Scri·

112 1301 238 1360 bendum
251 1299 411 1376 estigitur:
434 1298 469 1355 iu
490 1296 618 1354 liberis
636 1297 814 1371 gentibus
829 1296 1179 1374 populisquecgons

111 1407 249 1481 ubique
271 1399 498 1483 [multitudo]
527 1401 644 1458 omnis
665 1399 795 1472 ferme,
818 1411 857 1458 ut
878 1401 988 1470 solet,
1020 1401 1179 1458 deterio-

109 1529 186 1570 rum
210 1509 315 1582 (Gron.
337 1507 551 1575 deterioris)
573 1518 662 1577 erat,
686 1507 730 1564 ad
751 1506 1180 1583 regemMacedonasque

110 1615 299 1673 inclinate.
363 1613 479 1672 Deinde
504 1617 519 1682 §
544 1617 580 1682 4,
612 1613 662 1670 ubi
691 1613 823 1672 inlibris
846 1615 930 1672 editis
963 1613 1005 1671 sic
1029 1611 1180 1670 scribitur:

110 1738 202 1797 pars
224 1721 345 1778 altera
367 1720 477 1794 regiae
505 1718 735 1777 adulationis
757 1735 850 1795 eret,
883 1743 973 1798 quos
1002 1719 1079 1792 (cod.
1102 1714 1179 1792 qus)

110 1845 157 1884 ses
190 1825 349 1884 alienum
382 1835 417 1882 et
454 1824 670 1899 desperatio
702 1845 822 1887 rerum
855 1847 1022 1896 suerum,
1055 1824 1181 1882 eodem

111 1941 283 1990 manente
304 1941 424 2000 stetu,
455 1928 665 2005 precipites
688 1930 731 1986 ed
752 1936 926 1992 novanda
950 1932 1071 1990 omnia
1101 1947 1181 2004 age·

112 2040 195 2104 bat:
232 2037 406 2111 quosdam
436 2045 627 2092 ventosum
662 2035 867 2110 ingenium,
905 2039 991 2114 quia
1019 2039 1182 2095 Perseus

112 2141 231 2217 magis
253 2159 349 2198 aures
370 2139 564 2217 popularis
586 2152 682 2209 erat,
711 2143 837 2217 primum
865 2144 1051 2202 incommoda
1072 2151 1116 2198 est
1136 2159 1182 2196 re-

113 2247 207 2304 lative
231 2246 371 2304 orationis
393 2245 502 2312 forma,
535 2263 599 2320 quae
619 2246 704 2317 facit,
740 2259 773 2305 ut
793 2259 877 2325 putes
898 2249 985 2324 regie
1007 2245 1182 2304 adulationis

115 2363 230 2428 partem
257 2351 379 2410 alteram
402 2371 421 2408 a
441 2351 538 2426 priore
559 2353 692 2428 seperari
722 2355 790 2428 (etsi
820 2354 857 2412 ed
885 2355 1015 2430 regulam
1044 2364 1104 2409 tum
1126 2351 1182 2408 dici

7 2521 8 2526 ἵ
114 2457 260 2514 debebat:
289 2467 404 2528 erant,
432 2457 553 2531 quos),
576 2475 664 2532 quum
687 2461 749 2518 haeo
770 2459 808 2516 sit
829 2459 987 2526 sententia,
1009 2458 1130 2515 alteram
1153 2457 1182 2512 in

114 2561 283 2618 civitatibus
304 2560 461 2620 sectionem
483 2578 520 2618 ex
550 2562 716 2622 adulatione
737 2565 819 2639 regia
848 2564 1023 2634 constitisse;
1056 2582 1108 2620 nee
1130 2581 1182 2637 op·

117 2666 188 2724 time
221 2667 347 2742 primum
379 2667 463 2742 quasi
493 2667 529 2724 de
551 2667 684 2724 omnibus
715 2669 833 2743 ponitur
865 2687 971 2744 quos,
1007 2669 1111 2727 dando
1132 2684 1183 2722 ex·

116 2771 262 2846 cipiantur
289 2771 420 2828 nonnulli
442 2771 650 2845 (quosdam
681 2785 832 2849 exspectes
861 2775 981 2833 saitem:
1008 2773 1182 2848 quosdam

116 2876 247 2946 etiam).
298 2877 463 2934 Videndum
485 2875 587 2951 igitur,
620 2896 657 2934 ne
685 2878 788 2938 Livius
819 2881 862 2939 ita
897 2879 1058 2956 scripserit:
1090 2879 1183 2935 Pars

116 2983 237 3040 altere
272 2983 381 3059 regias
412 2982 642 3040 adulationis
664 2994 756 3054 erat:
790 2987 937 3067 ιΙΙῃοι
964 2982 1106 3056 (aliosi)
1139 3001 1183 3039 ass

117 3087 275 3144 alienum
307 3099 342 3144 et
376 3087 593 3164 desperatio
713 3092 866 3166 agebat,
900 3089 1075 3166 quosdam
1103 3105 1184 3146 ven·

117 3205 237 3250 tosum
260 3193 449 3268 ingenium
472 3204 526 3256 etc.
580 3193 643 3252 Ati
665 3195 800 3255 baustum
823 3197 938 3254 videtur
958 3197 996 3252 ob
1019 3193 1184 3270 precedens

117 3307 155 3354 at
176 3295 294 3372 (erat).
349 3299 408 3358 Sed
440 3309 504 3356 utut
524 3299 580 3358 hoc
600 3299 792 3370 iudicabitur,
829 3309 960 3357 extrema
981 3299 1096 3373 quidem
1118 3315 1183 3353 sen·

117 3401 215 3460 :entim
235 3421 305 3478 pars
326 3403 433 3462 vitiose
454 3415 511 3474 est;
534 3423 602 3463 nem
620 3425 716 3463 aura
734 3405 927 3481 popularis
949 3421 1031 3462 esse
1053 3401 1184 3482 (magis

189 3703 296 3752 rumque
314 3699 379 3738 erat.
414 3691 479 3740 Post
497 3693 625 3742 scolere
643 3709 695 3742 nou
714 3694 751 3743 ita
761 3691 898 3742 difficulter
915 3689 1029 3739 Persei
1049 3687 1184 3752 depravari

189 3779 279 3844 potuit.
336 3781 459 3830 Extremo
478 3783 561 3847 capite
580 3787 643 3848 (122
674 3785 869 3848 Odrysarum
894 3797 949 3831 rex
967 3781 1054 3833 etad
1081 3779 1184 3838 Mece-

189 3872 308 3922 donnm
328 3875 432 3937 pertis
454 3886 536 3936 erat:
569 3877 693 3926 sicorim
717 3877 742 3925 in
765 3875 853 3925 codice
872 3875 1004 3938 scribitur)
1026 3873 1087 3936 quid
1104 3873 1186 3920 lateat

189 3965 329 4025 insted,
354 3967 457 4026 nescio:
484 3968 544 4017 iam
564 3983 615 4017 non
633 3969 728 4018 subest.
765 3969 824 4032 (Ad
851 3967 931 4017 Mae.
964 3977 1076 4031 partes
1100 3964 1185 4013 ierat

187 4069 272 4120 nsque
289 4057 409 4108 Latinum
424 4072 508 4123 neque
527 4069 614 4123 aptum
632 4063 689 4122 ert).
