2826 4650
270 223 327 272 nrt.
347 223 396 271 111.
752 228 788 282 72

236 407 415 476 tuleritis,
452 407 588 466 Dukerus
611 407 698 478 vidit,
720 410 768 483 qui
791 411 827 468 de
853 430 912 485 qua
933 431 964 468 re
986 412 1145 480 dubitaret,
1167 411 1313 470 Draken-

235 512 372 570 borohius
387 531 446 569 non
457 511 605 569 intellexit.
640 513 719 582 Non,
736 514 760 570 si
772 515 903 574 tulissent
913 517 1020 574 tribuni
1034 517 1137 592 legem,
1151 519 1185 574 L.
1195 517 1312 592 Quinc·

236 618 294 674 tius
318 627 469 692 peecatum
498 618 525 674 in
552 635 583 674 se
615 619 733 676 consule
761 622 887 678 creando
909 621 972 680 fore
1001 622 1075 679 dixit
1096 623 1144 692 (-
1170 621 1313 680 ferebant

236 722 322 792 eninr,
349 741 402 778 neo
424 721 453 778 id
476 721 630 796 quisquam
651 723 791 799 impedire
811 736 928 800 poterat
950 727 1011 800 -),
1045 727 1096 785 sed
1123 727 1148 784 si
1169 727 1311 801 pertulis-

236 835 310 896 sent,
335 829 413 902 quod
436 827 631 888 minabantur.
669 829 735 886 Hoc
756 829 845 904 igitur
866 833 968 890 ceteris
991 833 1116 890 addatur
1137 832 1308 907 exemplum

236 933 448 1004 adnotationis,
481 952 545 1008 quse
569 934 750 991 declarandae
772 937 920 994 sententies
939 956 1028 994 causa
1050 937 1197 1013 adscripta
1217 949 1308 1008 esset,

236 1039 265 1096 in
289 1039 387 1096 codiee
410 1040 569 1114 archetypo
593 1039 669 1096 inter
691 1039 767 1096 Livii
789 1040 879 1097 verba
900 1050 1032 1116 receptae.

320 1141 393 1218 Cap.
417 1148 466 1213 21,
490 1146 517 1202 2.
563 1143 660 1216 Quum
684 1145 713 1202 in
738 1146 885 1203 codicibus
907 1145 1092 1204 scriberetur:
1128 1146 1181 1208 SC
1208 1147 1310 1204 fiunt

236 1268 350 1324 neque
373 1249 513 1306 tribuni
534 1250 648 1324 legem
670 1269 710 1307 eo
731 1270 823 1308 enno
845 1251 986 1308 ferrent
1004 1270 1118 1326 noque
1134 1251 1307 1308 consules

237 1357 279 1412 ab
302 1357 389 1414 urbe
419 1355 619 1412 exercitum
653 1355 864 1426 educerent,
897 1377 956 1414 non
977 1369 1040 1414 eret
1063 1357 1179 1414 difficile
1199 1356 1307 1414 intelli-

236 1479 315 1535 gere,
337 1461 435 1518 fiunt
456 1481 492 1518 ex
515 1461 560 1517 fit
585 1469 622 1515 ut
644 1471 737 1517 ortum
761 1481 824 1518 esse
847 1461 985 1520 facillimo
1009 1481 1120 1530 errore,
1142 1463 1241 1536 itaque
1262 1461 1307 1518 sic

237 1567 295 1624 iam
318 1567 347 1623 in
369 1566 531 1624 recentibus
555 1565 727 1639 quibusdam
751 1567 898 1626 codicibus
917 1570 1083 1626 coniectura
1104 1567 1307 1642 scriptumest

237 1672 364 1751 (Sigon,
386 1673 594 1745 Havercamp,
617 1669 714 1728 Oxou.
737 1672 862 1748 aliquo);
892 1692 959 1729 narn
985 1684 1013 1729 et
1035 1693 1093 1730 uno
1116 1681 1306 1730 senatuscon-

237 1778 313 1836 sulto
335 1779 449 1834 Livium
482 1785 634 1850 utramque
662 1789 755 1852 pactae
776 1778 852 1836 inter
880 1779 1012 1836 consules
1031 1789 1058 1836 et
1081 1779 1211 1836 tribunos
1234 1795 1305 1832 cou-

238 1883 343 1939 cordise
375 1882 574 1938 condicionem
604 1885 841 1958 comprehensam
868 1895 1000 1960 putasse,
1030 1903 1087 1940 non
1116 1893 1176 1939 taur
1199 1901 1236 1938 ex
1257 1900 1305 1950 eo,

239 1988 316 2062 quod
340 1988 504 2062 sequitur§
534 1995 562 2057 t,
596 2006 684 2062 quam
715 2009 750 2046 ex
783 1999 845 2046 tota
876 1987 1042 2045 narratione
1071 1999 1100 2044 et
1126 1987 1168 2044 rei
1190 1997 1306 2056 natura,

239 2092 423 2150 manifestum
446 2105 499 2162 est,
521 2114 614 2168 neque
636 2113 764 2168 unquam
781 2095 879 2151 Livius
900 2103 968 2169 post
983 2092 1204 2168 impersonalem
1230 2094 1306 2150 benc

238 2198 350 2254 dicendi
368 2197 492 2256 formam
517 2200 578 2258 SC.
597 2200 643 2258 fit
666 2211 717 2256 aut
740 2200 876 2258 fectum
899 2207 968 2269 est,
990 2197 1070 2254 ouius
1086 2217 1191 2254 novem
1206 2217 1305 2254 exem-

237 2303 287 2379 pla
309 2303 566 2363 Drakenborchius
594 2305 747 2380 adscripsit
776 2304 883 2379 (potuit
909 2302 1000 2359 multo
1027 2302 1135 2377 plura),
1168 2302 1304 2360 coniunc-

237 2408 343 2466 tionem
369 2409 480 2480 omisit3
509 2409 607 2475 (aliter
630 2409 717 2483 paulo
743 2409 780 2476 V,
803 2411 852 2478 50,
879 2412 891 2464 l
923 2418 991 2483 post
1011 2407 1157 2464 rettulit
1186 2417 1220 2464 et
1241 2407 1304 2466 SC.

238 2513 330 2571 fucit
351 2515 492 2572 omittitur
514 2525 566 2588 ut,
590 2516 615 2572 si
633 2515 780 2572 codicibus
802 2511 968 2589 oredimus).
1004 2513 1173 2572 Gronovius
1196 2513 1304 2588 aliique

237 2619 450 2676 inconsiderate
482 2629 584 2676 contre
618 2620 739 2676 dicendo
764 2618 929 2688 effecerunt,
959 2629 989 2676 ut
1015 2615 1143 2695 'pravum
1165 2619 1302 2682 vinceret.

239 2725 296 2783 Sed
330 2727 385 2782 hoc
416 2725 444 2782 in
473 2734 641 2781 transcursu
669 2725 705 2780 de
728 2725 822 2782 alieno
844 2724 975 2794 invento;
1007 2725 1077 2782 illud
1100 2745 1210 2794 meum,
1244 2745 1304 2783 non

237 2831 332 2888 minus
356 2849 493 2905 parvum,
517 2830 630 2886 Livium
656 2835 670 2899 ξ
694 2835 710 2886 t
736 2830 779 2894 tin
802 2829 933 2886 oratione
957 2829 990 2886 L.
1014 2829 1140 2902 Quinctii
1163 2831 1302 2902 consulis)

238 2956 296 2994 non
317 2937 480 3011 scripsisse:
513 2935 616 3010 plebs
640 2933 702 2993 SC.
725 2935 759 2990 in
792 2935 1051 2992 continuandis
1075 2937 1303 3012 magistrati·

238 3043 302 3098 bus
325 3041 452 3110 solvit,
469 3042 534 3098 sed:
557 3039 906 3107 SC.oontinuendis,
923 3041 1213 3116 sinepraepositione3
1234 3062 1302 3100 nam

238 3147 267 3204 in
289 3147 421 3204 creandis
438 3147 655 3222 magistratibus
673 3147 732 3210 tbei
750 3147 805 3202 den
816 3146 954 3219 Wahlen)
969 3146 1095 3204 solutum
1111 3157 1155 3204 est
1172 3157 1303 3204 senatus-

238 3252 399 3308 consultum
422 3252 616 3309 continuando
642 3252 790 3308 tribunatu
811 3251 913 3307 iisdem
937 3251 1101 3308 bominibus
1132 3254 1235 3316 (durch
1256 3254 1302 3310 die

238 3355 549 3431 Wiedererwtthlung).
593 3358 711 3415 Erroris
732 3357 815 3432 origo
837 3357 867 3414 in
889 3358 948 3414 MP
969 3356 1122 3431 perspicua
1145 3367 1202 3426 est;
1235 3377 1302 3416 nem

239 3483 327 3540 quum
350 3462 437 3519 scribi
459 3462 605 3519 debuisset·
626 3483 733 3525 ι.ι.ιι.
758 3461 1169 3536 (senatusconsultum),
1194 3461 1301 3520 factum

238 3580 325 3629 ests.
350 3590 386 3630 m.
410 3590 434 3630 c.
458 3569 503 3639 lu,
527 3567 624 3625 littera
647 3589 672 3630 ιιι
694 3579 762 3625 ante
784 3587 799 3624 e
822 3569 945 3643 scripta,
976 3567 1077 3624 deinde
1105 3585 1158 3622 suo
1188 3566 1252 3623 loco
1272 3567 1302 3624 in

238 3676 311 3733 duas
334 3674 406 3748 (in)
432 3667 570 3741 solnta¹).

257 3909 282 3974 ¹)
309 3912 392 3960 Paulo
411 3922 469 3976 post
484 3912 511 3974 (ς
527 3911 553 3974 6)
568 3919 636 3960 reete
651 3911 877 3962 Weissenbornius
891 3922 950 3976 post
962 3913 1101 3962 Illocktum
1121 3926 1167 3976 pro
1188 3925 1303 3976 peoos·

308 4005 366 4064 tis,
386 4005 456 4066 quod
475 4003 594 4052 librarius
612 4006 644 4053 ad
663 4005 840 4054 imitamini
859 4006 1076 4064 accommodarit,
1092 4019 1170 4068 quum
1190 4005 1239 4053 boc
1256 4019 1304 4068 pro
