2810 4644
578 279 638 335 319

477 457 556 530 Lib.
578 457 740 530 XXVII.

158 664 232 742 Cep.
257 668 285 738 2,
318 671 336 725 6
369 678 398 724 et
432 672 447 723 7
485 666 539 738 (de
570 667 702 724 Marcelli
724 676 753 724 ct
774 668 949 727 Hannibalis
973 669 1012 728 ad
1032 669 1139 728 Numi·

74 784 205 831 strouem
220 773 365 849 procliui:
389 774 552 832 Abhora
574 773 689 830 tertie
711 791 814 847 quum
831 773 873 830 ad
890 785 1032 833 noctem
1055 795 1139 853 pug-

73 898 155 936 nem
179 879 436 937 extendissent
459 878 640 953 fessaeque
662 879 858 954 pugnaudo
890 880 1016 956 primes
1038 883 1139 940 ecies

71 992 202 1040 essent
222 984 280 1060 (ab
302 985 476 1043 Romanis
507 985 627 1060 prima
659 983 757 1058 legio
790 993 824 1041 ct
853 986 984 1044 dextro
1006 987 1074 1058 alu,
1095 989 1138 1046 ab

75 1088 285 1146 Hannibale
314 1090 400 1164 ...),
428 1090 488 1147 diu
510 1107 631 1165 pugne
652 1097 784 1146 neutro
806 1090 991 1148 inclinate
1016 1095 1139 1162 stetit;

73 1193 200 1268 primae
227 1195 367 1270 legioni
402 1196 528 1268 tertia,
562 1196 698 1252 dextrae
732 1195 798 1252 elae
833 1195 988 1253 sinistre
1026 1199 1141 1256 subiit

75 1308 111 1356 et
132 1301 226 1376 apud
249 1302 375 1358 hostes
407 1301 545 1376 integri
578 1321 594 1358 u
629 1300 740 1358 fessis
771 1319 927 1377 pugnum
950 1321 1139 1379 acceper03

75 1425 205 1464 novum
228 1416 340 1483 etque
362 1415 473 1464 atrox
500 1407 679 1482 proelium
702 1415 835 1466 extent
858 1407 960 1482 segni
991 1419 1139 1484 repente

76 1511 220 1568 exarsit
254 1513 465 1570 recentibus
510 1513 641 1570 animis
681 1511 982 1586 corporibusque.
1050 1515 1139 1572 Recte

77 1616 331 1676 Weissenbornius
353 1619 456 1689 sensit,
479 1618 587 1693 aliquid
610 1619 711 1675 deesse
733 1618 771 1674 nd
792 1618 987 1674 narrationem
1010 1619 1139 1676 vincien-

76 1721 161 1789 dem;
182 1721 308 1780 debebat
329 1725 432 1782 saltent
454 1723 524 1780 dici:
546 1730 619 1780 tum
641 1723 762 1798 primus
783 1723 922 1798 legioni
951 1767 1001 1786 ...
1030 1733 1139 1800 utque

75 1846 207 1886 novum
225 1839 259 1886 et
280 1839 387 1887 atrox
410 1829 594 1905 proelium
616 1839 669 1886 cct.
713 1829 772 1890 Sed
795 1830 873 1904 quod
895 1837 962 1886 onte
984 1830 1042 1886 diu
1064 1831 1139 1888 inse·

76 1935 116 1991 rit
145 1935 205 1992 ubi
228 1936 300 2008 (ubi
331 1936 389 1993 diu
418 1936 551 2011 pugne)
583 1943 612 1991 et
630 1934 780 2010 periodum
803 1934 878 1992 finiri
907 1935 969 1992 vult
992 1935 1022 1993 iu
1042 1955 1139 1996 occe·

76 2060 180 2116 pere,
202 2042 326 2116 priunum
349 2041 410 2098 ubi
495 2041 601 2098 stetit
632 2059 690 2096 non
719 2049 797 2097 recte
826 2040 943 2114 ponitur
965 2061 1019 2117 pro
1043 2056 1139 2120 post·

78 2163 186 2219 quern
215 2143 287 2217 (diu
317 2155 491 2216 steterat,
523 2165 560 2204 ex
590 2146 666 2204 Livii
695 2147 724 2203 in
746 2145 798 2202 tali
819 2165 851 2203 re
875 2149 958 2220 usu);
988 2167 1055 2206 nem
1077 2149 1140 2208 ubi

73 2251 219 2325 significet
240 2270 327 2310 unam
349 2251 477 2326 aliquem
499 2273 559 2310 rern
582 2253 671 2310 semel
693 2251 816 2320 factem
844 2251 946 2310 deinde
967 2254 1138 2330 relinquitur

75 2375 136 2414 non
175 2357 269 2415 minus
306 2357 458 2415 molestum
499 2355 658 2434 asyndeton
691 2357 721 2414 in
753 2355 823 2414 illis:
859 2375 993 2416 novum
1030 2369 1138 2435 etque

76 2455 185 2520 strox'
209 2473 263 2522 cet.
290 2463 373 2538 (prot
403 2464 492 2522 Tum
514 2481 645 2521 novum
669 2467 746 2532 cet).
791 2462 982 2521 Scribendum
1004 2475 1061 2522 estc
1082 2467 1138 2524 Ab

75 2570 298 2627 horetertis
319 2587 424 2644 quum
457 2569 501 2626 ed
528 2579 667 2626 noctem
700 2587 853 2644 pugnem
884 2569 1140 2628 extendissent

82 2717 134 2736 ...
164 2675 267 2747 (...)‚
303 2674 515 2750 din,pugna
545 2683 677 2732 neutro
710 2674 897 2732 inclinata
931 2675 1046 2732 stetit.
1102 2676 1140 2740 Ut

76 2781 201 2858 primae
223 2779 362 2855 legioni
383 2779 512 2850 tertie,
624 2780 739 2838 subiit
763 2791 798 2838 et
819 2780 915 2856 apud
942 2779 1070 2837 hostes
1091 2781 1139 2838 in·

77 2887 175 2962 tegri
196 2901 215 2942 a
236 2884 346 2943 fessis
367 2903 523 2961 pugnem
546 2903 735 2960 accepere,
750 2904 880 2943 novum
904 2893 1012 2960 etque
1033 2894 1141 2944 etrox

76 2991 259 3068 proelium
367 2991 508 3048 exarsit
537 3000 590 3048 cst.
634 2992 724 3049 Recte
751 2991 825 3062 iam,
856 2993 955 3050 addito
982 3000 1034 3060 ut,
1062 2991 1141 3066 quod

78 3105 160 3173 petet
183 3115 271 3171 quam
292 3095 378 3154 focile
398 3106 466 3172 post
486 3097 516 3154 it
547 3094 678 3172 (stetit)
705 3097 838 3155 excidere
859 3098 995 3174 potuerit,
1017 3115 1141 3156 conver·

76 3204 124 3260 sio
144 3202 187 3260 rei
209 3201 294 3258 novis
315 3200 407 3276 copiis
428 3201 457 3256 in
476 3203 600 3277 primum
621 3202 713 3260 eciem
726 3202 849 3261 inductis
861 3201 942 3259 fecte
956 3202 1142 3280 significetur.

79 3309 140 3364 Pro
173 3325 215 3363 ex
247 3313 317 3364 turn
350 3307 454 3382 segni
488 3317 567 3365 recte
597 3307 734 3366 Dukcrus
763 3308 850 3366 scribi
881 3308 975 3366 voluit
1002 3327 1044 3366 ex
1073 3309 1141 3366 ian

79 3411 199 3487 segni;
220 3428 315 3484 neque
337 3411 412 3468 enim
435 3411 536 3470 Livius
555 3431 652 3488 segne,
683 3415 788 3472 nodum
812 3414 899 3472 vuldo
923 3416 1022 3486 (tam)
1046 3431 1143 3489 segne,

80 3526 173 3574 totum
195 3515 327 3591 superius
347 3517 489 3592 proelium
514 3517 603 3576 fuisse
625 3519 777 3595 significet,
799 3519 860 3590 sed,
882 3535 970 3592 quum
993 3537 1046 3593 per
1070 3517 1143 3576 mul-

80 3635 127 3680 tus
146 3624 235 3680 hores
257 3633 416 3697 pugnatum
432 3620 574 3698 fessoque
589 3626 680 3700 copiae
702 3637 806 3696 essent,
830 3625 888 3682 iem
911 3641 1000 3699 segne
1023 3622 1143 3682 fectum.

166 3727 240 3804 Cup.
269 3731 302 3794 5,
339 3731 356 3785 t
390 3729 459 3800 (ubi
480 3730 522 3786 Μ.
552 3729 688 3788 Valerius
711 3729 846 3788 Laevinus
876 3729 913 3786 de
944 3729 1044 3789 Sicilie
1074 3747 1144 3788 ess

81 3832 122 3890 sd
144 3831 291 3890 meliorem
312 3843 419 3890 statum
442 3844 580 3891 revocate
600 3832 772 3914 glorietur):
794 3835 970 3892 neminem
994 3833 1145 3894 Carthe-

81 3938 286 4013 giniensem
319 3938 353 3996 in
381 3938 514 3997 Sicilia
541 3957 635 4010 esse;
667 3939 841 3998 neminem
873 3939 1051 4010 Siculum,
1086 3940 1145 4015 qui

81 4043 204 4119 fugati
239 4053 335 4102 metu
368 4045 452 4102 inde
491 4043 669 4114 afuerint,
711 4063 781 4102 non
821 4063 916 4114 esse;
958 4063 1078 4103 ornnes
1111 4045 1146 4103 in
