2826 4650
601 302 637 359 37

79 487 311 563 explicationem
334 495 364 544 et
384 505 513 544 errorum
536 483 731 543 defensionem
749 503 813 541 cum
830 503 932 560 parum
950 491 1036 540 cauto
1051 501 1150 540 exem·

84 595 203 669 plorum
226 593 512 667 testimoniorumque
538 610 591 649 usu
617 599 645 649 et
675 591 894 665 comparatione
913 590 1003 666 paulo
1023 607 1149 666 propen-

83 701 163 770 sior3
198 699 240 771 (iu
270 698 381 756 Hertzii
409 699 543 774 perbrevi
574 697 761 755 adnotatione
793 698 849 754 hoc
877 697 971 753 minus
1005 697 1148 772 apparet).

85 807 195 881 ltaque
226 804 367 862 maiorem
400 815 428 862 et
456 805 614 862 foediorem
648 813 761 880 purtem
792 811 987 860 monstrorum
1015 799 1150 859 Alschef-

83 912 258 969 sltienorum
281 912 310 968 hi
332 913 507 969 sustulerunt
529 911 623 987 (prior
644 907 925 984 Weissenbornius);
957 909 1008 965 sed
1030 907 1148 964 nimium

83 1027 140 1086 est,
161 1017 244 1092 quod
265 1017 380 1075 tertium
399 1016 460 1075 iere
480 1026 592 1094 portem
614 1015 800 1086 retinuerunt,
822 1015 912 1074 multa
926 1033 984 1072 non
998 1013 1149 1090 recepturi,

83 1124 202 1200 opinor,
234 1123 258 1180 si
280 1125 318 1180 ab
339 1123 524 1182 Alschefskio
545 1133 663 1199 recepte
682 1142 741 1180 non
762 1122 896 1192 fuisseut3
927 1139 1010 1178 novae
1033 1120 1148 1196 quidem

81 1241 114 1286 et
135 1229 266 1306 propriae
292 1230 501 1287 emendationis
521 1230 550 1286 in
579 1230 624 1287 his
646 1229 745 1286 decem
765 1229 846 1287 libris
867 1247 925 1285 uon
953 1228 995 1284 ite
1019 1226 1149 1296 multum,

84 1335 199 1410 aliquid
221 1344 320 1392 temen
338 1337 502 1420 attuleruut,
524 1335 865 1412 plusWeissenbornius3
887 1334 915 1390 in
934 1333 1020 1391 tertia
1041 1333 1149 1389 decade

84 1443 109 1498 is
145 1441 294 1517 permulta
332 1442 459 1499 codicem
496 1443 676 1499 Puteaueum
707 1452 821 1498 secutus
858 1439 1022 1498 emendavit
1054 1447 1082 1494 et
1119 1437 1148 1493 in

80 1559 193 1623 quartu
227 1547 385 1623 quintaque
416 1547 566 1624 complure
596 1547 761 1604 coniectura
791 1545 912 1604 feliciter
945 1553 973 1602 et
1001 1543 1149 1618 ingeniose

81 1655 213 1712 sanavit.
262 1653 321 1712 Sed
347 1653 425 1728 quod
454 1653 490 1710 de
517 1652 645 1728 expulsis
673 1651 836 1726 relictisque
864 1651 961 1727 pravis
990 1648 1148 1725 scripturis,

82 1780 160 1836 quus
175 1759 379 1818 Alschefskius
393 1767 540 1836 posuerat,
556 1758 626 1829 dixi,
648 1757 808 1816 cuiusmodi
825 1757 870 1828 sit,
892 1757 921 1814 iu
933 1757 1030 1815 XXX
1048 1755 1148 1832 primis

83 1867 233 1942 capitibus
255 1865 320 1922 libri
341 1865 426 1941 primi
441 1865 602 1922 ostendam.
645 1865 714 1922 Non
736 1863 857 1940 legimus
879 1864 936 1921 iam
960 1863 1003 1937 (ut
1018 1862 1147 1920 omittam

83 1972 249 2047 gemmulas
282 1971 346 2028 illes
376 1971 616 2049 orthographicas
643 1970 889 2027 stimolabunt
915 1979 944 2026 et
967 1971 1149 2027 Romanos

83 2078 268 2135 nominativo
298 2095 367 2134 casu
396 2097 453 2135 uno
486 2078 551 2134 loco
573 2077 726 2152 scriptum,
754 2085 866 2133 centum
889 2077 1090 2143 Romanus,
1122 2083 1150 2129 et

83 2183 282 2240 antestitis
303 2203 319 2240 e
341 2183 405 2240 cod.
420 2183 459 2255 P)
483 2185 512 2241 in
534 2183 613 2259 prael.
630 2185 679 2254 §9
703 2183 918 2240 dissidentis
938 2197 1067 2249 mores,
1091 2197 1148 2235 uon

91 2293 126 2346 111
149 2301 292 2364 tuaeque
314 2289 509 2366 republicae
531 2310 547 2346 e
568 2291 608 2360 Ρ,
640 2309 697 2348 uon
722 2309 785 2365 cap.
811 2291 882 2358 1,9
911 2287 970 2346 ubi
998 2289 1062 2364 (pro
1081 2285 1147 2354 ibi,

86 2395 167 2470 opud
189 2396 246 2458 W;
274 2413 341 2452 nam
364 2395 394 2452 H
415 2395 559 2470 retinuit),
584 2415 644 2453 non
665 2415 689 2452 c.
713 2397 745 2466 3,
769 2397 786 2452 3
809 2394 986 2469 relinquit
1009 2425 1047 2437 -
1070 2411 1147 2450 oon-

80 2501 183 2558 didit
206 2503 255 2574 (ex
276 2501 430 2573 anulii),
460 2518 485 2559 o.
509 2503 576 2572 3,4
607 2502 791 2560 diductum
821 2500 1002 2558 colonium
1033 2501 1082 2572 (ex
1102 2498 1147 2572 Μ)

86 2612 173 2666 auti
198 2607 337 2664 eductae
359 2605 525 2676 colonise,
546 2611 560 2676 ξ
579 2609 595 2664 8
618 2607 652 2663 in
673 2607 835 2664 traiecto
853 2605 1007 2674 Albulae,
1029 2623 1054 2663 c.
1069 2606 1146 2675 7‚12

85 2715 227 2771 ibidum
252 2733 306 2788 pro
327 2712 378 2768 ibi
399 2720 489 2782 tum,
511 2715 632 2782 e.10‚3
658 2731 724 2770 uec
746 2711 971 2772 Crustumini
992 2710 1148 2786 quidem,

85 2839 111 2877 c.
141 2824 193 2886 14,
218 2825 234 2877 4
259 2817 496 2893 occupabant
517 2820 566 2890 (ex
591 2837 648 2875 uno
672 2820 719 2890 Μ,
742 2828 836 2876 ortum
859 2837 895 2875 ex
923 2817 1148 2893 apparebat),

87 2941 111 2978 c.
129 2929 176 2990 17,
194 2927 229 2981 10
253 2924 430 2981 sccundus
453 2925 495 2981 eb
513 2925 663 2982 Romulo
687 2925 934 2983 dinumeretur
956 2923 1077 2998 (exano
1093 2923 1148 2994 Μ),

85 3050 112 3088 c.
132 3033 178 3094 18,
203 3033 220 3087 6
243 3030 277 3086 in
300 3029 459 3105 lapidem
481 3031 663 3100 consedit,
685 3049 710 3092 c.
728 3034 772 3098 19,
792 3035 808 3087 5
828 3029 1045 3088 sacerdotes
1064 3047 1148 3086 suos

85 3138 223 3212 cuique
250 3136 395 3192 deorum
423 3135 601 3210 perlicere
629 3138 694 3212 (pro
727 3135 919 3212 preficere
948 3154 985 3191 ex
1012 3154 1070 3192 uuo
1094 3137 1148 3208 M),

85 3261 112 3299 c.
142 3245 193 3310 19,
216 3245 233 3300 6
253 3243 499 3300 intercalares
529 3243 712 3300 mensibus
738 3242 1006 3317 interponendo
1035 3242 1063 3314 (e
1084 3240 1148 3298 cod.

86 3349 288 3406 recentissimo
309 3359 337 3406 et
358 3349 626 3424 interpolatissim0‚
655 3349 923 3424 Havercampiono;
958 3348 1075 3406 retinuit
1096 3348 1149 3420 H),

86 3475 113 3512 c.
137 3459 187 3522 21,
211 3461 226 3512 4
252 3455 480 3526 edinvolute‚
503 3473 528 3510 c.
549 3457 597 3518 26,
620 3457 637 3511 9
661 3453 862 3525 (insiliam,
885 3472 942 3528 quo
965 3453 1095 3524 efficitur,
1117 3465 1149 3512 ut

89 3563 234 3620 Horatius
259 3571 344 3637 puter
370 3563 462 3632 dicat,
495 3580 526 3618 se
553 3559 581 3617 in
609 3561 733 3618 occisam
761 3561 848 3618 filiam
881 3560 1147 3619 animadversurum

88 3668 189 3736 fuisse,
212 3667 235 3724 si
257 3668 321 3743 ipsa
344 3667 448 3724 iniuria
470 3667 566 3724 occisa
586 3665 691 3740 esset).'
734 3667 806 3724 Haec
828 3666 914 3742 igitur
936 3667 1070 3742 expulsa3
1098 3667 1147 3724 sed

87 3777 231 3833 retinetur
252 3783 348 3831 temen
369 3771 451 3849 prael.
472 3775 492 3830 3
516 3775 547 3847 (a
568 3773 820 3844 Weissenbornio‚
849 3791 907 3830 non
936 3773 973 3828 ab
1001 3772 1147 3846 Hertzio):

87 3883 119 3938 si
142 3899 224 3938 meu
246 3879 342 3938 lanta
363 3879 396 3936 in
417 3880 579 3937 obscuro
602 3889 669 3950 est,
691 3899 745 3956 pro
767 3879 830 3946 sit,
849 3878 931 3954 quasi
944 3878 1043 3936 Livius
1065 3879 1149 3937 dubi·

88 3997 143 4052 tat,
165 4005 225 4062 quo
247 3985 327 4043 sama
351 4003 426 4043 nunc
446 3985 499 4056 sit,
530 4005 588 4042 non
610 3985 645 4044 de
666 3987 775 4044 incerte
796 3985 884 4044 futuri
905 3983 1042 4060 temporis
1063 3983 1149 4042 leude

83 4093 181 4168 dicet)
210 4101 238 4150 et
261 4097 275 4162 ξ
299 4093 316 4149 8
338 4093 461 4168 prisca
487 4101 566 4149 tota
592 4091 661 4149 illa
682 4103 800 4150 mente
829 4092 926 4166 (quem
948 4091 1043 4149 locum
1066 4093 1150 4168 attigi
