<?xml version="1.0" encoding="UTF-8"?>
<!DOCTYPE html PUBLIC "-//W3C//DTD XHTML 1.0 Transitional//EN"
    "http://www.w3.org/TR/xhtml1/DTD/xhtml1-transitional.dtd">
<html xmlns="http://www.w3.org/1999/xhtml" xml:lang="en" lang="en">
 <head>
  <title>
</title>
<meta http-equiv="Content-Type" content="text/html;charset=utf-8" />
  <meta name='ocr-system' content='tesseract 3.04.00' />
  <meta name='ocr-capabilities' content='ocr_page ocr_carea ocr_par ocr_line ocrx_word'/>
</head>
<body>
  <div class='ocr_page' id='page_1' title='image "./emendationesliv02madvgoog_0309.png"; bbox 0 0 2810 4644; ppageno 0'>
   <div class='ocr_carea' id='block_1_1' title="bbox 331 268 856 328">
    <p class='ocr_par' dir='ltr' id='par_1_1' title="bbox 331 268 856 328">
     <span class='ocr_line' id='line_1_1' title="bbox 331 268 856 328; baseline 0 -10"><span class='ocrx_word' id='word_1_1' title='bbox 331 268 389 318; x_wconf 88' lang='lat' dir='ltr'><strong>Lib.</strong></span> <span class='ocrx_word' id='word_1_2' title='bbox 408 269 495 318; x_wconf 84' lang='lat' dir='ltr'>XXV.</span> <span class='ocrx_word' id='word_1_3' title='bbox 797 273 856 328; x_wconf 83' lang='lat'>300</span> 
     </span>
    </p>
   </div>
   <div class='ocr_carea' id='block_1_2' title="bbox 292 451 1363 3589">
    <p class='ocr_par' dir='ltr' id='par_1_2' title="bbox 292 451 1363 3589">
     <span class='ocr_line' id='line_1_2' title="bbox 294 451 1360 532; baseline 0.006 -24"><span class='ocrx_word' id='word_1_4' title='bbox 294 462 424 526; x_wconf 72' lang='lat' dir='ltr'>nerent</span> <span class='ocrx_word' id='word_1_5' title='bbox 452 451 785 528; x_wconf 78' lang='lat' dir='ltr'>procederentque,</span> <span class='ocrx_word' id='word_1_6' title='bbox 815 453 1207 528; x_wconf 78' lang='lat' dir='ltr'>Scipiohortabetur,</span> <span class='ocrx_word' id='word_1_7' title='bbox 1236 457 1360 532; x_wconf 88' lang='lat' dir='ltr'>prius·</span> 
     </span>
     <span class='ocr_line' id='line_1_3' title="bbox 293 558 1360 634; baseline 0.005 -18"><span class='ocrx_word' id='word_1_8' title='bbox 293 577 405 633; x_wconf 89' lang='lat' dir='ltr'>quam</span> <span class='ocrx_word' id='word_1_9' title='bbox 426 559 622 634; x_wconf 77' lang='lat' dir='ltr'>pedestres</span> <span class='ocrx_word' id='word_1_10' title='bbox 647 558 762 633; x_wconf 74' lang='lat' dir='ltr'>copiae</span> <span class='ocrx_word' id='word_1_11' title='bbox 784 559 1083 632; x_wconf 73' lang='lat' dir='ltr'>adsequerentur.</span> <span class='ocrx_word' id='word_1_12' title='bbox 1130 561 1211 620; x_wconf 88' lang='lat' dir='ltr'>Male</span> <span class='ocrx_word' id='word_1_13' title='bbox 1231 564 1360 621; x_wconf 75' lang='lat' dir='ltr'>cohaeret</span> 
     </span>
     <span class='ocr_line' id='line_1_4' title="bbox 292 661 1363 740; baseline 0.002 -18"><span class='ocrx_word' id='word_1_14' title='bbox 292 664 391 722; x_wconf 90' lang='lat' dir='ltr'>oratio</span> <span class='ocrx_word' id='word_1_15' title='bbox 414 664 445 721; x_wconf 94' lang='lat' dir='ltr'>in</span> <span class='ocrx_word' id='word_1_16' title='bbox 465 663 562 720; x_wconf 86' lang='lat' dir='ltr'>subito</span> <span class='ocrx_word' id='word_1_17' title='bbox 581 661 631 718; x_wconf 91' lang='lat' dir='ltr'>illo</span> <span class='ocrx_word' id='word_1_18' title='bbox 653 662 692 718; x_wconf 87' lang='lat' dir='ltr'>ed</span> <span class='ocrx_word' id='word_1_19' title='bbox 714 663 792 720; x_wconf 88' lang='lat' dir='ltr'>aliud</span> <span class='ocrx_word' id='word_1_20' title='bbox 811 665 981 735; x_wconf 87' lang='lat' dir='ltr'>subiectum,</span> <span class='ocrx_word' id='word_1_21' title='bbox 1004 666 1083 740; x_wconf 91' lang='lat' dir='ltr'>quod</span> <span class='ocrx_word' id='word_1_22' title='bbox 1103 684 1163 724; x_wconf 92' lang='lat' dir='ltr'>non</span> <span class='ocrx_word' id='word_1_23' title='bbox 1183 667 1363 736; x_wconf 87' lang='lat' dir='ltr'>nominatur,</span> 
     </span>
     <span class='ocr_line' id='line_1_5' title="bbox 296 768 1363 846; baseline 0 -18"><span class='ocrx_word' id='word_1_24' title='bbox 296 772 348 846; x_wconf 87' lang='lat' dir='ltr'>(ad</span> <span class='ocrx_word' id='word_1_25' title='bbox 369 771 533 838; x_wconf 86' lang='lat' dir='ltr'>Romanos)</span> <span class='ocrx_word' id='word_1_26' title='bbox 564 769 686 825; x_wconf 90' lang='lat' dir='ltr'>transitu</span> <span class='ocrx_word' id='word_1_27' title='bbox 720 768 925 826; x_wconf 83' lang='lat' dir='ltr'>consistere</span> <span class='ocrx_word' id='word_1_28' title='bbox 947 771 1162 846; x_wconf 88' lang='lat' dir='ltr'>coeperunt.</span> <span class='ocrx_word' id='word_1_29' title='bbox 1233 770 1363 846; x_wconf 88' lang='lat' dir='ltr'>(Omitto</span> 
     </span>
     <span class='ocr_line' id='line_1_6' title="bbox 294 873 1362 934; baseline 0 0"><span class='ocrx_word' id='word_1_30' title='bbox 294 875 486 934; x_wconf 81' lang='lat' dir='ltr'>offensionem</span> <span class='ocrx_word' id='word_1_31' title='bbox 521 874 551 932; x_wconf 90' lang='lat' dir='ltr'>in</span> <span class='ocrx_word' id='word_1_32' title='bbox 582 874 684 932; x_wconf 87' lang='lat' dir='ltr'>eodem</span> <span class='ocrx_word' id='word_1_33' title='bbox 715 873 838 930; x_wconf 84' lang='lat' dir='ltr'>duarum</span> <span class='ocrx_word' id='word_1_34' title='bbox 868 875 1075 934; x_wconf 85' lang='lat' dir='ltr'>sententiarum</span> <span class='ocrx_word' id='word_1_35' title='bbox 1110 889 1172 933; x_wconf 88' lang='lat' dir='ltr'>tam</span> <span class='ocrx_word' id='word_1_36' title='bbox 1198 877 1362 934; x_wconf 70' lang='lat' dir='ltr'>vicinuum</span> 
     </span>
     <span class='ocr_line' id='line_1_7' title="bbox 295 979 1362 1058; baseline 0.001 -19"><span class='ocrx_word' id='word_1_37' title='bbox 295 983 387 1040; x_wconf 81' lang='lat' dir='ltr'>exitu:</span> <span class='ocrx_word' id='word_1_38' title='bbox 416 980 523 1054; x_wconf 91' lang='lat' dir='ltr'>sequi</span> <span class='ocrx_word' id='word_1_39' title='bbox 544 988 763 1054; x_wconf 88' lang='lat' dir='ltr'>coeperunt,</span> <span class='ocrx_word' id='word_1_40' title='bbox 790 979 1004 1038; x_wconf 86' lang='lat' dir='ltr'>consistere</span> <span class='ocrx_word' id='word_1_41' title='bbox 1035 983 1256 1058; x_wconf 85' lang='lat' dir='ltr'>coeperunt.)</span> <span class='ocrx_word' id='word_1_42' title='bbox 1304 984 1362 1043; x_wconf 82' lang='lat' dir='ltr'>Sed</span> 
     </span>
     <span class='ocr_line' id='line_1_8' title="bbox 294 1084 1362 1164; baseline 0.002 -20"><span class='ocrx_word' id='word_1_43' title='bbox 294 1088 413 1164; x_wconf 83' lang='lat' dir='ltr'>gravius</span> <span class='ocrx_word' id='word_1_44' title='bbox 435 1097 480 1144; x_wconf 87' lang='lat' dir='ltr'>est</span> <span class='ocrx_word' id='word_1_45' title='bbox 500 1085 579 1142; x_wconf 89' lang='lat' dir='ltr'>aliud</span> <span class='ocrx_word' id='word_1_46' title='bbox 604 1084 720 1155; x_wconf 87' lang='lat' dir='ltr'>vitium;</span> <span class='ocrx_word' id='word_1_47' title='bbox 748 1085 932 1160; x_wconf 87' lang='lat' dir='ltr'>participium</span> <span class='ocrx_word' id='word_1_48' title='bbox 957 1087 1033 1144; x_wconf 88' lang='lat' dir='ltr'>enim</span> <span class='ocrx_word' id='word_1_49' title='bbox 1059 1087 1300 1147; x_wconf 70' lang='lat' dir='ltr'>incursantes</span> <span class='ocrx_word' id='word_1_50' title='bbox 1322 1091 1362 1146; x_wconf 84' lang='lat' dir='ltr'>sic</span> 
     </span>
     <span class='ocr_line' id='line_1_9' title="bbox 297 1185 1363 1264; baseline 0 -13"><span class='ocrx_word' id='word_1_51' title='bbox 297 1195 426 1251; x_wconf 71' lang='lat' dir='ltr'>adheret</span> <span class='ocrx_word' id='word_1_52' title='bbox 445 1193 537 1248; x_wconf 84' lang='lat' dir='ltr'>verbo</span> <span class='ocrx_word' id='word_1_53' title='bbox 560 1190 732 1248; x_wconf 75' lang='lat' dir='ltr'>adsecuti</span> <span class='ocrx_word' id='word_1_54' title='bbox 752 1199 846 1259; x_wconf 86' lang='lat' dir='ltr'>sunt,</span> <span class='ocrx_word' id='word_1_55' title='bbox 869 1201 901 1248; x_wconf 86' lang='lat' dir='ltr'>ut</span> <span class='ocrx_word' id='word_1_56' title='bbox 918 1185 1054 1250; x_wconf 66' lang='lat' dir='ltr'>Numidae</span> <span class='ocrx_word' id='word_1_57' title='bbox 1075 1193 1217 1264; x_wconf 87' lang='lat' dir='ltr'>dicantur,</span> <span class='ocrx_word' id='word_1_58' title='bbox 1238 1195 1314 1253; x_wconf 88' lang='lat' dir='ltr'>dnm</span> <span class='ocrx_word' id='word_1_59' title='bbox 1334 1195 1363 1252; x_wconf 88' lang='lat' dir='ltr'>in</span> 
     </span>
     <span class='ocr_line' id='line_1_10' title="bbox 297 1295 1361 1371; baseline 0.001 -14"><span class='ocrx_word' id='word_1_60' title='bbox 297 1301 497 1357; x_wconf 84' lang='lat' dir='ltr'>Romanorum</span> <span class='ocrx_word' id='word_1_61' title='bbox 526 1305 639 1371; x_wconf 86' lang='lat' dir='ltr'>tergum</span> <span class='ocrx_word' id='word_1_62' title='bbox 669 1305 698 1352; x_wconf 91' lang='lat' dir='ltr'>et</span> <span class='ocrx_word' id='word_1_63' title='bbox 725 1295 818 1353; x_wconf 83' lang='lat' dir='ltr'>latera</span> <span class='ocrx_word' id='word_1_64' title='bbox 847 1297 1008 1366; x_wconf 79' lang='lat' dir='ltr'>incursent,</span> <span class='ocrx_word' id='word_1_65' title='bbox 1044 1315 1095 1354; x_wconf 91' lang='lat' dir='ltr'>eos</span> <span class='ocrx_word' id='word_1_66' title='bbox 1119 1299 1250 1357; x_wconf 84' lang='lat' dir='ltr'>adsecuti</span> <span class='ocrx_word' id='word_1_67' title='bbox 1289 1320 1361 1368; x_wconf 81' lang='lat' dir='ltr'>esse,</span> 
     </span>
     <span class='ocr_line' id='line_1_11' title="bbox 296 1403 1360 1480; baseline 0.001 -19"><span class='ocrx_word' id='word_1_68' title='bbox 296 1403 376 1478; x_wconf 92' lang='lat' dir='ltr'>quod</span> <span class='ocrx_word' id='word_1_69' title='bbox 402 1403 553 1460; x_wconf 85' lang='lat' dir='ltr'>ridiculum</span> <span class='ocrx_word' id='word_1_70' title='bbox 586 1412 637 1460; x_wconf 85' lang='lat' dir='ltr'>est.</span> <span class='ocrx_word' id='word_1_71' title='bbox 696 1403 774 1458; x_wconf 88' lang='lat' dir='ltr'>Nam</span> <span class='ocrx_word' id='word_1_72' title='bbox 798 1420 886 1476; x_wconf 86' lang='lat' dir='ltr'>quum</span> <span class='ocrx_word' id='word_1_73' title='bbox 908 1403 1072 1473; x_wconf 88' lang='lat' dir='ltr'>Romanos,</span> <span class='ocrx_word' id='word_1_74' title='bbox 1105 1403 1156 1478; x_wconf 90' lang='lat' dir='ltr'>qui</span> <span class='ocrx_word' id='word_1_75' title='bbox 1177 1406 1360 1480; x_wconf 85' lang='lat' dir='ltr'>aliquantum</span> 
     </span>
     <span class='ocr_line' id='line_1_12' title="bbox 295 1507 1360 1584; baseline -0.001 -17"><span class='ocrx_word' id='word_1_76' title='bbox 295 1509 383 1584; x_wconf 89' lang='lat' dir='ltr'>spatii</span> <span class='ocrx_word' id='word_1_77' title='bbox 405 1518 623 1584; x_wconf 75' lang='lat' dir='ltr'>preceperant,</span> <span class='ocrx_word' id='word_1_78' title='bbox 646 1507 775 1564; x_wconf 80' lang='lat' dir='ltr'>adsecuti</span> <span class='ocrx_word' id='word_1_79' title='bbox 797 1518 907 1577; x_wconf 87' lang='lat' dir='ltr'>essent,</span> <span class='ocrx_word' id='word_1_80' title='bbox 934 1517 995 1564; x_wconf 88' lang='lat' dir='ltr'>tum</span> <span class='ocrx_word' id='word_1_81' title='bbox 1019 1508 1134 1566; x_wconf 83' lang='lat' dir='ltr'>dentum</span> <span class='ocrx_word' id='word_1_82' title='bbox 1157 1511 1311 1568; x_wconf 85' lang='lat' dir='ltr'>incursare</span> <span class='ocrx_word' id='word_1_83' title='bbox 1333 1511 1360 1566; x_wconf 88' lang='lat' dir='ltr'>iu</span> 
     </span>
     <span class='ocr_line' id='line_1_13' title="bbox 298 1612 1361 1689; baseline -0.002 -16"><span class='ocrx_word' id='word_1_84' title='bbox 298 1634 348 1673; x_wconf 93' lang='lat' dir='ltr'>eos</span> <span class='ocrx_word' id='word_1_85' title='bbox 370 1623 535 1689; x_wconf 87' lang='lat' dir='ltr'>coepe1unt.</span> <span class='ocrx_word' id='word_1_86' title='bbox 578 1614 684 1687; x_wconf 83' lang='lat' dir='ltr'>Itaque</span> <span class='ocrx_word' id='word_1_87' title='bbox 705 1612 939 1669; x_wconf 84' lang='lat' dir='ltr'>incursantes</span> <span class='ocrx_word' id='word_1_88' title='bbox 961 1632 1026 1670; x_wconf 87' lang='lat' dir='ltr'>cum</span> <span class='ocrx_word' id='word_1_89' title='bbox 1047 1613 1105 1671; x_wconf 92' lang='lat' dir='ltr'>alio</span> <span class='ocrx_word' id='word_1_90' title='bbox 1127 1617 1217 1673; x_wconf 89' lang='lat' dir='ltr'>verbo</span> <span class='ocrx_word' id='word_1_91' title='bbox 1239 1617 1361 1673; x_wconf 91' lang='lat' dir='ltr'>coniun-</span> 
     </span>
     <span class='ocr_line' id='line_1_14' title="bbox 296 1717 1362 1795; baseline 0.002 -18"><span class='ocrx_word' id='word_1_92' title='bbox 296 1719 423 1795; x_wconf 85' lang='lat' dir='ltr'>gendnm</span> <span class='ocrx_word' id='word_1_93' title='bbox 446 1729 497 1787; x_wconf 88' lang='lat' dir='ltr'>est,</span> <span class='ocrx_word' id='word_1_94' title='bbox 520 1738 578 1792; x_wconf 91' lang='lat' dir='ltr'>quo</span> <span class='ocrx_word' id='word_1_95' title='bbox 600 1717 719 1776; x_wconf 80' lang='lat' dir='ltr'>effectus</span> <span class='ocrx_word' id='word_1_96' title='bbox 740 1718 1141 1794; x_wconf 85' lang='lat' dir='ltr'>incursationissignificetur.</span> <span class='ocrx_word' id='word_1_97' title='bbox 1188 1721 1362 1779; x_wconf 87' lang='lat' dir='ltr'>Idverbum</span> 
     </span>
     <span class='ocr_line' id='line_1_15' title="bbox 296 1823 1362 1898; baseline 0.003 -19"><span class='ocrx_word' id='word_1_98' title='bbox 296 1823 496 1880; x_wconf 77' lang='lat' dir='ltr'>nanciscemur</span> <span class='ocrx_word' id='word_1_99' title='bbox 517 1823 673 1897; x_wconf 86' lang='lat' dir='ltr'>omniaque</span> <span class='ocrx_word' id='word_1_100' title='bbox 694 1833 764 1898; x_wconf 82' lang='lat' dir='ltr'>apta</span> <span class='ocrx_word' id='word_1_101' title='bbox 785 1843 919 1897; x_wconf 84' lang='lat' dir='ltr'>nexaque</span> <span class='ocrx_word' id='word_1_102' title='bbox 940 1823 1106 1888; x_wconf 71' lang='lat' dir='ltr'>efficiemus,</span> <span class='ocrx_word' id='word_1_103' title='bbox 1120 1825 1362 1884; x_wconf 82' lang='lat' dir='ltr'>unalitterantu·</span> 
     </span>
     <span class='ocr_line' id='line_1_16' title="bbox 296 1929 1360 2002; baseline 0.003 -17"><span class='ocrx_word' id='word_1_104' title='bbox 296 1939 373 1986; x_wconf 79' lang='lat' dir='ltr'>tete:</span> <span class='ocrx_word' id='word_1_105' title='bbox 396 1931 492 1985; x_wconf 86' lang='lat' dir='ltr'>Ante</span> <span class='ocrx_word' id='word_1_106' title='bbox 511 1939 654 1986; x_wconf 89' lang='lat' dir='ltr'>noctem</span> <span class='ocrx_word' id='word_1_107' title='bbox 678 1929 845 1986; x_wconf 82' lang='lat' dir='ltr'>adsecuti</span> <span class='ocrx_word' id='word_1_108' title='bbox 868 1931 1042 2002; x_wconf 82' lang='lat' dir='ltr'>(Romanos)</span> <span class='ocrx_word' id='word_1_109' title='bbox 1063 1931 1239 2000; x_wconf 74' lang='lat' dir='ltr'>Numidae,</span> <span class='ocrx_word' id='word_1_110' title='bbox 1266 1950 1360 1988; x_wconf 87' lang='lat' dir='ltr'>nunc</span> 
     </span>
     <span class='ocr_line' id='line_1_17' title="bbox 294 2033 1360 2110; baseline 0.007 -18"><span class='ocrx_word' id='word_1_111' title='bbox 294 2036 340 2092; x_wconf 85' lang='lat' dir='ltr'>ab</span> <span class='ocrx_word' id='word_1_112' title='bbox 359 2043 463 2110; x_wconf 85' lang='lat' dir='ltr'>terge</span> <span class='ocrx_word' id='word_1_113' title='bbox 478 2053 569 2091; x_wconf 89' lang='lat' dir='ltr'>nunc</span> <span class='ocrx_word' id='word_1_114' title='bbox 590 2033 626 2090; x_wconf 88' lang='lat' dir='ltr'>in</span> <span class='ocrx_word' id='word_1_115' title='bbox 648 2033 773 2091; x_wconf 88' lang='lat' dir='ltr'>latera</span> <span class='ocrx_word' id='word_1_116' title='bbox 793 2035 1028 2093; x_wconf 86' lang='lat' dir='ltr'>incursantes</span> <span class='ocrx_word' id='word_1_117' title='bbox 1050 2037 1257 2094; x_wconf 87' lang='lat' dir='ltr'>consistere</span> <span class='ocrx_word' id='word_1_118' title='bbox 1281 2041 1360 2098; x_wconf 69' lang='lat' dir='ltr'>eal·</span> 
     </span>
     <span class='ocr_line' id='line_1_18' title="bbox 296 2138 1359 2220; baseline 0.002 -24"><span class='ocrx_word' id='word_1_119' title='bbox 296 2150 427 2220; x_wconf 70' lang='lat' dir='ltr'>gerunt</span> <span class='ocrx_word' id='word_1_120' title='bbox 449 2159 487 2196; x_wconf 80' lang='lat' dir='ltr'>ac</span> <span class='ocrx_word' id='word_1_121' title='bbox 508 2139 627 2195; x_wconf 83' lang='lat' dir='ltr'>tutari</span> <span class='ocrx_word' id='word_1_122' title='bbox 649 2157 785 2215; x_wconf 78' lang='lat' dir='ltr'>agmen.</span> <span class='ocrx_word' id='word_1_123' title='bbox 840 2138 975 2215; x_wconf 87' lang='lat' dir='ltr'>Coepit</span> <span class='ocrx_word' id='word_1_124' title='bbox 1001 2139 1130 2220; x_wconf 89' lang='lat' dir='ltr'>(cepit)</span> <span class='ocrx_word' id='word_1_125' title='bbox 1160 2159 1215 2215; x_wconf 88' lang='lat' dir='ltr'>pro</span> <span class='ocrx_word' id='word_1_126' title='bbox 1236 2143 1359 2217; x_wconf 68' lang='lat' dir='ltr'>coegit</span> 
     </span>
     <span class='ocr_line' id='line_1_19' title="bbox 294 2243 1359 2321; baseline 0.001 -19"><span class='ocrx_word' id='word_1_127' title='bbox 294 2246 325 2302; x_wconf 91' lang='lat' dir='ltr'>in</span> <span class='ocrx_word' id='word_1_128' title='bbox 347 2247 373 2303; x_wconf 94' lang='lat' dir='ltr'>P</span> <span class='ocrx_word' id='word_1_129' title='bbox 396 2255 425 2302; x_wconf 94' lang='lat' dir='ltr'>et</span> <span class='ocrx_word' id='word_1_130' title='bbox 448 2244 594 2320; x_wconf 88' lang='lat' dir='ltr'>plerisque</span> <span class='ocrx_word' id='word_1_131' title='bbox 616 2243 680 2300; x_wconf 87' lang='lat' dir='ltr'>eliis</span> <span class='ocrx_word' id='word_1_132' title='bbox 701 2245 840 2321; x_wconf 83' lang='lat' dir='ltr'>seriptum</span> <span class='ocrx_word' id='word_1_133' title='bbox 862 2255 905 2302; x_wconf 91' lang='lat' dir='ltr'>est</span> <span class='ocrx_word' id='word_1_134' title='bbox 927 2247 1013 2304; x_wconf 88' lang='lat' dir='ltr'>etism</span> <span class='ocrx_word' id='word_1_135' title='bbox 1037 2248 1161 2318; x_wconf 86' lang='lat' dir='ltr'>XXIX,</span> <span class='ocrx_word' id='word_1_136' title='bbox 1184 2249 1234 2318; x_wconf 81' lang='lat'>29,</span> <span class='ocrx_word' id='word_1_137' title='bbox 1257 2249 1287 2318; x_wconf 82' lang='lat'>9,</span> <span class='ocrx_word' id='word_1_138' title='bbox 1310 2247 1359 2305; x_wconf 90' lang='lat' dir='ltr'>sed</span> 
     </span>
     <span class='ocr_line' id='line_1_20' title="bbox 297 2349 1360 2430; baseline 0.002 -22"><span class='ocrx_word' id='word_1_139' title='bbox 297 2361 410 2409; x_wconf 82' lang='lat' dir='ltr'>uteture</span> <span class='ocrx_word' id='word_1_140' title='bbox 431 2361 600 2409; x_wconf 83' lang='lat' dir='ltr'>correctum.</span> <span class='ocrx_word' id='word_1_141' title='bbox 663 2352 783 2420; x_wconf 83' lang='lat' dir='ltr'>Restat,</span> <span class='ocrx_word' id='word_1_142' title='bbox 814 2349 844 2406; x_wconf 90' lang='lat' dir='ltr'>iu</span> <span class='ocrx_word' id='word_1_143' title='bbox 873 2353 1010 2424; x_wconf 85' lang='lat' dir='ltr'>quoiam</span> <span class='ocrx_word' id='word_1_144' title='bbox 1033 2352 1188 2412; x_wconf 81' lang='lat' dir='ltr'>Creverius</span> <span class='ocrx_word' id='word_1_145' title='bbox 1209 2373 1360 2430; x_wconf 89' lang='lat' dir='ltr'>nuperque</span> 
     </span>
     <span class='ocr_line' id='line_1_21' title="bbox 296 2456 1359 2534; baseline 0.003 -22"><span class='ocrx_word' id='word_1_146' title='bbox 296 2456 552 2514; x_wconf 88' lang='lat' dir='ltr'>Weissenbornius</span> <span class='ocrx_word' id='word_1_147' title='bbox 573 2457 735 2526; x_wconf 83' lang='lat' dir='ltr'>haeseruut,</span> <span class='ocrx_word' id='word_1_148' title='bbox 757 2456 828 2512; x_wconf 88' lang='lat' dir='ltr'>illud</span> <span class='ocrx_word' id='word_1_149' title='bbox 848 2466 927 2513; x_wconf 89' lang='lat' dir='ltr'>tuto</span> <span class='ocrx_word' id='word_1_150' title='bbox 951 2467 989 2514; x_wconf 93' lang='lat' dir='ltr'>ut</span> <span class='ocrx_word' id='word_1_151' title='bbox 1010 2457 1117 2516; x_wconf 88' lang='lat' dir='ltr'>simul</span> <span class='ocrx_word' id='word_1_152' title='bbox 1143 2471 1359 2534; x_wconf 85' lang='lat' dir='ltr'>pugnarent.</span> 
     </span>
     <span class='ocr_line' id='line_1_22' title="bbox 294 2561 1359 2639; baseline 0.003 -18"><span class='ocrx_word' id='word_1_153' title='bbox 294 2565 344 2621; x_wconf 90' lang='lat' dir='ltr'>ubi</span> <span class='ocrx_word' id='word_1_154' title='bbox 363 2582 421 2620; x_wconf 89' lang='lat' dir='ltr'>non</span> <span class='ocrx_word' id='word_1_155' title='bbox 443 2561 536 2618; x_wconf 91' lang='lat' dir='ltr'>solum</span> <span class='ocrx_word' id='word_1_156' title='bbox 559 2579 770 2637; x_wconf 82' lang='lat' dir='ltr'>supervacuum</span> <span class='ocrx_word' id='word_1_157' title='bbox 794 2571 838 2618; x_wconf 91' lang='lat' dir='ltr'>est</span> <span class='ocrx_word' id='word_1_158' title='bbox 858 2571 939 2619; x_wconf 92' lang='lat' dir='ltr'>tuto</span> <span class='ocrx_word' id='word_1_159' title='bbox 961 2565 1009 2634; x_wconf 90' lang='lat' dir='ltr'>(eo</span> <span class='ocrx_word' id='word_1_160' title='bbox 1032 2564 1119 2620; x_wconf 88' lang='lat' dir='ltr'>etism</span> <span class='ocrx_word' id='word_1_161' title='bbox 1140 2563 1206 2621; x_wconf 91' lang='lat' dir='ltr'>loco</span> <span class='ocrx_word' id='word_1_162' title='bbox 1222 2566 1359 2639; x_wconf 74' lang='lat' dir='ltr'>positum,</span> 
     </span>
     <span class='ocr_line' id='line_1_23' title="bbox 296 2665 1360 2746; baseline 0 -19"><span class='ocrx_word' id='word_1_163' title='bbox 296 2669 380 2746; x_wconf 86' lang='lat' dir='ltr'>quasi</span> <span class='ocrx_word' id='word_1_164' title='bbox 402 2669 432 2725; x_wconf 89' lang='lat' dir='ltr'>in</span> <span class='ocrx_word' id='word_1_165' title='bbox 454 2687 489 2724; x_wconf 92' lang='lat' dir='ltr'>eo</span> <span class='ocrx_word' id='word_1_166' title='bbox 511 2668 625 2742; x_wconf 89' lang='lat' dir='ltr'>pondus</span> <span class='ocrx_word' id='word_1_167' title='bbox 636 2667 784 2726; x_wconf 74' lang='lat' dir='ltr'>sententie</span> <span class='ocrx_word' id='word_1_168' title='bbox 795 2667 942 2743; x_wconf 80' lang='lat' dir='ltr'>singulare</span> <span class='ocrx_word' id='word_1_169' title='bbox 956 2665 1016 2742; x_wconf 82' lang='lat' dir='ltr'>sit),</span> <span class='ocrx_word' id='word_1_170' title='bbox 1032 2667 1081 2724; x_wconf 90' lang='lat' dir='ltr'>sed</span> <span class='ocrx_word' id='word_1_171' title='bbox 1093 2669 1360 2743; x_wconf 65' lang='lat' dir='ltr'>perversissimum</span> 
     </span>
     <span class='ocr_line' id='line_1_24' title="bbox 296 2773 1358 2850; baseline -0.001 -17"><span class='ocrx_word' id='word_1_172' title='bbox 296 2795 390 2849; x_wconf 89' lang='lat' dir='ltr'>neque</span> <span class='ocrx_word' id='word_1_173' title='bbox 412 2773 539 2830; x_wconf 89' lang='lat' dir='ltr'>enimin</span> <span class='ocrx_word' id='word_1_174' title='bbox 561 2791 675 2830; x_wconf 88' lang='lat' dir='ltr'>summo</span> <span class='ocrx_word' id='word_1_175' title='bbox 698 2773 827 2849; x_wconf 90' lang='lat' dir='ltr'>periculo</span> <span class='ocrx_word' id='word_1_176' title='bbox 849 2775 969 2844; x_wconf 89' lang='lat' dir='ltr'>milites,</span> <span class='ocrx_word' id='word_1_177' title='bbox 1001 2783 1033 2829; x_wconf 95' lang='lat' dir='ltr'>ut</span> <span class='ocrx_word' id='word_1_178' title='bbox 1054 2783 1117 2830; x_wconf 91' lang='lat' dir='ltr'>tuto</span> <span class='ocrx_word' id='word_1_179' title='bbox 1137 2783 1283 2850; x_wconf 76' lang='lat' dir='ltr'>pugnent,</span> <span class='ocrx_word' id='word_1_180' title='bbox 1309 2795 1358 2832; x_wconf 88' lang='lat' dir='ltr'>co-</span> 
     </span>
     <span class='ocr_line' id='line_1_25' title="bbox 297 2880 1361 2956; baseline -0.001 -18"><span class='ocrx_word' id='word_1_181' title='bbox 297 2880 433 2938; x_wconf 86' lang='lat' dir='ltr'>hortandi</span> <span class='ocrx_word' id='word_1_182' title='bbox 454 2887 536 2948; x_wconf 87' lang='lat' dir='ltr'>sunt;</span> <span class='ocrx_word' id='word_1_183' title='bbox 564 2897 741 2954; x_wconf 86' lang='lat' dir='ltr'>quemquam</span> <span class='ocrx_word' id='word_1_184' title='bbox 771 2881 839 2954; x_wconf 89' lang='lat' dir='ltr'>quid</span> <span class='ocrx_word' id='word_1_185' title='bbox 871 2881 909 2937; x_wconf 91' lang='lat' dir='ltr'>sit</span> <span class='ocrx_word' id='word_1_186' title='bbox 929 2888 992 2935; x_wconf 90' lang='lat' dir='ltr'>tuto</span> <span class='ocrx_word' id='word_1_187' title='bbox 1014 2896 1146 2953; x_wconf 84' lang='lat' dir='ltr'>pugnare</span> <span class='ocrx_word' id='word_1_188' title='bbox 1169 2880 1217 2948; x_wconf 89' lang='lat' dir='ltr'>(de</span> <span class='ocrx_word' id='word_1_189' title='bbox 1239 2881 1361 2956; x_wconf 81' lang='lat' dir='ltr'>singulis</span> 
     </span>
     <span class='ocr_line' id='line_1_26' title="bbox 297 2985 1360 3060; baseline 0.001 -17"><span class='ocrx_word' id='word_1_190' title='bbox 297 2985 466 3059; x_wconf 86' lang='lat' dir='ltr'>militibus),</span> <span class='ocrx_word' id='word_1_191' title='bbox 497 3002 617 3060; x_wconf 88' lang='lat' dir='ltr'>prorsus</span> <span class='ocrx_word' id='word_1_192' title='bbox 645 2986 752 3046; x_wconf 88' lang='lat' dir='ltr'>nescio.</span> <span class='ocrx_word' id='word_1_193' title='bbox 811 2987 870 3046; x_wconf 89' lang='lat' dir='ltr'>Sed</span> <span class='ocrx_word' id='word_1_194' title='bbox 891 2985 975 3043; x_wconf 87' lang='lat' dir='ltr'>salva</span> <span class='ocrx_word' id='word_1_195' title='bbox 1003 3004 1050 3042; x_wconf 84' lang='lat' dir='ltr'>res</span> <span class='ocrx_word' id='word_1_196' title='bbox 1072 2994 1124 3045; x_wconf 89' lang='lat' dir='ltr'>est.</span> <span class='ocrx_word' id='word_1_197' title='bbox 1169 2985 1360 3045; x_wconf 73' lang='lat' dir='ltr'>scribendum</span> 
     </span>
     <span class='ocr_line' id='line_1_27' title="bbox 299 3091 1362 3166; baseline 0.004 -17"><span class='ocrx_word' id='word_1_198' title='bbox 299 3093 374 3150; x_wconf 88' lang='lat' dir='ltr'>enim</span> <span class='ocrx_word' id='word_1_199' title='bbox 396 3092 542 3148; x_wconf 81' lang='lat' dir='ltr'>lenissima</span> <span class='ocrx_word' id='word_1_200' title='bbox 553 3091 726 3148; x_wconf 88' lang='lat' dir='ltr'>mutatione:</span> <span class='ocrx_word' id='word_1_201' title='bbox 749 3092 932 3166; x_wconf 81' lang='lat' dir='ltr'>Quantum</span> <span class='ocrx_word' id='word_1_202' title='bbox 955 3100 1107 3166; x_wconf 89' lang='lat' dir='ltr'>possent</span> <span class='ocrx_word' id='word_1_203' title='bbox 1127 3101 1256 3160; x_wconf 85' lang='lat' dir='ltr'>tamen,</span> <span class='ocrx_word' id='word_1_204' title='bbox 1280 3093 1362 3160; x_wconf 78' lang='lat' dir='ltr'>niti,</span> 
     </span>
     <span class='ocr_line' id='line_1_28' title="bbox 297 3195 1362 3272; baseline 0 -18"><span class='ocrx_word' id='word_1_205' title='bbox 297 3207 336 3254; x_wconf 91' lang='lat' dir='ltr'>ut</span> <span class='ocrx_word' id='word_1_206' title='bbox 362 3197 468 3254; x_wconf 90' lang='lat' dir='ltr'>simul</span> <span class='ocrx_word' id='word_1_207' title='bbox 500 3207 710 3272; x_wconf 82' lang='lat' dir='ltr'>pugnarent</span> <span class='ocrx_word' id='word_1_208' title='bbox 742 3198 1070 3272; x_wconf 86' lang='lat' dir='ltr'>procederentque,</span> <span class='ocrx_word' id='word_1_209' title='bbox 1091 3195 1216 3272; x_wconf 90' lang='lat' dir='ltr'>Scipio</span> <span class='ocrx_word' id='word_1_210' title='bbox 1238 3197 1362 3254; x_wconf 86' lang='lat' dir='ltr'>horta·</span> 
     </span>
     <span class='ocr_line' id='line_1_29' title="bbox 297 3300 1362 3378; baseline -0.004 -18"><span class='ocrx_word' id='word_1_211' title='bbox 297 3304 417 3361; x_wconf 88' lang='lat' dir='ltr'>batur.</span> <span class='ocrx_word' id='word_1_212' title='bbox 472 3303 536 3360; x_wconf 84' lang='lat' dir='ltr'>lam</span> <span class='ocrx_word' id='word_1_213' title='bbox 568 3303 749 3378; x_wconf 82' lang='lat' dir='ltr'>aptissimum</span> <span class='ocrx_word' id='word_1_214' title='bbox 777 3305 865 3361; x_wconf 83' lang='lat' dir='ltr'>etiam</span> <span class='ocrx_word' id='word_1_215' title='bbox 894 3303 964 3360; x_wconf 92' lang='lat' dir='ltr'>illud</span> <span class='ocrx_word' id='word_1_216' title='bbox 996 3303 1034 3359; x_wconf 84' lang='lat' dir='ltr'>ad</span> <span class='ocrx_word' id='word_1_217' title='bbox 1061 3300 1203 3358; x_wconf 87' lang='lat' dir='ltr'>nitendi</span> <span class='ocrx_word' id='word_1_218' title='bbox 1224 3303 1362 3358; x_wconf 86' lang='lat' dir='ltr'>verbum:</span> 
     </span>
     <span class='ocr_line' id='line_1_30' title="bbox 299 3405 1362 3485; baseline -0.001 -20"><span class='ocrx_word' id='word_1_219' title='bbox 299 3419 471 3483; x_wconf 86' lang='lat' dir='ltr'>quantum</span> <span class='ocrx_word' id='word_1_220' title='bbox 493 3414 655 3481; x_wconf 87' lang='lat' dir='ltr'>possent.</span> <span class='ocrx_word' id='word_1_221' title='bbox 700 3405 820 3482; x_wconf 83' lang='lat' dir='ltr'>Syllaba</span> <span class='ocrx_word' id='word_1_222' title='bbox 842 3409 876 3465; x_wconf 90' lang='lat' dir='ltr'>ni</span> <span class='ocrx_word' id='word_1_223' title='bbox 898 3410 937 3466; x_wconf 92' lang='lat' dir='ltr'>ob</span> <span class='ocrx_word' id='word_1_224' title='bbox 958 3406 1123 3485; x_wconf 81' lang='lat' dir='ltr'>praecedens</span> <span class='ocrx_word' id='word_1_225' title='bbox 1145 3425 1163 3466; x_wconf 86' lang='grc' dir='ltr'>ι</span> <span class='ocrx_word' id='word_1_226' title='bbox 1185 3407 1302 3476; x_wconf 83' lang='lat' dir='ltr'>hausta,</span> <span class='ocrx_word' id='word_1_227' title='bbox 1327 3428 1362 3465; x_wconf 83' lang='lat' dir='ltr'>cx</span> 
     </span>
     <span class='ocr_line' id='line_1_31' title="bbox 295 3511 1362 3589; baseline -0.002 -19"><span class='ocrx_word' id='word_1_228' title='bbox 295 3515 370 3571; x_wconf 89' lang='lat' dir='ltr'>tint</span> <span class='ocrx_word' id='word_1_229' title='bbox 391 3511 565 3588; x_wconf 85' lang='lat' dir='ltr'>geminando</span> <span class='ocrx_word' id='word_1_230' title='bbox 589 3521 684 3570; x_wconf 86' lang='lat' dir='ltr'>ortum</span> <span class='ocrx_word' id='word_1_231' title='bbox 707 3523 786 3570; x_wconf 91' lang='lat' dir='ltr'>tuto</span> <span class='ocrx_word' id='word_1_232' title='bbox 808 3524 862 3583; x_wconf 86' lang='lat' dir='ltr'>ut;</span> <span class='ocrx_word' id='word_1_233' title='bbox 891 3531 1068 3589; x_wconf 84' lang='lat' dir='ltr'>quemquam</span> <span class='ocrx_word' id='word_1_234' title='bbox 1090 3512 1177 3569; x_wconf 85' lang='lat' dir='ltr'>etiam</span> <span class='ocrx_word' id='word_1_235' title='bbox 1198 3531 1252 3587; x_wconf 86' lang='lat' dir='ltr'>per</span> <span class='ocrx_word' id='word_1_236' title='bbox 1274 3531 1306 3570; x_wconf 89' lang='lat' dir='ltr'>sc</span> <span class='ocrx_word' id='word_1_237' title='bbox 1329 3513 1362 3570; x_wconf 88' lang='lat' dir='ltr'>ni</span> 
     </span>
    </p>
   </div>
   <div class='ocr_carea' id='block_1_3' title="bbox 297 3619 1361 3900">
    <p class='ocr_par' dir='ltr' id='par_1_3' title="bbox 297 3619 1361 3900">
     <span class='ocr_line' id='line_1_32' title="bbox 297 3619 902 3692; baseline 0.005 -17"><span class='ocrx_word' id='word_1_238' title='bbox 297 3619 326 3675; x_wconf 92' lang='lat' dir='ltr'>iu</span> <span class='ocrx_word' id='word_1_239' title='bbox 348 3631 385 3676; x_wconf 87' lang='lat' dir='ltr'>tu</span> <span class='ocrx_word' id='word_1_240' title='bbox 408 3619 531 3675; x_wconf 84' lang='lat' dir='ltr'>transire</span> <span class='ocrx_word' id='word_1_241' title='bbox 553 3627 677 3692; x_wconf 85' lang='lat' dir='ltr'>poteret,</span> <span class='ocrx_word' id='word_1_242' title='bbox 699 3628 732 3675; x_wconf 92' lang='lat' dir='ltr'>ut</span> <span class='ocrx_word' id='word_1_243' title='bbox 752 3637 777 3680; x_wconf 88' lang='lat' dir='ltr'>c.</span> <span class='ocrx_word' id='word_1_244' title='bbox 801 3624 850 3688; x_wconf 73' lang='lat'>20,</span> <span class='ocrx_word' id='word_1_245' title='bbox 875 3623 902 3679; x_wconf 91' lang='grc'>5.</span> 
     </span>
     <span class='ocr_line' id='line_1_33' title="bbox 381 3720 1361 3800; baseline 0.002 -20"><span class='ocrx_word' id='word_1_246' title='bbox 381 3722 454 3798; x_wconf 84' lang='lat' dir='ltr'>Cap.</span> <span class='ocrx_word' id='word_1_247' title='bbox 478 3726 535 3793; x_wconf 83' lang='lat'>36,</span> <span class='ocrx_word' id='word_1_248' title='bbox 568 3727 603 3780; x_wconf 89' lang='lat'>10</span> <span class='ocrx_word' id='word_1_249' title='bbox 632 3720 684 3800; x_wconf 89' lang='lat' dir='ltr'>(dc</span> <span class='ocrx_word' id='word_1_250' title='bbox 710 3723 818 3782; x_wconf 91' lang='lat' dir='ltr'>Poenis</span> <span class='ocrx_word' id='word_1_251' title='bbox 846 3743 900 3800; x_wconf 89' lang='lat' dir='ltr'>per</span> <span class='ocrx_word' id='word_1_252' title='bbox 930 3723 1059 3782; x_wconf 82' lang='lat' dir='ltr'>obiectes</span> <span class='ocrx_word' id='word_1_253' title='bbox 1090 3742 1108 3780; x_wconf 87' lang='lat' dir='ltr'>a</span> <span class='ocrx_word' id='word_1_254' title='bbox 1135 3723 1279 3782; x_wconf 86' lang='lat' dir='ltr'>Romanis</span> <span class='ocrx_word' id='word_1_255' title='bbox 1307 3743 1361 3800; x_wconf 90' lang='lat' dir='ltr'>pro</span> 
     </span>
     <span class='ocr_line' id='line_1_34' title="bbox 297 3828 1358 3900; baseline 0.002 -15"><span class='ocrx_word' id='word_1_256' title='bbox 297 3829 375 3886; x_wconf 86' lang='lat' dir='ltr'>vallo</span> <span class='ocrx_word' id='word_1_257' title='bbox 393 3829 514 3886; x_wconf 89' lang='lat' dir='ltr'>clitellas</span> <span class='ocrx_word' id='word_1_258' title='bbox 543 3843 608 3885; x_wconf 87' lang='lat' dir='ltr'>cum</span> <span class='ocrx_word' id='word_1_259' title='bbox 631 3829 766 3886; x_wconf 89' lang='lat' dir='ltr'>oneribus</span> <span class='ocrx_word' id='word_1_260' title='bbox 787 3830 866 3887; x_wconf 87' lang='lat' dir='ltr'>viem</span> <span class='ocrx_word' id='word_1_261' title='bbox 889 3829 945 3887; x_wconf 94' lang='lat' dir='ltr'>sibi</span> <span class='ocrx_word' id='word_1_262' title='bbox 966 3828 1169 3900; x_wconf 86' lang='lat' dir='ltr'>iacientibus):</span> <span class='ocrx_word' id='word_1_263' title='bbox 1190 3829 1358 3887; x_wconf 86' lang='lat' dir='ltr'>Ceterum</span> 
     </span>
    </p>
   </div>
   <div class='ocr_carea' id='block_1_4' title="bbox 295 3932 1361 4116">
    <p class='ocr_par' dir='ltr' id='par_1_4' title="bbox 295 3932 1361 4116">
     <span class='ocr_line' id='line_1_35' title="bbox 298 3932 1361 4008; baseline 0.005 -18"><span class='ocrx_word' id='word_1_264' title='bbox 298 3953 413 4008; x_wconf 87' lang='lat' dir='ltr'>neque</span> <span class='ocrx_word' id='word_1_265' title='bbox 437 3932 630 3992; x_wconf 88' lang='lat' dir='ltr'>transilire</span> <span class='ocrx_word' id='word_1_266' title='bbox 661 3952 725 3992; x_wconf 89' lang='lat' dir='ltr'>nec</span> <span class='ocrx_word' id='word_1_267' title='bbox 757 3935 880 3993; x_wconf 91' lang='lat' dir='ltr'>moliri</span> <span class='ocrx_word' id='word_1_268' title='bbox 901 3954 1016 3994; x_wconf 88' lang='lat' dir='ltr'>onera</span> <span class='ocrx_word' id='word_1_269' title='bbox 1043 3936 1190 3993; x_wconf 89' lang='lat' dir='ltr'>obiecta</span> <span class='ocrx_word' id='word_1_270' title='bbox 1212 3955 1277 3994; x_wconf 90' lang='lat' dir='ltr'>nec</span> <span class='ocrx_word' id='word_1_271' title='bbox 1298 3955 1361 3994; x_wconf 80' lang='lat' dir='ltr'>cae·</span> 
     </span>
     <span class='ocr_line' id='line_1_36' title="bbox 295 4038 1360 4116; baseline 0.002 -22"><span class='ocrx_word' id='word_1_272' title='bbox 295 4039 383 4094; x_wconf 90' lang='lat' dir='ltr'>dere</span> <span class='ocrx_word' id='word_1_273' title='bbox 411 4041 575 4114; x_wconf 83' lang='lat' dir='ltr'>stipatas</span> <span class='ocrx_word' id='word_1_274' title='bbox 605 4038 771 4097; x_wconf 80' lang='lat' dir='ltr'>clitellas</span> <span class='ocrx_word' id='word_1_275' title='bbox 806 4041 978 4116; x_wconf 90' lang='lat' dir='ltr'>ipsisque</span> <span class='ocrx_word' id='word_1_276' title='bbox 1014 4043 1167 4099; x_wconf 87' lang='lat' dir='ltr'>obrutas</span> <span class='ocrx_word' id='word_1_277' title='bbox 1200 4041 1360 4098; x_wconf 86' lang='lat' dir='ltr'>sarcinis</span> 
     </span>
    </p>
   </div>
   <div class='ocr_carea' id='block_1_5' title="bbox 0 0 1411 4644">
    <p class='ocr_par' dir='ltr' id='par_1_5' title="bbox 0 0 1411 4644">
     <span class='ocr_line' id='line_1_37' title="bbox 0 0 1411 4644; baseline 0 0"><span class='ocrx_word' id='word_1_278' title='bbox 0 0 1411 4644; x_wconf 95' lang='lat' dir='ltr'> </span> 
     </span>
    </p>
   </div>
  </div>
 </body>
</html>
