2826 4650
605 280 642 336 67
999 279 1056 330 Lib.
1074 279 1124 332 ΙΙΙ.

81 459 188 517 stratis
211 469 308 518 eutem
331 459 464 518 omnibus
486 458 537 516 vix
559 459 718 534 quidquam
735 461 874 536 reperias,
898 463 977 537 quod
999 463 1056 520 dici
1073 472 1160 539 potu-

82 565 152 636 erit,
176 566 231 623 elsi
253 564 494 636 reficiebant,
517 565 599 622 cuius
619 566 702 622 verbi
724 565 819 641 prime
840 567 954 643 syllaba
975 579 1042 644 post
1060 569 1159 628 vires

82 671 175 728 facile
197 669 332 729 excidere
352 681 476 747 poterat.
544 667 639 746 (Ante
665 669 880 730 refecerant
904 673 1100 744 conlocaram,
1129 676 1158 732 iu

83 777 168 852 quod
205 777 291 834 video
318 777 406 834 etiam
437 776 707 834 Weissenbornium
739 777 883 838 incidisse.
952 778 1158 854 Imperfectum

83 902 149 940 rem
174 882 281 940 sensim
306 881 415 940 iactam
436 878 605 958 significat)

539 1186 618 1260 Lib.
645 1187 711 1260 III.

173 1397 247 1474 Cep.
275 1403 305 1466 1,
330 1402 356 1454 5.
400 1397 470 1455 Non
499 1397 594 1454 minus
625 1417 643 1454 a
673 1397 750 1455 Livii
775 1417 830 1455 usu
859 1417 947 1472 quam
970 1417 990 1456 a
1010 1398 1158 1458 Ciceronis

84 1503 141 1580 (de
170 1523 229 1578 quo
258 1503 318 1561 dixi
340 1502 449 1577 Opusc.
474 1503 567 1560 Acad.
590 1504 606 1560 Ι
627 1521 656 1578 p.
681 1506 846 1562 sau-338
876 1515 905 1560 et
935 1505 972 1560 ad
999 1504 1090 1562 libros
1122 1505 1158 1562 de

85 1613 136 1668 lin.
159 1629 188 1686 p.
214 1607 290 1685 570)
312 1610 470 1666 abhorrere
498 1608 612 1665 videtur
641 1610 703 1666 haec
733 1609 819 1666 trium
848 1609 1035 1684 (pluriumve)
1068 1627 1157 1668 mem·

85 1717 208 1774 brorum
240 1733 299 1772 unc
329 1714 403 1771 serie
434 1723 463 1770 et
494 1732 578 1787 aequo
599 1714 694 1788 gradu
721 1713 939 1772 coniunctorum
962 1714 1158 1772 enumeratio:

86 1821 253 1889 Antium,
293 1819 554 1895 propinquam,
598 1830 843 1895 opportunam
874 1829 908 1876 ct
940 1821 1157 1878 maritimam

86 1926 231 1992 urbem,
258 1924 429 1999 interposita
450 1925 525 1981 inter
545 1923 609 1982 sole
635 1935 766 1982 extrema
787 1925 931 2000 particula
952 1935 987 1982 et
1009 1927 1084 2000 (ac,
1107 1937 1158 1984 at·

85 2033 182 2106 que).
250 2031 328 2088 Nam
358 2037 386 2086 et
413 2029 553 2104 perpauci
574 2029 653 2105 apud
675 2049 741 2088 cum
762 2042 828 2088 sunt
848 2031 933 2088 huius
954 2032 1069 2106 generis
1093 2032 1162 2101 loci,

85 2137 201 2194 sicum
231 2133 465 2210 frequentissima
491 2135 533 2192 ita
562 2135 676 2192 dicendi
703 2137 920 2211 opportunitate
952 2144 980 2192 et
1007 2154 1072 2193 cum
1096 2136 1162 2194 aliis

85 2243 145 2298 tris
167 2241 290 2318 plurave
312 2241 444 2298 membra
464 2241 657 2316 coniungendi
680 2241 774 2298 modis
801 2241 956 2318 (asyndeto
978 2241 1158 2318 particulare

85 2347 193 2422 saepius
215 2345 320 2422 posita,
341 2346 468 2404 maxime
490 2347 606 2421 quidem
628 2347 707 2423 apud
730 2347 846 2406 Livium
866 2367 932 2423 que
946 2379 988 2390 -
1010 2349 1055 2421 et)
1078 2365 1158 2404 com·

87 2462 245 2528 parantur,
267 2459 295 2508 et
316 2451 346 2508 hi
368 2451 423 2527 ipsi
445 2471 582 2528 maguam
604 2461 717 2527 partem
738 2473 830 2528 nuper
851 2473 867 2510 e
889 2453 1037 2512 codicibus
1061 2473 1157 2510 emen-

86 2557 167 2628 dati,
195 2555 284 2614 ceteri
304 2555 365 2614 iere
388 2557 425 2614 ob
447 2557 521 2615 alias
543 2575 648 2616 causes
669 2569 720 2617 aut
740 2559 892 2634 perspicue
915 2559 1086 2616 emendandi
1107 2569 1157 2616 aut

85 2663 178 2720 dubii.
222 2661 364 2719 Indicabo
379 2679 490 2726 omncs,
501 2681 584 2736 quos,
601 2681 689 2738 quum
702 2683 761 2722 non
773 2665 954 2740 indiligenter
970 2665 1158 2737 attenderem,

87 2779 282 2845 pateream,
304 2786 389 2842 quem
407 2769 581 2844 proescripsi‚
603 2770 752 2828 adnotavi.
785 2771 845 2839 ΙΙΙ,
871 2774 917 2840 17,
934 2771 968 2827 32
989 2770 1159 2846 Iuppiter

86 2873 250 2949 optimus
274 2873 466 2945 maximus,
488 2875 581 2932 Iuno
603 2877 733 2951 regine
754 2885 788 2932 et
808 2876 988 2946 Minerva,
1016 2875 1084 2934 alii
1106 2877 1158 2934 dii

86 2979 235 3053 deoque
257 2979 493 3046 obsidentur,
559 2979 624 3037 Etsi
652 2983 741 3056 paulo
771 2982 846 3038 alius
872 2981 986 3056 generis
1008 2983 1054 3040 hic
1076 2983 1157 3040 locus

86 3095 151 3156 est,
188 3083 267 3159 quod
295 3103 353 3140 non
383 3084 514 3142 subsistit
541 3089 720 3144 enumeratio
749 3089 778 3145 in
800 3088 951 3157 Minerva,
985 3095 1083 3144 tamen
1106 3087 1157 3144 vix

87 3189 217 3247 dubitari
238 3197 351 3264 potest,
373 3189 442 3264 quin
465 3189 567 3248 Livius
588 3190 636 3248 hic
658 3191 838 3248 adeundam
863 3189 988 3248 formum
1010 3190 1158 3266 scripserit

87 3305 178 3370 atque
207 3295 269 3366 vl,
302 3297 356 3366 16,
380 3297 396 3352 2
420 3305 449 3352 et
469 3295 666 3367 XXXVIII,
689 3299 747 3364 51,
779 3299 796 3352 8
829 3296 885 3368 (ad
907 3297 1032 3354 Iovem
1055 3295 1092 3354 0.
1115 3297 1157 3354 Μ.

90 3402 341 3475 Iunonemque
373 3411 407 3458 et
437 3401 636 3458 Minervam
659 3411 880 3474 ceterosque
912 3402 1030 3474 deos),
1068 3420 1157 3477 quam

88 3515 245 3564 tenuerunt
265 3507 352 3564 etiam
375 3515 404 3562 et
424 3503 527 3562 Cicero
549 3523 604 3578 pro
626 3503 714 3560 domo
744 3523 769 3564 c.
794 3509 847 3576 57,
881 3510 935 3564 ¹44
965 3517 992 3564 et
1022 3506 1156 3564 Valerius

90 3614 172 3670 Max.
195 3613 234 3682 V,
259 3616 295 3669 to
320 3612 443 3669 domest.
467 3611 500 3679 2,
522 3621 644 3684 uterque
666 3609 704 3666 ob
729 3609 817 3668 eliam
839 3629 958 3670 causam
981 3631 999 3670 a
1021 3613 1157 3672 Draken-

90 3718 211 3776 borchio
233 3710 381 3789 citatus¹).
427 3715 483 3784 lv,
507 3714 544 3770 42
568 3713 630 3774 init.
664 3714 734 3773 Sex
756 3716 1007 3792 Tempanium,
1030 3719 1157 3780 A.Sel·

131 3883 288 3894 --.-

110 3967 136 4038 ¹)
163 3971 217 4032 tv,
236 3977 261 4030 ³,
281 3975 294 4022 7
314 3970 452 4020 iniurisiu
471 3969 520 4018 hec
539 3983 566 4018 re
584 3970 691 4031 citatum
715 3985 798 4034 neque
817 3973 884 4023 euim
903 3975 939 4024 ibi
957 3989 1009 4024 uns
1026 3977 1091 4026 seris
1109 3979 1158 4028 triu

162 4071 306 4130 pennatum
325 4063 371 4113 scd
384 4065 494 4128 primum
505 4062 538 4111 ad
549 4063 734 4126 procedentem
747 4065 922 4115 condIeiouem
940 4067 995 4117 lrsrc
1014 4068 1159 4121 referuntur

925 4153 957 4207 Β.
