2826 4640
609 258 665 314 561
1009 257 1067 310 Lib.
1080 255 1177 308 XLIV.

106 456 183 495 cem
205 436 401 514 planitiem
424 451 688 512 pervenerunt,
730 457 860 514 neque,
890 460 932 498 un
960 441 1121 499 infestus
1147 443 1177 500 is

106 543 213 602 loeus
235 551 348 612 esset,
381 551 515 618 smptus
538 544 717 619 undique,
750 544 1074 621 circumspiciendi
1096 566 1177 624 sps·

107 649 196 706 tium
218 646 296 704 tuit.
351 647 422 704 vix
458 650 602 706 tundens
632 668 675 708 ex
695 650 889 726 insperato
918 651 994 724 (cod.
1018 651 1080 709 vix
1101 663 1178 710 tsn-

107 754 185 812 dent
216 752 424 828 exspirsto)
457 755 630 812 stabilem
662 756 706 812 ud
744 755 992 814 insistendum
1032 758 1178 816 nunctis

108 861 229 920 lecum
245 868 395 935 postero
411 877 554 935 quoque
569 860 628 918 die
649 860 686 916 in
701 869 772 918 turn
788 879 879 919 esve
902 861 999 918 velle
1014 863 1177 939 opperiri

108 965 313 1043 Popillium
346 981 386 1020 se
407 963 562 1022 relictus
594 983 670 1023 cum
702 984 743 1024 eo
775 967 901 1043 copias
924 985 1076 1026 neeesse
1097 967 1176 1026 fuit.

107 1072 177 1132 Non
210 1070 364 1128 Liuianum
386 1069 692 1146 circumspicere,
725 1089 768 1128 en
799 1070 961 1130 infestus
993 1073 1041 1130 sit
1072 1073 1177 1134 loeus

112 1177 179 1254 (pro
202 1175 415 1234 infestusne
436 1184 487 1233 eut
508 1195 550 1234 ne
573 1175 760 1249 infestus);
791 1187 820 1234 et
838 1176 974 1236 infestum
996 1179 1096 1250 fuisse,
1125 1181 1177 1238 sd·

109 1284 170 1341 dite
192 1291 325 1356 surptus
348 1281 506 1357 undique
538 1290 567 1338 et
595 1281 630 1338 in
662 1291 733 1339 tem
769 1302 859 1341 esve
894 1284 993 1342 velle
1017 1284 1176 1348 declarent.

3 1409 19 1430 ·
109 1387 260 1448 Belkerus
288 1386 403 1460 quidem
434 1386 557 1464 saeptis
589 1381 678 1444 scribi
707 1389 813 1460 voluit3
844 1391 896 1446 sed
927 1389 1024 1464 ereptis
1046 1399 1176 1466 potestas

108 1492 358 1569 circumspiciendi
379 1492 470 1564 deest,
491 1511 549 1550 non
571 1493 698 1570 spatium
721 1495 877 1569 (tempus);
897 1513 949 1553 cur
969 1496 1095 1570 spatium
1117 1515 1176 1554 non

109 1599 206 1670 fuerit,
228 1599 370 1676 proximis
399 1599 564 1658 declaratur
592 1601 689 1658 verbis
715 1601 789 1674 (vix
822 1600 965 1657 tandem
991 1603 1083 1674 cet),
1112 1620 1176 1676 quse

109 1705 340 1780 interpungendo
362 1705 438 1762 mule
460 1706 499 1762 ed
520 1705 641 1763 alterum
664 1706 836 1764 sententium
859 1714 953 1762 trects
976 1715 1059 1774 sunt;
1081 1725 1176 1782 neque

110 1808 196 1880 enim,
218 1809 297 1884 quod
319 1809 368 1866 vix
391 1811 507 1870 tendent
538 1812 671 1870 stabilem
702 1811 798 1869 locum
820 1811 947 1870 Romani
976 1811 1054 1868 uncti
1083 1821 1175 1882 erant,

111 1915 237 1974 eobaeret
258 1933 322 1972 cum
345 1916 516 1974 necessitate
544 1917 698 1988 manendi,
720 1927 753 1974 ut
773 1915 865 1992 cupite
888 1917 995 1974 relietae
1017 1935 1175 1992 conseque·

110 2031 217 2078 rentur.
272 2023 307 2078 ln
329 2020 428 2078 codiee
464 2031 520 2078 est:
553 2033 805 2098 pervenerunt
841 2041 992 2097 nequam
1014 2021 1175 2080 infectus

111 2137 165 2187 etc.
210 2127 400 2186 scribendum
417 2126 507 2202 igitur
523 2138 567 2184 est
588 2147 646 2184 une
667 2127 769 2184 addite
785 2127 895 2185 littere:
917 2139 1175 2203 pervenerunt,

109 2250 189 2303 nee,
211 2251 318 2308 quam
340 2231 497 2290 infestus
518 2233 548 2290 is
570 2233 675 2290 locus
698 2243 808 2303 esset,
838 2242 976 2308 smptus
999 2233 1173 2308 undique,

108 2337 432 2414 circumspiciendi
453 2339 616 2414 spatium
638 2337 710 2396 fuit
730 2337 793 2394 vix
817 2337 960 2394 tandem
990 2357 1031 2396 ex
1054 2339 1174 2414 inspe-

107 2453 191 2502 rsto
213 2443 385 2502 stabilem
409 2441 1010 2502 adinsistendumnnnetisloeum.
1049 2445 1173 2502 Poste·

108 2569 148 2608 ro
179 2568 323 2625 quoque
355 2548 412 2606 die
434 2559 487 2609 cet.
530 2549 698 2608 Necessitas
726 2549 824 2606 stetim
856 2547 1054 2622 requiescendi
1084 2549 1174 2625 speti-

108 2675 157 2714 um
180 2654 428 2730 circumspiciendi
451 2654 567 2712 edemit.
671 2655 813 2712 Extremo
836 2671 954 2728 quoque
975 2654 1070 2730 capite
1090 2655 1117 2729 (ξ
1137 2657 1171 2712 12

107 2769 139 2818 et
157 2757 209 2838 13)
232 2759 342 2834 aliquid
364 2770 408 2818 est
429 2759 534 2816 mendi.
581 2758 631 2817 Sic
653 2759 729 2816 euim
751 2779 828 2817 nunc
849 2760 996 2818 scribitur:
1018 2757 1174 2838 (Romani)

108 2865 275 2942 degressi
298 2865 334 2922 in
360 2883 509 2942 campos
543 2865 640 2922 inter
663 2865 881 2924 Heracleum
903 2875 937 2924 et
960 2867 1173 2924 Libethrum

108 2980 314 3049 posuerunt
354 2980 480 3028 cestre
522 2970 700 3044 peditum,
737 2991 886 3046 quorum
930 2991 1014 3048 pers
1058 2973 1175 3030 meior

108 3077 270 3154 tumulos
299 3077 460 3146 tenebat,
490 3076 542 3134 ibi
575 3073 676 3132 vello
705 3075 782 3148 (eod.
808 3077 919 3154 velle)
951 3079 1069 3154 eempi
1092 3097 1173 3153 quo-

109 3203 177 3260 que
209 3193 366 3260 purtem,
399 3181 458 3240 ubi
487 3199 597 3257 eques
624 3180 808 3254 tenderet,
842 3183 1173 3259 amplectebantur.

109 3291 169 3352 Sed
201 3309 296 3366 neque
335 3288 498 3365 peditum
535 3297 673 3362 seperate
705 3301 802 3346 cestre
831 3309 958 3364 unqusm
991 3289 1174 3364 ponebantur

108 3394 204 3476 (quod
228 3397 253 3454 si
273 3397 370 3465 fieret,
402 3394 514 3469 pedites
536 3403 634 3450 cestre
653 3393 785 3468 posuisse
807 3394 979 3466 dicerentur,
1012 3413 1070 3451 non
1092 3393 1173 3469 pcdi-

108 3503 193 3576 tum),
214 3511 244 3560 et
264 3509 429 3577 repugnent
445 3499 591 3575 proxime,
613 3517 678 3573 quae
699 3499 800 3557 eedem
824 3511 920 3558 eastre
942 3499 1038 3574 campi
1060 3509 1173 3575 purtem

108 3607 263 3684 complexu
284 3623 348 3664 esse
370 3605 538 3674 ostendunt;
567 3615 628 3662 tum
650 3605 900 3680 perversissimum
923 3617 966 3664 est
987 3605 1053 3675 ibi,
1085 3605 1173 3680 quod,

42 3710 46 3720 '
109 3729 168 3786 quo
190 3709 342 3783 reseretur,
363 3730 422 3768 non
444 3711 541 3782 hebet,
569 3711 624 3768 nisi
644 3711 725 3768 dicus
746 3710 776 3767 in
801 3713 917 3770 tumulis
938 3721 1050 3788 purtem
1077 3711 1172 3786 csmpi

108 3815 188 3875 vello
211 3817 450 3893 comprehensum
478 3835 549 3874 esse.
599 3817 721 3892 Opincr,
745 3819 904 3893 peditum
928 3837 1033 3876 nomeu
1054 3825 1174 3892 propter

109 3923 269 3981 subiectam
292 3923 397 3998 equitis
419 3923 593 3982 mentionem
616 3925 745 3982 additum
769 3943 832 3982 csse
854 3927 891 3982 sb
914 3925 1022 4000 aliquo,
1048 3923 1093 3980 cui
1115 3941 1172 3978 nen

109 4029 182 4087 setis
204 4037 289 4100 esset,
325 4047 363 4086 ex
398 4029 464 4106 ipss
499 4049 531 4088 re
560 4030 690 4105 intelligi,
723 4031 863 4089 maiorem
896 4029 974 4088 illem
1011 4039 1171 4086 castrorum

138 4147 276 4186 servieus
279 4159 357 4185 ιιιιιι
373 4147 429 4187 tm.
935 4147 968 4190 se
