<?xml version="1.0" encoding="UTF-8"?>
<!DOCTYPE html PUBLIC "-//W3C//DTD XHTML 1.0 Transitional//EN"
    "http://www.w3.org/TR/xhtml1/DTD/xhtml1-transitional.dtd">
<html xmlns="http://www.w3.org/1999/xhtml" xml:lang="en" lang="en">
 <head>
  <title>
</title>
<meta http-equiv="Content-Type" content="text/html;charset=utf-8" />
  <meta name='ocr-system' content='tesseract 3.04.00' />
  <meta name='ocr-capabilities' content='ocr_page ocr_carea ocr_par ocr_line ocrx_word'/>
</head>
<body>
  <div class='ocr_page' id='page_1' title='image "./emendationesliv02madvgoog_0214.png"; bbox 0 0 2800 4646; ppageno 0'>
   <div class='ocr_carea' id='block_1_1' title="bbox 558 273 617 330">
    <p class='ocr_par' dir='ltr' id='par_1_1' title="bbox 558 273 617 330">
     <span class='ocr_line' id='line_1_1' title="bbox 558 273 617 330; baseline 0 0"><span class='ocrx_word' id='word_1_1' title='bbox 558 273 617 330; x_wconf 76' lang='lat'>205</span> 
     </span>
    </p>
   </div>
   <div class='ocr_carea' id='block_1_2' title="bbox 50 454 1119 3382">
    <p class='ocr_par' dir='ltr' id='par_1_2' title="bbox 52 454 1119 1994">
     <span class='ocr_line' id='line_1_2' title="bbox 54 454 1119 531; baseline 0.005 -20"><span class='ocrx_word' id='word_1_2' title='bbox 54 474 122 512; x_wconf 88' lang='lat' dir='ltr'>eeus</span> <span class='ocrx_word' id='word_1_3' title='bbox 146 457 204 527; x_wconf 87' lang='grc' dir='ltr'>(Μ)</span> <span class='ocrx_word' id='word_1_4' title='bbox 226 475 284 514; x_wconf 85' lang='lat' dir='ltr'>sec.</span> <span class='ocrx_word' id='word_1_5' title='bbox 303 457 351 514; x_wconf 83' lang='lat' dir='ltr'>XI</span> <span class='ocrx_word' id='word_1_6' title='bbox 383 457 425 526; x_wconf 85' lang='lat' dir='ltr'>(in</span> <span class='ocrx_word' id='word_1_7' title='bbox 446 457 509 514; x_wconf 84' lang='lat' dir='ltr'>libr.</span> <span class='ocrx_word' id='word_1_8' title='bbox 532 455 644 526; x_wconf 90' lang='lat' dir='ltr'>XXX,</span> <span class='ocrx_word' id='word_1_9' title='bbox 678 458 727 526; x_wconf 82' lang='lat'>26,</span> <span class='ocrx_word' id='word_1_10' title='bbox 766 458 801 512; x_wconf 84' lang='lat'>10</span> <span class='ocrx_word' id='word_1_11' title='bbox 834 454 1004 531; x_wconf 86' lang='lat' dir='ltr'>deficiens),</span> <span class='ocrx_word' id='word_1_12' title='bbox 1037 459 1119 516; x_wconf 89' lang='lat' dir='ltr'>cuius</span> 
     </span>
     <span class='ocr_line' id='line_1_3' title="bbox 55 531 1118 638; baseline 0.005 -22"><span class='ocrx_word' id='word_1_13' title='bbox 55 562 215 637; x_wconf 85' lang='lat' dir='ltr'>scripturus</span> <span class='ocrx_word' id='word_1_14' title='bbox 237 581 256 618; x_wconf 83' lang='lat' dir='ltr'>e</span> <span class='ocrx_word' id='word_1_15' title='bbox 277 562 408 622; x_wconf 78' lang='lat' dir='ltr'>Salvinio</span> <span class='ocrx_word' id='word_1_16' title='bbox 438 561 509 618; x_wconf 88' lang='lat' dir='ltr'>satis</span> <span class='ocrx_word' id='word_1_17' title='bbox 539 561 718 638; x_wconf 79' lang='lat' dir='ltr'>negligenter</span> <span class='ocrx_word' id='word_1_18' title='bbox 745 569 898 636; x_wconf 83' lang='lat' dir='ltr'>excerptas</span> <span class='ocrx_word' id='word_1_19' title='bbox 925 531 1118 621; x_wconf 76' lang='lat' dir='ltr'>Drelienbor·</span> 
     </span>
     <span class='ocr_line' id='line_1_4' title="bbox 55 665 1117 744; baseline 0.002 -20"><span class='ocrx_word' id='word_1_20' title='bbox 55 667 137 724; x_wconf 86' lang='lat' dir='ltr'>chius</span> <span class='ocrx_word' id='word_1_21' title='bbox 165 666 255 743; x_wconf 86' lang='lat' dir='ltr'>(epod</span> <span class='ocrx_word' id='word_1_22' title='bbox 284 685 370 742; x_wconf 89' lang='lat' dir='ltr'>qoem</span> <span class='ocrx_word' id='word_1_23' title='bbox 396 665 581 725; x_wconf 86' lang='lat' dir='ltr'>Florentinus</span> <span class='ocrx_word' id='word_1_24' title='bbox 613 667 787 743; x_wconf 75' lang='lat' dir='ltr'>appelletur)</span> <span class='ocrx_word' id='word_1_25' title='bbox 818 667 965 742; x_wconf 83' lang='lat' dir='ltr'>vulgavit,</span> <span class='ocrx_word' id='word_1_26' title='bbox 1003 677 1117 744; x_wconf 83' lang='lat' dir='ltr'>partem</span> 
     </span>
     <span class='ocr_line' id='line_1_5' title="bbox 55 771 1117 846; baseline 0.004 -19"><span class='ocrx_word' id='word_1_27' title='bbox 55 771 183 846; x_wconf 85' lang='lat' dir='ltr'>priorem</span> <span class='ocrx_word' id='word_1_28' title='bbox 209 771 275 829; x_wconf 85' lang='lat' dir='ltr'>libri</span> <span class='ocrx_word' id='word_1_29' title='bbox 289 773 369 830; x_wconf 86' lang='lat' dir='ltr'>XXI</span> <span class='ocrx_word' id='word_1_30' title='bbox 386 773 489 830; x_wconf 89' lang='lat' dir='ltr'>iterum</span> <span class='ocrx_word' id='word_1_31' title='bbox 510 772 713 832; x_wconf 83' lang='lat' dir='ltr'>Alschefskius</span> <span class='ocrx_word' id='word_1_32' title='bbox 731 772 861 840; x_wconf 85' lang='lat' dir='ltr'>contulit,</span> <span class='ocrx_word' id='word_1_33' title='bbox 883 785 912 830; x_wconf 86' lang='lat' dir='ltr'>et</span> <span class='ocrx_word' id='word_1_34' title='bbox 933 771 1117 831; x_wconf 86' lang='lat' dir='ltr'>Colbertinus</span> 
     </span>
     <span class='ocr_line' id='line_1_6' title="bbox 56 874 1117 954; baseline 0.004 -22"><span class='ocrx_word' id='word_1_35' title='bbox 56 874 105 946; x_wconf 73' lang='lat' dir='ltr'>(C,</span> <span class='ocrx_word' id='word_1_36' title='bbox 128 876 317 948; x_wconf 85' lang='lat' dir='ltr'>Perisiensis,</span> <span class='ocrx_word' id='word_1_37' title='bbox 345 897 410 936; x_wconf 85' lang='lat' dir='ltr'>soec.</span> <span class='ocrx_word' id='word_1_38' title='bbox 441 874 535 953; x_wconf 86' lang='lat' dir='ltr'>XII),</span> <span class='ocrx_word' id='word_1_39' title='bbox 564 878 644 936; x_wconf 91' lang='lat' dir='ltr'>cuius</span> <span class='ocrx_word' id='word_1_40' title='bbox 673 880 832 954; x_wconf 83' lang='lat' dir='ltr'>scripturas</span> <span class='ocrx_word' id='word_1_41' title='bbox 860 877 1060 936; x_wconf 79' lang='lat' dir='ltr'>Alschefskius</span> <span class='ocrx_word' id='word_1_42' title='bbox 1087 879 1117 936; x_wconf 93' lang='lat' dir='ltr'>in</span> 
     </span>
     <span class='ocr_line' id='line_1_7' title="bbox 55 981 1117 1059; baseline 0.004 -21"><span class='ocrx_word' id='word_1_43' title='bbox 55 981 137 1040; x_wconf 86' lang='lat' dir='ltr'>libris</span> <span class='ocrx_word' id='word_1_44' title='bbox 158 983 250 1054; x_wconf 81' lang='lat' dir='ltr'>XXI,</span> <span class='ocrx_word' id='word_1_45' title='bbox 272 985 379 1054; x_wconf 90' lang='lat' dir='ltr'>XXII,</span> <span class='ocrx_word' id='word_1_46' title='bbox 402 984 517 1042; x_wconf 92' lang='lat' dir='ltr'>XXIII</span> <span class='ocrx_word' id='word_1_47' title='bbox 538 983 666 1059; x_wconf 72' lang='lat' dir='ltr'>integras</span> <span class='ocrx_word' id='word_1_48' title='bbox 688 985 767 1042; x_wconf 83' lang='lat' dir='ltr'>dedit</span> <span class='ocrx_word' id='word_1_49' title='bbox 790 1004 808 1041; x_wconf 89' lang='lat' dir='ltr'>e</span> <span class='ocrx_word' id='word_1_50' title='bbox 831 1003 862 1042; x_wconf 82' lang='lat' dir='ltr'>se</span> <span class='ocrx_word' id='word_1_51' title='bbox 883 984 964 1059; x_wconf 92' lang='lat' dir='ltr'>ipso,</span> <span class='ocrx_word' id='word_1_52' title='bbox 991 985 1020 1042; x_wconf 91' lang='lat' dir='ltr'>in</span> <span class='ocrx_word' id='word_1_53' title='bbox 1051 985 1117 1042; x_wconf 89' lang='lat' dir='ltr'>libri</span> 
     </span>
     <span class='ocr_line' id='line_1_8' title="bbox 55 1089 1118 1166; baseline 0.005 -22"><span class='ocrx_word' id='word_1_54' title='bbox 55 1089 154 1145; x_wconf 84' lang='lat' dir='ltr'>XXX</span> <span class='ocrx_word' id='word_1_55' title='bbox 176 1107 213 1146; x_wconf 81' lang='lat' dir='ltr'>es</span> <span class='ocrx_word' id='word_1_56' title='bbox 233 1099 333 1164; x_wconf 86' lang='lat' dir='ltr'>perte,</span> <span class='ocrx_word' id='word_1_57' title='bbox 365 1108 429 1164; x_wconf 80' lang='lat' dir='ltr'>quae</span> <span class='ocrx_word' id='word_1_58' title='bbox 459 1089 488 1146; x_wconf 90' lang='lat' dir='ltr'>iu</span> <span class='ocrx_word' id='word_1_59' title='bbox 516 1091 666 1147; x_wconf 88' lang='lat' dir='ltr'>Puteeneo</span> <span class='ocrx_word' id='word_1_60' title='bbox 693 1091 889 1160; x_wconf 80' lang='lat' dir='ltr'>desideretur,</span> <span class='ocrx_word' id='word_1_61' title='bbox 920 1089 1076 1166; x_wconf 85' lang='lat' dir='ltr'>pleresque</span> <span class='ocrx_word' id='word_1_62' title='bbox 1099 1111 1118 1148; x_wconf 83' lang='lat' dir='ltr'>s</span> 
     </span>
     <span class='ocr_line' id='line_1_9' title="bbox 54 1193 1117 1271; baseline 0.005 -22"><span class='ocrx_word' id='word_1_63' title='bbox 54 1193 172 1250; x_wconf 85' lang='lat' dir='ltr'>lllillero</span> <span class='ocrx_word' id='word_1_64' title='bbox 202 1203 328 1255; x_wconf 79' lang='lat' dir='ltr'>notatas.</span> <span class='ocrx_word' id='word_1_65' title='bbox 387 1196 442 1253; x_wconf 87' lang='lat' dir='ltr'>His</span> <span class='ocrx_word' id='word_1_66' title='bbox 479 1194 645 1270; x_wconf 80' lang='lat' dir='ltr'>adiungitur</span> <span class='ocrx_word' id='word_1_67' title='bbox 676 1195 900 1270; x_wconf 84' lang='lat' dir='ltr'>Bembergensis</span> <span class='ocrx_word' id='word_1_68' title='bbox 932 1196 982 1268; x_wconf 91' lang='lat' dir='ltr'>(B)</span> <span class='ocrx_word' id='word_1_69' title='bbox 1012 1196 1117 1271; x_wconf 86' lang='lat' dir='ltr'>aliquis</span> 
     </span>
     <span class='ocr_line' id='line_1_10' title="bbox 55 1299 1116 1376; baseline 0.005 -22"><span class='ocrx_word' id='word_1_70' title='bbox 55 1301 84 1370; x_wconf 77' lang='lat' dir='ltr'>(a</span> <span class='ocrx_word' id='word_1_71' title='bbox 107 1299 174 1356; x_wconf 88' lang='lat' dir='ltr'>libri</span> <span class='ocrx_word' id='word_1_72' title='bbox 195 1300 307 1358; x_wconf 84' lang='lat' dir='ltr'>XXIV</span> <span class='ocrx_word' id='word_1_73' title='bbox 329 1319 353 1358; x_wconf 89' lang='lat' dir='ltr'>c.</span> <span class='ocrx_word' id='word_1_74' title='bbox 379 1305 394 1358; x_wconf 83' lang='lat'><strong>7</strong></span> <span class='ocrx_word' id='word_1_75' title='bbox 419 1300 562 1373; x_wconf 84' lang='lat' dir='ltr'>ordiens),</span> <span class='ocrx_word' id='word_1_76' title='bbox 592 1299 672 1358; x_wconf 84' lang='lat' dir='ltr'>cuius</span> <span class='ocrx_word' id='word_1_77' title='bbox 703 1301 860 1376; x_wconf 78' lang='lat' dir='ltr'>scripturos</span> <span class='ocrx_word' id='word_1_78' title='bbox 889 1301 918 1358; x_wconf 94' lang='lat' dir='ltr'>in</span> <span class='ocrx_word' id='word_1_79' title='bbox 941 1301 1005 1358; x_wconf 85' lang='lat' dir='ltr'>aliis</span> <span class='ocrx_word' id='word_1_80' title='bbox 1036 1301 1116 1360; x_wconf 86' lang='lat' dir='ltr'>libris</span> 
     </span>
     <span class='ocr_line' id='line_1_11' title="bbox 55 1405 1116 1482; baseline 0.003 -20"><span class='ocrx_word' id='word_1_81' title='bbox 55 1405 156 1474; x_wconf 80' lang='lat' dir='ltr'>Fabri,</span> <span class='ocrx_word' id='word_1_82' title='bbox 178 1405 208 1462; x_wconf 89' lang='lat' dir='ltr'>in</span> <span class='ocrx_word' id='word_1_83' title='bbox 232 1417 363 1463; x_wconf 84' lang='lat' dir='ltr'>extreme</span> <span class='ocrx_word' id='word_1_84' title='bbox 383 1415 467 1482; x_wconf 82' lang='lat' dir='ltr'>parte</span> <span class='ocrx_word' id='word_1_85' title='bbox 489 1406 554 1463; x_wconf 92' lang='lat' dir='ltr'>libri</span> <span class='ocrx_word' id='word_1_86' title='bbox 573 1405 669 1464; x_wconf 90' lang='lat' dir='ltr'>XXX</span> <span class='ocrx_word' id='word_1_87' title='bbox 687 1406 788 1464; x_wconf 85' lang='lat' dir='ltr'>eodem</span> <span class='ocrx_word' id='word_1_88' title='bbox 812 1405 899 1464; x_wconf 90' lang='lat' dir='ltr'>modo</span> <span class='ocrx_word' id='word_1_89' title='bbox 913 1406 1116 1465; x_wconf 81' lang='lat' dir='ltr'>Alschefskius</span> 
     </span>
     <span class='ocr_line' id='line_1_12' title="bbox 55 1511 1116 1588; baseline 0.003 -24"><span class='ocrx_word' id='word_1_90' title='bbox 55 1511 196 1586; x_wconf 77' lang='lat' dir='ltr'>vulgavit.</span> <span class='ocrx_word' id='word_1_91' title='bbox 240 1513 286 1569; x_wconf 91' lang='lat' dir='ltr'>De</span> <span class='ocrx_word' id='word_1_92' title='bbox 308 1511 550 1588; x_wconf 79' lang='lat' dir='ltr'>Cantabrigiensi,</span> <span class='ocrx_word' id='word_1_93' title='bbox 577 1531 596 1568; x_wconf 86' lang='lat' dir='ltr'>a</span> <span class='ocrx_word' id='word_1_94' title='bbox 617 1513 727 1570; x_wconf 83' lang='lat' dir='ltr'>Iacobo</span> <span class='ocrx_word' id='word_1_95' title='bbox 751 1511 903 1571; x_wconf 87' lang='lat' dir='ltr'>Gronovio</span> <span class='ocrx_word' id='word_1_96' title='bbox 926 1511 973 1568; x_wconf 90' lang='lat' dir='ltr'>hic</span> <span class='ocrx_word' id='word_1_97' title='bbox 993 1511 1051 1568; x_wconf 92' lang='lat' dir='ltr'>illic</span> <span class='ocrx_word' id='word_1_98' title='bbox 1073 1512 1116 1567; x_wconf 92' lang='lat' dir='ltr'>in·</span> 
     </span>
     <span class='ocr_line' id='line_1_13' title="bbox 54 1616 1116 1690; baseline 0.002 -18"><span class='ocrx_word' id='word_1_99' title='bbox 54 1625 165 1690; x_wconf 86' lang='lat' dir='ltr'>specto,</span> <span class='ocrx_word' id='word_1_100' title='bbox 188 1616 243 1673; x_wconf 86' lang='lat' dir='ltr'>etsi</span> <span class='ocrx_word' id='word_1_101' title='bbox 265 1617 302 1674; x_wconf 85' lang='lat' dir='ltr'>ed</span> <span class='ocrx_word' id='word_1_102' title='bbox 324 1617 458 1675; x_wconf 85' lang='lat' dir='ltr'>meliores</span> <span class='ocrx_word' id='word_1_103' title='bbox 480 1617 616 1686; x_wconf 87' lang='lat' dir='ltr'>inclinet,</span> <span class='ocrx_word' id='word_1_104' title='bbox 638 1619 777 1676; x_wconf 85' lang='lat' dir='ltr'>incertum</span> <span class='ocrx_word' id='word_1_105' title='bbox 801 1625 844 1673; x_wconf 89' lang='lat' dir='ltr'>est</span> <span class='ocrx_word' id='word_1_106' title='bbox 865 1617 1018 1687; x_wconf 88' lang='lat' dir='ltr'>iudicium,</span> <span class='ocrx_word' id='word_1_107' title='bbox 1047 1635 1116 1674; x_wconf 89' lang='lat' dir='ltr'>usus</span> 
     </span>
     <span class='ocr_line' id='line_1_14' title="bbox 53 1721 1115 1797; baseline 0.002 -19"><span class='ocrx_word' id='word_1_108' title='bbox 53 1722 240 1796; x_wconf 78' lang='lat' dir='ltr'>perexiguus.</span> <span class='ocrx_word' id='word_1_109' title='bbox 287 1721 392 1792; x_wconf 86' lang='lat' dir='ltr'>Ceteri,</span> <span class='ocrx_word' id='word_1_110' title='bbox 425 1723 474 1797; x_wconf 92' lang='lat' dir='ltr'>qui</span> <span class='ocrx_word' id='word_1_111' title='bbox 495 1724 691 1794; x_wconf 87' lang='lat' dir='ltr'>innotuerunt,</span> <span class='ocrx_word' id='word_1_112' title='bbox 721 1731 850 1780; x_wconf 81' lang='lat' dir='ltr'>recentes</span> <span class='ocrx_word' id='word_1_113' title='bbox 875 1741 984 1790; x_wconf 90' lang='lat' dir='ltr'>omnes,</span> <span class='ocrx_word' id='word_1_114' title='bbox 1007 1723 1115 1780; x_wconf 91' lang='lat' dir='ltr'>nullum</span> 
     </span>
     <span class='ocr_line' id='line_1_15' title="bbox 53 1827 1116 1904; baseline 0.003 -21"><span class='ocrx_word' id='word_1_115' title='bbox 53 1845 180 1902; x_wconf 81' lang='lat' dir='ltr'>usquam</span> <span class='ocrx_word' id='word_1_116' title='bbox 201 1838 379 1884; x_wconf 88' lang='lat' dir='ltr'>momentum</span> <span class='ocrx_word' id='word_1_117' title='bbox 404 1827 528 1898; x_wconf 80' lang='lat' dir='ltr'>faciuut3</span> <span class='ocrx_word' id='word_1_118' title='bbox 551 1828 822 1904; x_wconf 78' lang='lat' dir='ltr'>interpolationibus</span> <span class='ocrx_word' id='word_1_119' title='bbox 844 1828 1006 1885; x_wconf 83' lang='lat' dir='ltr'>temerariis</span> <span class='ocrx_word' id='word_1_120' title='bbox 1029 1828 1116 1886; x_wconf 91' lang='lat' dir='ltr'>inter·</span> 
     </span>
     <span class='ocr_line' id='line_1_16' title="bbox 52 1931 1116 1994; baseline 0.003 -4"><span class='ocrx_word' id='word_1_121' title='bbox 52 1934 162 1990; x_wconf 84' lang='lat' dir='ltr'>mixtas</span> <span class='ocrx_word' id='word_1_122' title='bbox 182 1933 291 1990; x_wconf 87' lang='lat' dir='ltr'>hebent</span> <span class='ocrx_word' id='word_1_123' title='bbox 313 1931 359 1989; x_wconf 90' lang='lat' dir='ltr'>hic</span> <span class='ocrx_word' id='word_1_124' title='bbox 382 1931 439 1989; x_wconf 89' lang='lat' dir='ltr'>illio</span> <span class='ocrx_word' id='word_1_125' title='bbox 455 1933 598 1991; x_wconf 85' lang='lat' dir='ltr'>minorum</span> <span class='ocrx_word' id='word_1_126' title='bbox 618 1935 787 1992; x_wconf 85' lang='lat' dir='ltr'>mendorum</span> <span class='ocrx_word' id='word_1_127' title='bbox 805 1951 891 1990; x_wconf 83' lang='lat' dir='ltr'>veras</span> <span class='ocrx_word' id='word_1_128' title='bbox 913 1935 1116 1994; x_wconf 79' lang='lat' dir='ltr'>correctiones.</span> 
     </span>
    </p>

    <p class='ocr_par' dir='ltr' id='par_1_3' title="bbox 50 2038 1117 3382">
     <span class='ocr_line' id='line_1_17' title="bbox 138 2038 1117 2116; baseline 0.002 -20"><span class='ocrx_word' id='word_1_129' title='bbox 138 2038 256 2096; x_wconf 83' lang='lat' dir='ltr'>Codicis</span> <span class='ocrx_word' id='word_1_130' title='bbox 288 2038 430 2096; x_wconf 87' lang='lat' dir='ltr'>Puteenei</span> <span class='ocrx_word' id='word_1_131' title='bbox 451 2040 620 2114; x_wconf 70' lang='lat' dir='ltr'>prestantia</span> <span class='ocrx_word' id='word_1_132' title='bbox 647 2041 772 2098; x_wconf 85' lang='lat' dir='ltr'>cernitar</span> <span class='ocrx_word' id='word_1_133' title='bbox 800 2058 858 2096; x_wconf 90' lang='lat' dir='ltr'>non</span> <span class='ocrx_word' id='word_1_134' title='bbox 879 2040 985 2116; x_wconf 82' lang='lat' dir='ltr'>peritia</span> <span class='ocrx_word' id='word_1_135' title='bbox 1006 2041 1117 2100; x_wconf 81' lang='lat' dir='ltr'>librarii</span> 
     </span>
     <span class='ocr_line' id='line_1_18' title="bbox 51 2144 1116 2221; baseline 0.003 -19"><span class='ocrx_word' id='word_1_136' title='bbox 51 2145 167 2220; x_wconf 75' lang='lat' dir='ltr'>(ipsius,</span> <span class='ocrx_word' id='word_1_137' title='bbox 198 2144 249 2219; x_wconf 90' lang='lat' dir='ltr'>qui</span> <span class='ocrx_word' id='word_1_138' title='bbox 269 2144 345 2201; x_wconf 88' lang='lat' dir='ltr'>hunc</span> <span class='ocrx_word' id='word_1_139' title='bbox 366 2144 496 2220; x_wconf 80' lang='lat' dir='ltr'>scripsit,</span> <span class='ocrx_word' id='word_1_140' title='bbox 519 2155 570 2202; x_wconf 86' lang='lat' dir='ltr'>eut</span> <span class='ocrx_word' id='word_1_141' title='bbox 591 2165 700 2217; x_wconf 89' lang='lat' dir='ltr'>eorum,</span> <span class='ocrx_word' id='word_1_142' title='bbox 723 2145 827 2220; x_wconf 90' lang='lat' dir='ltr'>quibus</span> <span class='ocrx_word' id='word_1_143' title='bbox 849 2146 999 2221; x_wconf 86' lang='lat' dir='ltr'>successit)</span> <span class='ocrx_word' id='word_1_144' title='bbox 1022 2166 1058 2205; x_wconf 87' lang='lat' dir='ltr'>ec</span> <span class='ocrx_word' id='word_1_145' title='bbox 1080 2167 1116 2206; x_wconf 89' lang='lat' dir='ltr'>ne</span> 
     </span>
     <span class='ocr_line' id='line_1_19' title="bbox 51 2249 1116 2328; baseline 0.002 -20"><span class='ocrx_word' id='word_1_146' title='bbox 51 2250 204 2328; x_wconf 82' lang='lat' dir='ltr'>diligentie</span> <span class='ocrx_word' id='word_1_147' title='bbox 234 2249 349 2325; x_wconf 91' lang='lat' dir='ltr'>quidem</span> <span class='ocrx_word' id='word_1_148' title='bbox 378 2258 430 2307; x_wconf 83' lang='lat' dir='ltr'>aut</span> <span class='ocrx_word' id='word_1_149' title='bbox 456 2249 595 2324; x_wconf 84' lang='lat' dir='ltr'>religione</span> <span class='ocrx_word' id='word_1_150' title='bbox 617 2251 772 2321; x_wconf 90' lang='lat' dir='ltr'>eiusmodi,</span> <span class='ocrx_word' id='word_1_151' title='bbox 803 2269 890 2326; x_wconf 87' lang='lat' dir='ltr'>quem</span> <span class='ocrx_word' id='word_1_152' title='bbox 913 2253 1116 2310; x_wconf 89' lang='lat' dir='ltr'>nonnullorum</span> 
     </span>
     <span class='ocr_line' id='line_1_20' title="bbox 51 2355 1117 2432; baseline 0 -19"><span class='ocrx_word' id='word_1_153' title='bbox 51 2356 190 2432; x_wconf 91' lang='lat' dir='ltr'>opinione</span> <span class='ocrx_word' id='word_1_154' title='bbox 212 2366 242 2412; x_wconf 87' lang='lat' dir='ltr'>et</span> <span class='ocrx_word' id='word_1_155' title='bbox 262 2356 394 2414; x_wconf 86' lang='lat' dir='ltr'>cretione</span> <span class='ocrx_word' id='word_1_156' title='bbox 415 2355 499 2412; x_wconf 91' lang='lat' dir='ltr'>huius</span> <span class='ocrx_word' id='word_1_157' title='bbox 524 2365 552 2412; x_wconf 85' lang='lat' dir='ltr'>et</span> <span class='ocrx_word' id='word_1_158' title='bbox 573 2355 707 2414; x_wconf 88' lang='lat' dir='ltr'>similium</span> <span class='ocrx_word' id='word_1_159' title='bbox 730 2356 860 2412; x_wconf 90' lang='lat' dir='ltr'>codicum</span> <span class='ocrx_word' id='word_1_160' title='bbox 882 2355 1008 2412; x_wconf 83' lang='lat' dir='ltr'>librariis</span> <span class='ocrx_word' id='word_1_161' title='bbox 1030 2355 1117 2413; x_wconf 90' lang='lat' dir='ltr'>tribui</span> 
     </span>
     <span class='ocr_line' id='line_1_21' title="bbox 51 2461 1117 2538; baseline -0.001 -20"><span class='ocrx_word' id='word_1_162' title='bbox 51 2463 151 2531; x_wconf 79' lang='lat' dir='ltr'>video,</span> <span class='ocrx_word' id='word_1_163' title='bbox 175 2462 227 2518; x_wconf 89' lang='lat' dir='ltr'>sed</span> <span class='ocrx_word' id='word_1_164' title='bbox 242 2480 330 2536; x_wconf 92' lang='lat' dir='ltr'>quum</span> <span class='ocrx_word' id='word_1_165' title='bbox 346 2461 411 2538; x_wconf 87' lang='lat' dir='ltr'>ipse</span> <span class='ocrx_word' id='word_1_166' title='bbox 426 2461 608 2535; x_wconf 82' lang='lat' dir='ltr'>antiquitate,</span> <span class='ocrx_word' id='word_1_167' title='bbox 630 2463 685 2519; x_wconf 91' lang='lat' dir='ltr'>hoc</span> <span class='ocrx_word' id='word_1_168' title='bbox 708 2471 752 2518; x_wconf 89' lang='lat' dir='ltr'>est</span> <span class='ocrx_word' id='word_1_169' title='bbox 772 2461 887 2518; x_wconf 82' lang='lat' dir='ltr'>errandi</span> <span class='ocrx_word' id='word_1_170' title='bbox 911 2478 1001 2516; x_wconf 82' lang='lat' dir='ltr'>cause</span> <span class='ocrx_word' id='word_1_171' title='bbox 1022 2461 1117 2518; x_wconf 87' lang='lat' dir='ltr'>minus</span> 
     </span>
     <span class='ocr_line' id='line_1_22' title="bbox 51 2565 1117 2643; baseline -0.002 -17"><span class='ocrx_word' id='word_1_172' title='bbox 51 2567 255 2643; x_wconf 86' lang='lat' dir='ltr'>multiplicata,</span> <span class='ocrx_word' id='word_1_173' title='bbox 286 2577 347 2624; x_wconf 89' lang='lat' dir='ltr'>torn</span> <span class='ocrx_word' id='word_1_174' title='bbox 368 2586 439 2625; x_wconf 81' lang='lat' dir='ltr'>vcro</span> <span class='ocrx_word' id='word_1_175' title='bbox 461 2567 589 2625; x_wconf 85' lang='lat' dir='ltr'>maxime</span> <span class='ocrx_word' id='word_1_176' title='bbox 607 2587 652 2637; x_wconf 84' lang='lat' dir='ltr'>ea,</span> <span class='ocrx_word' id='word_1_177' title='bbox 682 2587 746 2642; x_wconf 80' lang='lat' dir='ltr'>quse</span> <span class='ocrx_word' id='word_1_178' title='bbox 767 2585 832 2624; x_wconf 85' lang='lat' dir='ltr'>curn</span> <span class='ocrx_word' id='word_1_179' title='bbox 855 2574 940 2623; x_wconf 77' lang='lat' dir='ltr'>estete</span> <span class='ocrx_word' id='word_1_180' title='bbox 963 2565 1117 2624; x_wconf 84' lang='lat' dir='ltr'>coniuncte</span> 
     </span>
     <span class='ocr_line' id='line_1_23' title="bbox 51 2671 1116 2748; baseline -0.001 -18"><span class='ocrx_word' id='word_1_181' title='bbox 51 2683 104 2744; x_wconf 86' lang='lat' dir='ltr'>est,</span> <span class='ocrx_word' id='word_1_182' title='bbox 127 2672 248 2730; x_wconf 83' lang='lat' dir='ltr'>errandi</span> <span class='ocrx_word' id='word_1_183' title='bbox 273 2681 361 2748; x_wconf 89' lang='lat' dir='ltr'>etque</span> <span class='ocrx_word' id='word_1_184' title='bbox 383 2674 469 2731; x_wconf 85' lang='lat' dir='ltr'>etism</span> <span class='ocrx_word' id='word_1_185' title='bbox 497 2673 705 2748; x_wconf 88' lang='lat' dir='ltr'>interpolsndi,</span> <span class='ocrx_word' id='word_1_186' title='bbox 737 2672 785 2728; x_wconf 91' lang='lat' dir='ltr'>ubi</span> <span class='ocrx_word' id='word_1_187' title='bbox 812 2671 997 2746; x_wconf 83' lang='lat' dir='ltr'>interpolatio</span> <span class='ocrx_word' id='word_1_188' title='bbox 1029 2672 1116 2730; x_wconf 88' lang='lat' dir='ltr'>inter-</span> 
     </span>
     <span class='ocr_line' id='line_1_24' title="bbox 50 2777 1116 2854; baseline 0.002 -22"><span class='ocrx_word' id='word_1_189' title='bbox 50 2779 146 2847; x_wconf 78' lang='lat' dir='ltr'>venit,</span> <span class='ocrx_word' id='word_1_190' title='bbox 176 2777 359 2852; x_wconf 76' lang='lat' dir='ltr'>simplicitate</span> <span class='ocrx_word' id='word_1_191' title='bbox 388 2789 417 2836; x_wconf 87' lang='lat' dir='ltr'>et</span> <span class='ocrx_word' id='word_1_192' title='bbox 442 2779 537 2854; x_wconf 86' lang='lat' dir='ltr'>prima</span> <span class='ocrx_word' id='word_1_193' title='bbox 564 2778 669 2838; x_wconf 80' lang='lat' dir='ltr'>forma.</span> <span class='ocrx_word' id='word_1_194' title='bbox 717 2778 795 2835; x_wconf 86' lang='lat' dir='ltr'>Nem</span> <span class='ocrx_word' id='word_1_195' title='bbox 818 2796 854 2834; x_wconf 86' lang='lat' dir='ltr'>ex</span> <span class='ocrx_word' id='word_1_196' title='bbox 877 2778 1116 2852; x_wconf 77' lang='lat' dir='ltr'>praestantissimo</span> 
     </span>
     <span class='ocr_line' id='line_1_25' title="bbox 51 2883 1115 2958; baseline 0.001 -18"><span class='ocrx_word' id='word_1_197' title='bbox 51 2886 115 2952; x_wconf 89' lang='lat' dir='ltr'>hoc,</span> <span class='ocrx_word' id='word_1_198' title='bbox 144 2883 171 2940; x_wconf 89' lang='lat' dir='ltr'>si</span> <span class='ocrx_word' id='word_1_199' title='bbox 196 2902 261 2940; x_wconf 88' lang='lat' dir='ltr'>cum</span> <span class='ocrx_word' id='word_1_200' title='bbox 284 2885 386 2942; x_wconf 81' lang='lat' dir='ltr'>ceteris</span> <span class='ocrx_word' id='word_1_201' title='bbox 408 2893 611 2958; x_wconf 85' lang='lat' dir='ltr'>comparetur,</span> <span class='ocrx_word' id='word_1_202' title='bbox 633 2884 670 2940; x_wconf 85' lang='lat' dir='ltr'>ed</span> <span class='ocrx_word' id='word_1_203' title='bbox 693 2883 822 2940; x_wconf 87' lang='lat' dir='ltr'>criticum</span> <span class='ocrx_word' id='word_1_204' title='bbox 845 2901 927 2940; x_wconf 90' lang='lat' dir='ltr'>usum</span> <span class='ocrx_word' id='word_1_205' title='bbox 951 2883 1050 2941; x_wconf 91' lang='lat' dir='ltr'>codice</span> <span class='ocrx_word' id='word_1_206' title='bbox 1074 2884 1115 2941; x_wconf 90' lang='lat' dir='ltr'>in·</span> 
     </span>
     <span class='ocr_line' id='line_1_26' title="bbox 51 2988 1117 3066; baseline 0.001 -20"><span class='ocrx_word' id='word_1_207' title='bbox 51 2991 142 3066; x_wconf 83' lang='lat' dir='ltr'>telligi</span> <span class='ocrx_word' id='word_1_208' title='bbox 176 2998 289 3064; x_wconf 89' lang='lat' dir='ltr'>potest,</span> <span class='ocrx_word' id='word_1_209' title='bbox 325 3009 412 3064; x_wconf 83' lang='lat' dir='ltr'>quem</span> <span class='ocrx_word' id='word_1_210' title='bbox 451 2988 547 3046; x_wconf 81' lang='lat' dir='ltr'>vitiosi</span> <span class='ocrx_word' id='word_1_211' title='bbox 579 2997 647 3045; x_wconf 84' lang='lat' dir='ltr'>ente</span> <span class='ocrx_word' id='word_1_212' title='bbox 679 2988 756 3045; x_wconf 89' lang='lat' dir='ltr'>nrille</span> <span class='ocrx_word' id='word_1_213' title='bbox 792 3007 883 3045; x_wconf 79' lang='lat' dir='ltr'>annos</span> <span class='ocrx_word' id='word_1_214' title='bbox 918 2989 974 3044; x_wconf 84' lang='lat' dir='ltr'>iem</span> <span class='ocrx_word' id='word_1_215' title='bbox 1011 2989 1117 3047; x_wconf 86' lang='lat' dir='ltr'>suerint</span> 
     </span>
     <span class='ocr_line' id='line_1_27' title="bbox 52 3094 1116 3172; baseline -0.002 -17"><span class='ocrx_word' id='word_1_216' title='bbox 52 3097 227 3172; x_wconf 84' lang='lat' dir='ltr'>scriptorum</span> <span class='ocrx_word' id='word_1_217' title='bbox 251 3095 423 3152; x_wconf 78' lang='lat' dir='ltr'>Latinorum</span> <span class='ocrx_word' id='word_1_218' title='bbox 447 3094 575 3162; x_wconf 88' lang='lat' dir='ltr'>codices;</span> <span class='ocrx_word' id='word_1_219' title='bbox 608 3113 642 3152; x_wconf 84' lang='lat' dir='ltr'>eo</span> <span class='ocrx_word' id='word_1_220' title='bbox 670 3094 913 3170; x_wconf 79' lang='lat' dir='ltr'>quemadmodum</span> <span class='ocrx_word' id='word_1_221' title='bbox 945 3103 974 3150; x_wconf 90' lang='lat' dir='ltr'>et</span> <span class='ocrx_word' id='word_1_222' title='bbox 994 3094 1116 3154; x_wconf 84' lang='lat' dir='ltr'>lacunas</span> 
     </span>
     <span class='ocr_line' id='line_1_28' title="bbox 52 3199 1114 3276; baseline 0 -18"><span class='ocrx_word' id='word_1_223' title='bbox 52 3214 78 3258; x_wconf 90' lang='lat' dir='ltr'>et</span> <span class='ocrx_word' id='word_1_224' title='bbox 95 3201 235 3260; x_wconf 87' lang='lat' dir='ltr'>loliorum</span> <span class='ocrx_word' id='word_1_225' title='bbox 257 3199 497 3276; x_wconf 79' lang='lat' dir='ltr'>transpositiones</span> <span class='ocrx_word' id='word_1_226' title='bbox 513 3219 570 3256; x_wconf 90' lang='lat' dir='ltr'>non</span> <span class='ocrx_word' id='word_1_227' title='bbox 582 3199 611 3256; x_wconf 91' lang='lat' dir='ltr'>in</span> <span class='ocrx_word' id='word_1_228' title='bbox 625 3201 775 3257; x_wconf 84' lang='lat' dir='ltr'>Puteeneo</span> <span class='ocrx_word' id='word_1_229' title='bbox 792 3199 856 3274; x_wconf 91' lang='lat' dir='ltr'>ipso</span> <span class='ocrx_word' id='word_1_230' title='bbox 877 3211 967 3269; x_wconf 87' lang='lat' dir='ltr'>ortas,</span> <span class='ocrx_word' id='word_1_231' title='bbox 987 3201 1038 3257; x_wconf 89' lang='lat' dir='ltr'>sed</span> <span class='ocrx_word' id='word_1_232' title='bbox 1056 3201 1114 3258; x_wconf 86' lang='lat' dir='ltr'>ism</span> 
     </span>
     <span class='ocr_line' id='line_1_29' title="bbox 51 3304 1115 3382; baseline -0.001 -18"><span class='ocrx_word' id='word_1_233' title='bbox 51 3307 195 3365; x_wconf 87' lang='lat' dir='ltr'>incodice</span> <span class='ocrx_word' id='word_1_234' title='bbox 206 3307 267 3364; x_wconf 86' lang='lat' dir='ltr'>eius</span> <span class='ocrx_word' id='word_1_235' title='bbox 280 3315 402 3382; x_wconf 82' lang='lat' dir='ltr'>parente</span> <span class='ocrx_word' id='word_1_236' title='bbox 416 3304 505 3362; x_wconf 88' lang='lat' dir='ltr'>foisse</span> <span class='ocrx_word' id='word_1_237' title='bbox 519 3305 653 3375; x_wconf 82' lang='lat' dir='ltr'>vidimus,</span> <span class='ocrx_word' id='word_1_238' title='bbox 667 3306 708 3362; x_wconf 87' lang='lat' dir='ltr'>sic</span> <span class='ocrx_word' id='word_1_239' title='bbox 720 3305 807 3362; x_wconf 85' lang='lat' dir='ltr'>etiem</span> <span class='ocrx_word' id='word_1_240' title='bbox 826 3306 970 3362; x_wconf 89' lang='lat' dir='ltr'>scribendi</span> <span class='ocrx_word' id='word_1_241' title='bbox 985 3325 1115 3364; x_wconf 90' lang='lat' dir='ltr'>errorum</span> 
     </span>
    </p>
   </div>
   <div class='ocr_carea' id='block_1_3' title="bbox 52 3408 1116 3696">
    <p class='ocr_par' dir='ltr' id='par_1_4' title="bbox 52 3408 1116 3696">
     <span class='ocr_line' id='line_1_30' title="bbox 52 3408 1116 3488; baseline -0.002 -18"><span class='ocrx_word' id='word_1_242' title='bbox 52 3413 129 3470; x_wconf 87' lang='lat' dir='ltr'>bona</span> <span class='ocrx_word' id='word_1_243' title='bbox 152 3429 224 3488; x_wconf 89' lang='lat' dir='ltr'>pars</span> <span class='ocrx_word' id='word_1_244' title='bbox 245 3412 392 3486; x_wconf 86' lang='lat' dir='ltr'>antiquior</span> <span class='ocrx_word' id='word_1_245' title='bbox 409 3411 559 3468; x_wconf 90' lang='lat' dir='ltr'>Puteenco</span> <span class='ocrx_word' id='word_1_246' title='bbox 577 3408 666 3468; x_wconf 84' lang='lat' dir='ltr'>foisse</span> <span class='ocrx_word' id='word_1_247' title='bbox 689 3420 794 3486; x_wconf 86' lang='lat' dir='ltr'>potest.</span> <span class='ocrx_word' id='word_1_248' title='bbox 836 3411 1024 3487; x_wconf 81' lang='lat' dir='ltr'>(Exemplum</span> <span class='ocrx_word' id='word_1_249' title='bbox 1047 3411 1116 3468; x_wconf 86' lang='lat' dir='ltr'>novi</span> 
     </span>
     <span class='ocr_line' id='line_1_31' title="bbox 53 3515 1114 3591; baseline -0.002 -16"><span class='ocrx_word' id='word_1_250' title='bbox 53 3518 147 3575; x_wconf 90' lang='lat' dir='ltr'>mendi</span> <span class='ocrx_word' id='word_1_251' title='bbox 166 3518 193 3575; x_wconf 89' lang='lat' dir='ltr'>in</span> <span class='ocrx_word' id='word_1_252' title='bbox 208 3536 243 3574; x_wconf 88' lang='lat' dir='ltr'>eo</span> <span class='ocrx_word' id='word_1_253' title='bbox 257 3525 308 3574; x_wconf 86' lang='lat' dir='ltr'>sut</span> <span class='ocrx_word' id='word_1_254' title='bbox 323 3515 382 3573; x_wconf 85' lang='lat' dir='ltr'>iam</span> <span class='ocrx_word' id='word_1_255' title='bbox 398 3525 465 3571; x_wconf 86' lang='lat' dir='ltr'>aute</span> <span class='ocrx_word' id='word_1_256' title='bbox 480 3533 545 3572; x_wconf 89' lang='lat' dir='ltr'>eum</span> <span class='ocrx_word' id='word_1_257' title='bbox 563 3533 600 3572; x_wconf 87' lang='lat' dir='ltr'>ex</span> <span class='ocrx_word' id='word_1_258' title='bbox 612 3516 783 3591; x_wconf 80' lang='lat' dir='ltr'>antiquioris</span> <span class='ocrx_word' id='word_1_259' title='bbox 800 3515 978 3574; x_wconf 89' lang='lat' dir='ltr'>correctione</span> <span class='ocrx_word' id='word_1_260' title='bbox 991 3517 1047 3573; x_wconf 88' lang='lat' dir='ltr'>orti</span> <span class='ocrx_word' id='word_1_261' title='bbox 1062 3517 1114 3573; x_wconf 91' lang='lat' dir='ltr'>de-</span> 
     </span>
     <span class='ocr_line' id='line_1_32' title="bbox 52 3619 1113 3696; baseline -0.002 -15"><span class='ocrx_word' id='word_1_262' title='bbox 52 3624 223 3681; x_wconf 83' lang='lat' dir='ltr'>monstrabo</span> <span class='ocrx_word' id='word_1_263' title='bbox 244 3623 274 3680; x_wconf 91' lang='lat' dir='ltr'>in</span> <span class='ocrx_word' id='word_1_264' title='bbox 296 3621 345 3682; x_wconf 89' lang='lat' dir='ltr'>lib.</span> <span class='ocrx_word' id='word_1_265' title='bbox 370 3619 477 3690; x_wconf 91' lang='lat' dir='ltr'>XXII,</span> <span class='ocrx_word' id='word_1_266' title='bbox 509 3623 552 3690; x_wconf 83' lang='grc'>16,</span> <span class='ocrx_word' id='word_1_267' title='bbox 576 3624 618 3690; x_wconf 80' lang='lat' dir='ltr'>l.)</span> <span class='ocrx_word' id='word_1_268' title='bbox 677 3622 803 3679; x_wconf 78' lang='lat' dir='ltr'>Omnino</span> <span class='ocrx_word' id='word_1_269' title='bbox 826 3631 937 3692; x_wconf 86' lang='lat' dir='ltr'>eutem,</span> <span class='ocrx_word' id='word_1_270' title='bbox 965 3621 1014 3696; x_wconf 92' lang='lat' dir='ltr'>qui</span> <span class='ocrx_word' id='word_1_271' title='bbox 1036 3631 1113 3680; x_wconf 88' lang='lat' dir='ltr'>recte</span> 
     </span>
    </p>
   </div>
   <div class='ocr_carea' id='block_1_4' title="bbox 51 3725 1116 4118">
    <p class='ocr_par' dir='ltr' id='par_1_5' title="bbox 51 3725 1116 4118">
     <span class='ocr_line' id='line_1_33' title="bbox 51 3725 1115 3804; baseline -0.002 -18"><span class='ocrx_word' id='word_1_272' title='bbox 51 3741 78 3786; x_wconf 88' lang='lat' dir='ltr'>et</span> <span class='ocrx_word' id='word_1_273' title='bbox 98 3731 163 3788; x_wconf 86' lang='lat' dir='ltr'>sine</span> <span class='ocrx_word' id='word_1_274' title='bbox 185 3727 390 3804; x_wconf 87' lang='lat' dir='ltr'>superstitione</span> <span class='ocrx_word' id='word_1_275' title='bbox 406 3725 447 3782; x_wconf 93' lang='lat' dir='ltr'>uti</span> <span class='ocrx_word' id='word_1_276' title='bbox 462 3726 637 3802; x_wconf 91' lang='lat' dir='ltr'>optimorum</span> <span class='ocrx_word' id='word_1_277' title='bbox 660 3728 791 3784; x_wconf 90' lang='lat' dir='ltr'>codicum</span> <span class='ocrx_word' id='word_1_278' title='bbox 814 3728 986 3786; x_wconf 79' lang='lat' dir='ltr'>auctoritate</span> <span class='ocrx_word' id='word_1_279' title='bbox 1007 3728 1115 3794; x_wconf 85' lang='lat' dir='ltr'>volent,</span> 
     </span>
     <span class='ocr_line' id='line_1_34' title="bbox 51 3831 1116 3910; baseline -0.001 -20"><span class='ocrx_word' id='word_1_280' title='bbox 51 3837 69 3892; x_wconf 82' lang='lat' dir='ltr'>ii</span> <span class='ocrx_word' id='word_1_281' title='bbox 90 3855 109 3893; x_wconf 86' lang='lat' dir='ltr'>e</span> <span class='ocrx_word' id='word_1_282' title='bbox 130 3833 254 3910; x_wconf 85' lang='lat' dir='ltr'>singulis</span> <span class='ocrx_word' id='word_1_283' title='bbox 276 3833 357 3900; x_wconf 86' lang='lat' dir='ltr'>locis,</span> <span class='ocrx_word' id='word_1_284' title='bbox 381 3831 410 3888; x_wconf 92' lang='lat' dir='ltr'>in</span> <span class='ocrx_word' id='word_1_285' title='bbox 432 3831 537 3906; x_wconf 88' lang='lat' dir='ltr'>quibus</span> <span class='ocrx_word' id='word_1_286' title='bbox 556 3832 714 3896; x_wconf 83' lang='lat' dir='ltr'>dubitetur,</span> <span class='ocrx_word' id='word_1_287' title='bbox 736 3832 863 3890; x_wconf 80' lang='lat' dir='ltr'>animum</span> <span class='ocrx_word' id='word_1_288' title='bbox 885 3833 994 3891; x_wconf 83' lang='lat' dir='ltr'>referre</span> <span class='ocrx_word' id='word_1_289' title='bbox 1010 3835 1116 3891; x_wconf 88' lang='lat' dir='ltr'>debent</span> 
     </span>
     <span class='ocr_line' id='line_1_35' title="bbox 51 3937 1114 4013; baseline -0.004 -13"><span class='ocrx_word' id='word_1_290' title='bbox 51 3943 194 4000; x_wconf 85' lang='lat' dir='ltr'>interdum</span> <span class='ocrx_word' id='word_1_291' title='bbox 222 3939 260 3996; x_wconf 85' lang='lat' dir='ltr'>ad</span> <span class='ocrx_word' id='word_1_292' title='bbox 283 3947 373 3996; x_wconf 84' lang='lat' dir='ltr'>totam</span> <span class='ocrx_word' id='word_1_293' title='bbox 398 3937 478 3995; x_wconf 84' lang='lat' dir='ltr'>illem</span> <span class='ocrx_word' id='word_1_294' title='bbox 500 3937 640 3995; x_wconf 79' lang='lat' dir='ltr'>orationis</span> <span class='ocrx_word' id='word_1_295' title='bbox 662 3937 805 4009; x_wconf 83' lang='lat' dir='ltr'>formem,</span> <span class='ocrx_word' id='word_1_296' title='bbox 841 3957 905 4013; x_wconf 84' lang='lat' dir='ltr'>quae</span> <span class='ocrx_word' id='word_1_297' title='bbox 927 3940 1065 3996; x_wconf 87' lang='lat' dir='ltr'>continue</span> <span class='ocrx_word' id='word_1_298' title='bbox 1085 3939 1114 3996; x_wconf 93' lang='lat' dir='ltr'>in</span> 
     </span>
     <span class='ocr_line' id='line_1_36' title="bbox 51 4043 1116 4118; baseline -0.004 -14"><span class='ocrx_word' id='word_1_299' title='bbox 51 4049 198 4106; x_wconf 77' lang='lat' dir='ltr'>codicibus</span> <span class='ocrx_word' id='word_1_300' title='bbox 221 4043 350 4114; x_wconf 79' lang='lat' dir='ltr'>offertur,</span> <span class='ocrx_word' id='word_1_301' title='bbox 373 4054 404 4102; x_wconf 90' lang='lat' dir='ltr'>ut</span> <span class='ocrx_word' id='word_1_302' title='bbox 426 4044 615 4107; x_wconf 77' lang='lat' dir='ltr'>meminerint,</span> <span class='ocrx_word' id='word_1_303' title='bbox 643 4053 783 4118; x_wconf 81' lang='lat' dir='ltr'>quantum</span> <span class='ocrx_word' id='word_1_304' title='bbox 809 4045 915 4118; x_wconf 92' lang='lat' dir='ltr'>ubique</span> <span class='ocrx_word' id='word_1_305' title='bbox 939 4045 1066 4102; x_wconf 86' lang='lat' dir='ltr'>sordium</span> <span class='ocrx_word' id='word_1_306' title='bbox 1088 4055 1116 4101; x_wconf 87' lang='lat' dir='ltr'>et</span> 
     </span>
    </p>
   </div>
   <div class='ocr_carea' id='block_1_5' title="bbox 0 0 1404 4646">
    <p class='ocr_par' dir='ltr' id='par_1_6' title="bbox 0 0 1404 4646">
     <span class='ocr_line' id='line_1_37' title="bbox 0 0 1404 4646; baseline 0 0"><span class='ocrx_word' id='word_1_307' title='bbox 0 0 1404 4646; x_wconf 95' lang='lat' dir='ltr'> </span> 
     </span>
    </p>
   </div>
  </div>
 </body>
</html>
