2800 4646
611 295 669 352 l59
969 293 1025 342 Lib.
1039 292 1166 342 xmx.

108 489 169 550 tur,
179 479 216 535 de
226 476 442 553 comprobando
454 475 713 552 permittendoque‚
722 485 761 544 ut,
776 477 853 551 quod
866 477 1047 552 magistratui
1055 477 1168 535 alicuie

110 584 225 662 republ.
250 601 313 641 esse
333 583 476 653 videatur,
497 581 595 650 faciat,
617 600 674 638 non
697 581 864 657 dicitur-),
876 583 926 640 sed
936 583 1165 660 comprobationi

110 689 270 749 admodum
292 689 365 746 mire
385 689 441 746 hoc
464 688 658 763 subiungitur:
680 685 776 744 Illud
803 688 1010 763 agitabant,
1038 689 1090 746 uti
1112 707 1166 746 co·

110 795 215 853 ionia
234 793 410 870 Aquileia
443 795 690 852 deduceretur.
746 778 857 868 Aperte
877 794 952 851 enim
984 792 1166 868 (pronomine

110 901 200 959 auam
230 919 295 958 cum
316 901 445 977 pondere
466 901 547 958 initio
568 895 677 975 posito]
703 897 897 974 significatur,
927 908 1057 957 senatum
1080 899 1167 956 aliam

108 1027 174 1065 rem
201 1007 305 1064 Istrico
332 1005 409 1064 bello
432 1004 659 1082 praevertendum
695 1003 849 1080 potiusque
881 1004 990 1062 consuli
1025 1005 1166 1080 agendam

109 1111 268 1171 censuisse.
323 1112 416 1187 quue
448 1111 598 1188 perspicue
629 1111 814 1168 confirmatur
845 1109 979 1185 proximo
1010 1109 1104 1184 capite
1131 1108 1169 1185 (c.

111 1222 165 1288 56,
186 1217 233 1289 3)ι
262 1219 304 1280 lx
335 1217 444 1280 istria
473 1215 515 1276 M.
537 1215 731 1272 Marcellus
760 1219 974 1284 revocatus,
1015 1213 1170 1271 dimisso

111 1324 301 1394 exercitu,
334 1323 480 1380 Romam
515 1319 743 1380 comitiorum
777 1338 887 1377 eausa
908 1319 1042 1392 ‘rediit3
1075 1337 1169 1394 neque

112 1430 270 1506 quicquam
292 1429 329 1486 ds
350 1428 453 1486 Istrico
477 1425 562 1498 bello,
586 1427 663 1501 quod
685 1426 796 1485 senatui
818 1425 864 1484 hic
892 1423 1035 1502 placuisse
1057 1424 1169 1494 dieitur,

114 1543 186 1592 ante
208 1543 354 1604 narratur,
376 1551 462 1608 quam
484 1533 539 1609 ipsi
561 1533 629 1590 latri
650 1531 793 1590 coloniam
803 1532 968 1608 Aquileiam
991 1530 1170 1607 dsdueipro·

115 1641 218 1698 hibent
239 1641 320 1712 (XL,
342 1639 403 1711 26).
450 1640 594 1714 Apparet,
615 1638 727 1714 opinor,
742 1636 856 1695 Livium
880 1635 1041 1712 scripsisse:
1062 1637 1103 1694 Id
1117 1656 1170 1694 se·

112 1747 217 1803 nutui
238 1745 331 1810 bauti
354 1744 501 1821 placuit
544 1745 640 1802 Illud
662 1744 873 1820 agitabant,
897 1744 949 1800 nti
973 1736 1058 1815 σοι’)

561 2187 638 2262 Lib.
664 2188 745 2271 XL.

199 2411 272 2489 Cup.
295 2413 324 2484 8,
351 2417 385 2470 14
411 2413 452 2487 (in
474 2414 605 2471 oratione
628 2413 756 2489 Philippi
779 2411 816 2470 ad
837 2411 1036 2484 lilios):*1am
1064 2413 1170 2488 (posui,

113 2519 171 2576 hoe
193 2529 246 2588 cst,
266 2519 507 2586 commemoravi)
534 2521 597 2576 hos
618 2520 812 2578 Eumenem
834 2515 1073 2592 Attalumque
1094 2517 1168 2575 fra·

114 2637 201 2696 tras,
223 2644 242 2682 a
263 2643 369 2700 quam
391 2624 538 2699 exiguis
558 2627 677 2696 rebus,
699 2642 813 2701 prope
840 2632 878 2680 ut
897 2623 1051 2698 puderet
1074 2623 1169 2698 regii

115 2730 290 2800 nominis,
320 2730 421 2800 mihi,
457 2730 644 2788 Antiocho
671 2739 705 2787 et
733 2729 885 2787 cuilibet
912 2747 1034 2804 regum
1064 2729 1170 2786 huius

113 2835 235 2893 aetatis
265 2835 365 2894 nulla
393 2856 431 2893 rs
460 2836 573 2911 magis
604 2853 706 2910 quam
735 2833 903 2892 fraterna
923 2835 1170 2892 unanimitate

114 2960 264 3018 regnum
291 2960 466 3018 aquaeue.
519 2943 584 3000 Nee
613 2941 650 2998 ad
673 2948 764 2998 totam
797 2940 935 2998 orationis
965 2940 1089 3000 formam
1117 2959 1170 2998 nee

115 3047 154 3104 ad
176 3047 335 3106 subiectdtn
358 3047 530 3126 particulam
551 3056 588 3105 ut
608 3047 673 3105 ullis
691 3047 830 3104 machinis
843 3047 1055 3106 accommodari
1075 3056 1170 3124 potest

115 3153 334 3212 exclamationis
364 3153 416 3210 illa
449 3163 478 3210 et
498 3152 696 3211 admirationis
728 3153 839 3229 figura,
871 3172 934 3228 qua
959 3174 1017 3212 una
1040 3153 1171 3211 adhiberi

115 3259 214 3336 aliquo
241 3259 328 3317 modo
361 3259 474 3316 videtur
495 3277 581 3334 posse
609 3257 646 3315 ad
677 3277 779 3334 quam
808 3269 874 3316 ante
900 3261 1042 3336 exiguis
1064 3259 1172 3318 rebus

134 3604 160 3673 ²)
185 3607 248 3675 Cap.
268 3614 311 3668 ⁵4,
331 3613 362 3658 12
381 3607 560 3672 expellendum
580 3621 760 3671 essequam,
780 3608 847 3671 quod
866 3605 986 3668 Sigonius
1010 3605 1171 3654 assutentia

186 3702 308 3750 aberrans
327 3701 433 3761 addidit,
452 3701 527 3751 ceteri
545 3708 641 3759 tenent,
658 3708 725 3748 reete
743 3697 877 3749 Creverius
895 3696 1028 3748 intellexit
1063 3693 1170 3743 Denun-

186 3793 301 3853 tiatioui‚
328 3802 357 3842 nt
375 3792 468 3844 Gallici
492 3791 580 3858 populi
607 3791 795 3841 multitudinem
820 3807 892 3841 suam
920 3791 989 3840 domi
1014 3787 1171 3846 contineant,

186 3885 275 3935 addita
291 3887 457 3937 comminatio
475 3893 527 3934 cst:
554 3885 660 3948 Alpes
674 3899 775 3951 prope
793 3882 1032 3949 insuperabilis
1050 3879 1129 3930 linis
1144 3881 1171 3928 iu

187 3979 294 4028 madio
313 3988 369 4030 cst.
402 3977 472 4028 Nou
492 3979 606 4041 utique
624 3977 742 4028 melius
761 3977 807 4025 iis
820 3976 884 4026 crit
901 3975 1006 4035 (malm
1017 3973 1172 4036 habebunt),

186 4071 242 4136 qni
260 4085 316 4120 sas
333 4071 427 4136 primi
445 4069 583 4135 pervias
598 4069 744 4120 iuuarint
