2800 4646
256 269 454 326 Libffllv.
756 273 815 330 396

340 455 412 534 Cap.
437 461 465 529 l,
492 457 527 514 ts
549 454 592 532 (in
613 455 883 530 eademoratione):
906 456 1010 515 Nune
1030 455 1143 532 vulgo
1170 457 1305 514 alienos

256 562 357 621 viros
378 571 511 638 rogant
533 571 576 633 et,
598 561 692 638 quod
712 562 828 620 maius
849 563 1045 639 est,legem
1067 571 1101 620 et
1121 561 1307 638 suffragia

255 678 407 743 rogant,
441 678 476 727 et
503 688 522 726 e
544 669 760 744 quibusdam
782 669 996 745 impetrant,
1023 667 1202 726 adsersus
1224 679 1258 726 te
1277 677 1308 725 et

255 793 328 832 rem
350 782 446 832 tuam
468 783 503 834 et
524 775 665 833 liberos
685 785 767 833 tuos
787 773 1055 834 inexorabiles.
1097 774 1265 850 Plumbia,
1285 773 1308 830 si

256 881 321 956 quis
342 881 494 957 diligenter
522 880 691 952 attenderit,
726 880 789 938 inre
810 879 972 951 offendent,
998 880 1109 938 subitus
1138 880 1262 956 primum
1282 883 1309 938 in

256 988 359 1046 eadem
392 987 513 1063 periodo
540 987 578 1045 sd
601 1005 689 1044 unum
713 985 857 1061 aliquem,
878 987 929 1062 qui
950 995 1037 1044 antea
1058 986 1236 1063 significatus
1255 1007 1310 1046 non

256 1102 309 1164 est,
331 1093 537 1169 alloquendum
560 1092 708 1162 transitus,
729 1092 781 1149 ssd
795 1091 886 1151 multo
898 1093 992 1169 magis
1004 1093 1070 1170 ipsa
1085 1093 1242 1164 seutentie3
1264 1113 1312 1152 eur

257 1199 331 1256 enim
353 1198 611 1257 inexorabiles
629 1198 764 1256 mulieres
775 1199 966 1274 appellentur,
988 1217 1053 1274 qnae
1074 1199 1144 1256 nihil
1164 1211 1311 1276 rogantur,

255 1305 327 1381 ipsae
338 1305 412 1363 alios
423 1313 529 1381 rogant
550 1312 579 1361 et
600 1304 743 1380 quosdam
765 1304 929 1362 exorabiles
938 1304 1144 1381 experiuntur?
1157 1317 1186 1364 et
1197 1325 1250 1364 our
1264 1307 1311 1362 ad·

256 1431 356 1471 versos
365 1413 482 1483 liberos,
492 1428 615 1485 qnorum
627 1409 712 1468 nullas
723 1429 824 1487 preces
838 1411 1006 1488 significatas
1016 1423 1091 1484 sunt,
1100 1411 1313 1470 inexorabiles?

255 1519 348 1595 Atqui
359 1527 451 1576 totum
462 1519 518 1576 hoo
541 1517 796 1576 inexorabiles
817 1519 848 1575 in
860 1517 970 1594 optimo
988 1517 1087 1576 codiee
1101 1519 1197 1576 Bnon
1213 1529 1268 1588 est,
1286 1519 1312 1574 in

255 1643 314 1700 quo
324 1624 458 1682 omnibus
468 1623 599 1699 apicibus
608 1623 650 1680 sio
659 1623 807 1681 scribitur:
835 1667 864 1686 ..
882 1635 917 1681 et
935 1643 953 1682 a
970 1623 1188 1698 quibusdam
1203 1624 1312 1700 impe·

255 1740 363 1790 trent.
403 1730 594 1789 Adversus
617 1739 650 1786 te
667 1739 701 1786 et
721 1749 793 1787 rem
815 1739 909 1787 tuem
932 1739 967 1788 st
986 1729 1126 1788 liberos
1147 1739 1230 1788 tuos
1253 1749 1314 1786 ex·

255 1837 411 1894 orabilis
435 1853 483 1893 os.
515 1836 677 1910 Postquam
699 1855 718 1893 a
739 1835 912 1910 quibusdam
924 1835 999 1894 Cato
1023 1835 1156 1894 mulieres
1176 1837 1314 1914 impetra-

257 1963 298 2012 re,
320 1943 400 2018 quod
418 1951 536 2018 petent,
556 1941 639 2012 dixit,
660 1942 757 2001 subito
778 1942 940 2000 orationem
965 1943 1069 2000 avertit
1091 1943 1129 2000 ud
1149 1961 1240 2000 unum
1263 1942 1313 2000 ali-

256 2066 342 2123 quem
364 2066 401 2104 ex
422 2048 467 2105 his
489 2048 559 2106 viris
581 2047 715 2106 facilibus
731 2059 760 2105 et
781 2048 987 2119 exorabilibus,
1009 2058 1038 2106 et
1046 2050 1076 2106 in
1085 2067 1167 2106 suum
1179 2067 1312 2107 suorum·

255 2171 312 2228 que
333 2153 471 2212 damnum
492 2155 669 2212 exorabilem
692 2173 758 2211 eum
781 2173 844 2212 esse
868 2155 1002 2218 ostendit.
1055 2155 1149 2212 Miror
1176 2163 1239 2212 tem
1266 2174 1313 2212 ns·

256 2259 422 2328 cessariam,
445 2271 505 2318 tam
528 2269 678 2338 apertam,
699 2273 759 2319 tam
781 2259 928 2346 egregiam
957 2261 1130 2337 scripturam
1152 2259 1315 2335 neglectam

256 2383 326 2426 esse.
336 2360 363 2437 ¹)

339 2469 413 2548 Cap.
437 2476 465 2548 5,
490 2475 507 2530 9
532 2473 573 2546 (in
595 2474 727 2532 oratione
748 2474 785 2534 L.
808 2471 929 2541 Valerii,
951 2471 1108 2543 suadentis,
1130 2479 1162 2530 ut
1182 2471 1232 2528 lex
1255 2469 1316 2546 Op·

256 2579 306 2654 pia
326 2575 474 2656 tollatur):
503 2580 578 2637 Iam
602 2580 690 2637 urbe
712 2589 820 2656 capta
842 2597 861 2635 a
882 2577 1007 2637 Gallis
1032 2595 1101 2651 quo
1122 2577 1316 2654 redempta

256 2684 342 2741 urbs
364 2684 436 2744 est?
492 2685 629 2761 Nempe
651 2704 775 2742 aurum
796 2693 967 2742 matronae
1070 2684 1106 2740 in
1126 2683 1315 2760 publicum

255 2789 503 2847 contulerunt.
553 2791 636 2850 Nihil
661 2791 793 2848 similiter
813 2791 951 2865 scriptum
983 2807 1077 2863 neque
1098 2789 1177 2866 apud
1198 2789 1315 2846 Livium

254 2913 350 2970 nsque
371 2895 449 2970 apud
471 2913 646 2971 quemquam
667 2898 774 2954 bonum
791 2896 961 2972 scriptorem
983 2895 1057 2972 legi,
1077 2903 1108 2953 ut
1130 2894 1159 2950 in
1179 2893 1316 2951 brevissi·

256 3019 305 3058 mo
333 3011 362 3058 et
389 2999 528 3059 facillimo
553 3003 693 3060 orationis
720 3003 830 3060 ambitu
855 3002 1013 3060 subiectum
1042 3001 1189 3058 sententia
1219 3001 1316 3076 ipsum

255 3106 357 3164 eudem
379 3107 552 3164 substantivi
586 3107 682 3166 forms
713 3109 877 3167 includatur
910 3107 939 3165 in
971 3107 1116 3166 ablativos
1152 3107 1317 3164 absolutos:

256 3211 348 3269 urbe
378 3225 486 3289 capta
506 3215 591 3272 urbs
612 3211 852 3284 redimitum).
880 3213 999 3273 Certum
1020 3223 1083 3284 est,
1099 3213 1316 3289 Liviumserip·

255 3318 328 3376 sisse
351 3319 567 3378 tantummodo:
611 3320 686 3378 Iam
711 3329 821 3398 eapte
842 3340 861 3379 a
883 3319 1006 3379 Gallis
1029 3338 1097 3394 quo
1123 3320 1317 3396 redempta

257 3427 345 3483 urbs
367 3425 444 3484 est?

255 3647 453 3658 ----—-—

275 3783 301 3853 ²)
320 3787 362 3841 W.
388 3789 415 3838 in
440 3788 523 3839 altera
541 3789 603 3840 adit.
629 3791 849 3842 inexorabilis
867 3791 983 3855 seriptis,
1002 3791 1099 3840 omisso
1117 3803 1160 3850 es,
1178 3790 1318 3838 nominati·

327 3897 439 3947 rumque
458 3881 517 3947 (pro
536 3883 778 3948 inexorabiles)
798 3897 854 3935 ease
869 3883 965 3933 voluit!

274 3968 299 4037 ¹)
326 3972 368 4023 W.
386 3973 487 4035 XXXI,
506 3981 532 4034 2,
551 3979 581 4035 t,
601 3978 743 4040 comparari
762 3977 847 4038 iubet,
875 3977 920 4027 nbi
939 3975 1051 4040 quidex
1069 3975 1175 4026 minima
1192 3981 1265 4040 parts
1282 3973 1317 4023 si·

328 4065 388 4115 mile
406 4067 446 4126 sit,
465 4069 560 4118 neseio.
