2822 4648
597 287 649 342 151
979 284 1034 334 Lib.
1054 283 1117 334 Vll.

76 469 285 536 auxilium
317 469 433 539 deinde,
466 469 604 544 quoniam
631 467 796 544 pronomini
819 485 913 536 eam,
945 469 1025 543 quod
1047 469 1157 528 incom-

77 574 176 632 mode
194 575 323 651 positum
347 593 410 632 esse
436 575 496 632 iam
531 581 598 630 ante
620 573 800 650 apparebat,
832 591 909 628 nunc
939 573 1011 631 nihil
1040 576 1157 633 omnino

77 689 131 738 est
152 681 221 749 loci,
243 699 281 737 ex
306 681 366 756 qui
394 699 470 738 eam
498 679 641 736 faciamus
670 678 731 753 qui
757 678 841 747 iam;
873 697 910 735 ex
932 698 967 736 eo
989 679 1065 736 enim
1087 680 1158 736 illud

78 795 186 844 ortum
209 795 262 854 est,
284 804 371 860 quum
395 786 405 846 l
427 784 510 842 simei
531 785 669 860 scriptum
691 794 768 842 esset·
790 783 949 858 (quiam).
993 785 1157 856 Postremo,

80 890 230 965 quoniam
251 891 281 946 in
303 901 435 948 extrema
456 890 568 966 periodi
589 899 673 966 perte
694 889 768 965 ipsi
795 887 919 964 primum
938 889 1035 948 locum
1058 909 1157 948 neces·

81 996 168 1053 sario
190 1005 289 1052 tenere
310 997 412 1063 debet,
442 996 514 1054 nihil
536 1013 607 1053 sane
627 995 854 1071 requireremus,
886 994 910 1051 si
932 994 1040 1066 liceret,
1062 995 1156 1052 deleto

81 1120 215 1159 omnes
246 1103 339 1175 (quod
367 1102 503 1161 Scheibie
531 1103 560 1158 in
584 1111 712 1159 mentum
733 1101 848 1157 venisse
870 1099 980 1174 video),
1002 1101 1044 1157 sic
1065 1102 1157 1159 verba

82 1208 267 1266 describere:
289 1208 350 1283 qui
370 1209 439 1266 iam
462 1207 750 1282 implorantibus
766 1205 853 1263 aliis
875 1205 1054 1262 auxilium
1078 1206 1156 1263 dum

83 1332 202 1389 supra
234 1313 331 1371 vires
363 1332 447 1371 suos
479 1319 668 1388 praestant,
711 1311 783 1386 ipsi
816 1320 867 1369 eet.
898 1319 946 1380 (ut
977 1311 1156 1368 auxilium

83 1420 176 1476 etiam
213 1420 250 1476 ad
287 1427 464 1495 praestant
497 1416 675 1497 audiretur);
710 1418 761 1475 sed
799 1435 888 1491 quum
923 1417 985 1473 eius
1020 1416 1157 1474 vocabuli

83 1525 181 1581 additi
210 1525 291 1582 nulla
319 1526 436 1582 omnino
460 1525 620 1600 excogitari
640 1541 731 1580 causa
752 1522 943 1598 probabiliter
963 1521 1066 1597 possit,
1087 1539 1156 1578 eon·

83 1631 273 1688 siderandum
296 1632 392 1707 petius
415 1641 473 1702 est,
500 1631 627 1687 lateatne
649 1630 678 1686 in
700 1648 745 1700 eo,
770 1629 849 1704 quod
870 1647 959 1686 unum
982 1627 1156 1685 vocabulum

82 1738 123 1793 ad
159 1747 338 1813 praestant
372 1736 492 1812 adiungi
523 1737 565 1793 ita
597 1745 713 1812 potest,
756 1745 789 1794 ut
821 1735 922 1792 eadem
951 1753 998 1791 res
1028 1743 1155 1804 maneat,

84 1861 208 1918 opem,
229 1844 456 1918 scribendaeque
478 1851 555 1900 totus
577 1841 658 1898 locus
679 1842 721 1898 sic
744 1841 793 1898 sit:
824 1842 872 1898 iis
895 1852 1016 1898 tamen
1042 1839 1156 1896 mexi-

83 1966 158 2014 me,
197 1947 257 2021 qui
296 1949 380 2018 iarn,
412 1948 701 2024 implorantibus
736 1947 822 2004 aliis
850 1947 1043 2016 auxilinm,
1077 1946 1155 2002 dum
1225 1951 1228 1954 ’

83 2071 202 2127 supra
223 2053 325 2110 vires
340 2071 424 2109 suas
445 2063 624 2129 praestant
640 2071 751 2127 opem,
775 2053 845 2128 ipsi
867 2053 903 2110 in
922 2054 1014 2110 hane
1035 2069 1155 2108 neces·

83 2159 236 2214 citatem
268 2168 455 2218 venerunt.
565 2157 678 2214 Eodem
707 2160 802 2234 eapite
827 2168 957 2215 extremo
990 2157 1018 2232 (ξ
1042 2157 1095 2226 22,
1125 2154 1155 2210 in

84 2263 192 2319 eadem
213 2262 376 2337 legatorum
397 2262 614 2339 Campanorum
637 2262 781 2337 oratione)
809 2263 850 2320 sie
872 2263 1020 2320 scribitur:
1050 2262 1157 2321 Stare

84 2385 226 2425 omnem
257 2368 526 2425 multitudinem
559 2368 602 2424 ad
634 2377 779 2444 portas,
807 2368 903 2425 viam
931 2369 1014 2426 hinc
1040 2365 1155 2423 feren·

84 2485 156 2530 tem
178 2481 461 2549 prospectantes
484 2482 618 2530 certum
642 2475 768 2545 habeo,
791 2474 876 2550 quid
898 2473 975 2530 illis
996 2490 1075 2540 nos,
1096 2490 1154 2546 pa·

84 2589 164 2636 tres
206 2578 423 2652 conscripti,
462 2579 641 2636 sollicitis
685 2599 725 2636 ae
766 2579 1012 2654 pendentibus
1045 2576 1155 2634 animi

83 2685 302 2742 renuntiare
338 2683 507 2744 lubeatis.
566 2669 794 2760 Prospectamus
824 2684 906 2758 ipses
938 2683 1070 2741 homines
1097 2682 1155 2739 ad-

84 2799 257 2860 veneuntes,
294 2799 327 2846 ut
352 2808 390 2848 ex
421 2789 474 2856 iis,
510 2807 599 2863 quum
631 2791 782 2858 venerint,
815 2788 993 2845 sciscitemur
1027 2788 1154 2863 aliquid;

83 2905 329 2970 prospectemus,
381 2895 485 2969 ecquid
537 2907 694 2970 appareat;
747 2904 986 2971 prospectare
1037 2894 1154 2966 viam,

84 3001 173 3075 quid
206 3001 263 3057 cui
291 3021 356 3078 per
388 3001 533 3076 legatos
565 3001 771 3058 renuntiari
792 3002 975 3058 Romanus
1005 3009 1154 3058 senatus

84 3106 214 3162 iubeat
235 3105 291 3178 (sic
312 3107 387 3164 enim
412 3107 571 3178 enarrant),
592 3107 786 3180 nugacissime
809 3107 922 3164 dieitur.
972 3107 1105 3178 Deinde,
1129 3107 1154 3164 si

85 3211 188 3268 Livius
210 3211 290 3268 illam
312 3213 500 3282 sententiam,
528 3231 593 3287 quae
614 3232 633 3270 a
653 3213 825 3286 pronomine
847 3211 936 3286 quid
962 3211 1077 3288 incipit,
1105 3231 1154 3270 su-

83 3317 195 3392 periori
221 3317 335 3374 adnecti
352 3328 381 3376 et
402 3337 439 3375 ex
461 3317 681 3392 Campanorum
709 3318 786 3376 domi
806 3319 1034 3393 exspectantium
1055 3319 1153 3376 animo

83 3421 211 3498 proferri
231 3421 379 3495 voluisset,
401 3443 458 3482 non
481 3423 572 3493 illis,
593 3425 643 3481 sed
666 3423 738 3480 sibi
760 3423 931 3500 scripsisset,
954 3443 1007 3481 nee
1028 3434 1153 3499 patres

84 3528 291 3602 conscripti
313 3529 480 3600 addidisset,
503 3530 582 3604 quod
603 3529 759 3587 manifesto
781 3539 824 3586 est
847 3529 936 3605 legati
957 3529 1047 3604 ipsius
1068 3547 1152 3586 sena·

85 3645 148 3691 tum
171 3633 356 3709 alloquentis.
399 3635 565 3711 scripserat
588 3635 690 3692 Livius
711 3655 771 3692 una
794 3635 891 3692 littera
912 3635 1020 3690 minus:
1045 3633 1152 3692 Stare

85 3759 225 3797 omnem
249 3741 521 3799 multitudinem
544 3741 587 3798 ed
609 3750 737 3816 portas
760 3741 854 3798 viam
871 3741 954 3798 hine
976 3740 1151 3798 ferentem

83 3854 377 3922 prospectantes
402 3855 538 3904 eertum
560 3848 686 3904 habeo.
723 3847 816 3920 Quid
839 3846 917 3904 illis
938 3856 1152 3922 nos,petres

85 3950 309 4025 conscripti,
345 3951 524 4009 sollicitis
556 3971 596 4010 ac
618 3953 863 4028 pendentibus
886 3952 997 4010 animi
1021 3971 1152 4010 renun-

84 4058 185 4114 tiare
208 4055 370 4118 labella?
417 4057 481 4114 Iam
513 4059 580 4115 huic
601 4067 688 4116 recta
715 4059 936 4135 interrogationi
963 4033 998 4116 et
1019 4060 1152 4135 responsi
