2810 4644
270 261 328 312 Lib,
346 260 432 311 XXX.
768 261 827 319 348

268 465 343 504 sum
364 465 403 505 m.
425 464 454 503 ιι.
475 452 614 521 posset.
659 399 718 502 Sed
739 444 802 520 ipse
823 442 1039 513 animadvertit,
1063 461 1120 499 non
1141 441 1196 500 dici
1217 441 1316 500 Latius

270 563 508 628 conspectum
529 551 564 608 in
586 569 683 608 maro
702 569 757 626 pro
778 559 988 626 prospectu;
1018 559 1048 606 et
1070 560 1166 606 tamen
1187 549 1317 606 substan·

269 659 360 716 tivum
389 677 454 715 cum
485 656 739 732 conspiciendi
773 656 864 713 verbo
891 655 1075 730 coniugatum
1097 655 1225 730 postulet
1245 672 1318 728 qnae-

270 764 327 822 sita
348 763 488 822 orationis
510 763 698 822 concinnitas.
755 759 944 821 Scribendum
967 772 1045 832 eret,
1066 779 1125 818 una
1144 760 1241 818 littera
1261 778 1320 816 mu·

269 879 344 928 tata:
367 882 400 926 et
420 871 583 945 praebere
604 870 682 944 ipse
703 866 917 947 causpcattl
938 863 1196 924 circumfusum
1226 885 1321 923 mere

269 977 351 1033 urbi
371 985 505 1050 posset.
548 973 716 1031 Subiectum
736 971 902 1048 conspectui
923 989 1004 1028 mare
1025 982 1096 1030 erat.

361 1078 435 1156 Cap.
463 1083 509 1150 10,
533 1085 548 1136 7
573 1079 621 1156 (de
639 1077 761 1135 novibus
783 1077 821 1134 ed
844 1076 961 1136 Uticam
988 1096 1007 1134 a
1028 1077 1163 1154 Scipione
1185 1077 1323 1135 adversus

270 1185 550 1262 Carthaginiensium
572 1185 709 1260 impetum
740 1182 912 1255 instructis):
946 1184 1099 1242 telorum
1120 1183 1323 1250 missilium,

269 1302 307 1350 ut
328 1294 493 1368 quamvis
514 1293 624 1368 longo
648 1289 849 1348 certamine
870 1287 1102 1361 sufficerent,
1121 1290 1176 1347 vie
1197 1289 1324 1364 ingens

269 1399 494 1475 congeritur.
542 1399 585 1458 Ut
619 1397 732 1454 dicatur
761 1406 838 1453 recte
867 1395 1041 1470 quemvis
1069 1394 1179 1470 longo
1201 1403 1323 1452 certa-

270 1504 362 1561 mine
382 1523 436 1580 pro
458 1523 502 1576 eo,
525 1504 603 1580 quod
625 1511 682 1560 est:
711 1501 855 1558 etiarnsi
884 1500 1028 1576 longum
1050 1511 1237 1558 certamen
1258 1497 1324 1556 fie-

269 1619 333 1682 ret,
354 1610 391 1667 do
412 1629 470 1686 quo
492 1611 674 1666 vehementer
691 1606 808 1678 dubito,
829 1617 996 1664 tamennon
1018 1606 1189 1664 crediderim
1211 1605 1323 1663 Livium

269 1725 329 1771 tam
356 1715 477 1772 moleste
509 1715 625 1784 dixisse,
660 1733 748 1802 quum
781 1712 866 1770 facile
901 1723 930 1769 et
963 1713 1110 1788 eleganter
1144 1720 1257 1788 posset:
1289 1721 1324 1765 ut

270 1819 435 1894 qu‘emvis
464 1821 572 1896 longo
604 1818 793 1878 certamini
820 1814 1083 1888 sufficereut²).
1139 1817 1268 1876 Inferius
1297 1817 1323 1872 iu

270 1927 326 1984 hoe
352 1926 446 2002 capite
478 1927 504 2002 (ξ
531 1927 600 2000 19),
634 1925 684 1984 ubi
715 1943 829 1983 summa
856 1933 975 1981 eventus
1001 1923 1140 1999 longioris
1161 1923 1323 1982 certaminis

270 2031 415 2106 colligitur
436 2033 514 2103 (hoc
537 2033 694 2090 maxime
720 2029 822 2090 modo
852 2030 1009 2088 lacerati
1031 2031 1174 2105 quidem
1202 2045 1323 2087 omnes

270 2137 426 2214 pontes),
447 2137 590 2214 particule
612 2137 754 2212 quidem
781 2147 839 2194 tem
862 2155 953 2212 preve
973 2137 1104 2212 ponitur,
1136 2155 1227 2211 quum
1250 2135 1323 2193 nulle

270 2243 390 2300 minimo
412 2243 449 2300 sit
470 2261 559 2300 cause
578 2243 660 2300 verbi
677 2242 836 2300 lacerati
862 2238 917 2301 sic'
925 2241 1101 2314 extollendi,
1123 2251 1156 2299 ut
1188 2243 1321 2300 urendum

270 2347 465 2427 menifestum
488 2357 629 2407 teneatur.
683 2347 807 2406 Videtur
842 2350 943 2408 Livius
969 2349 1131 2424 scripsisse:
1169 2345 1321 2406 lacerati

271 2455 417 2512 tandem
445 2471 566 2511 omnes
592 2463 731 2529 pontes.
819 2455 917 2513 Medio
942 2455 1037 2530 capite
1066 2459 1093 2524 (ξ
1123 2454 1171 2528 15)
1203 2471 1322 2529 pravom

271 2561 456 2636 scriptorem:
478 2559 607 2617 deiude
628 2569 663 2616 et
684 2561 1025 2637 propugnatoribus
1054 2579 1198 2636 quoque
1232 2558 1322 2615 Weis-

270 2667 440 2724 senboruius
460 2665 584 2742 primum
606 2666 684 2722 inani
706 2666 887 2725 distinctione
908 2667 982 2724 tueri
1002 2675 1140 2737 conat-ur,
1163 2667 1248 2741 quasi
1271 2665 1322 2722 elie

270 2773 307 2828 sit
327 2772 537 2829 contrariorum
548 2771 650 2830 relatio
663 2790 749 2846 quem
763 2791 826 2848 quae
837 2773 866 2830 in
881 2791 939 2830 uuo
949 2783 1198 2848 propugnatorum
1209 2771 1322 2830 nourine

271 2885 385 2933 notetur
411 2877 553 2952 particule
575 2895 736 2952 quoque,
772 2878 875 2936 deinde
905 2879 1039 2954 exemplo
1068 2877 1259 2935 incertissimo
1281 2873 1322 2931 rel

293 3221 316 3289 ι)
345 3225 505 3287 §orellem
531 3225 573 3276 W.
602 3227 629 3275 iu
659 3227 769 3276 editione
795 3226 1010 3276 Weidmauuians
1045 3226 1180 3284 tenuisset,
1207 3223 1275 3287 quod
1298 3221 1322 3267 in

340 3319 425 3383 priore
442 3327 574 3382 posucrat:
593 3320 790 3384 tabulasque
809 3319 1081 3383 superinstravit,
1105 3327 1138 3367 ut
1155 3316 1260 3382 pervii
1279 3328 1321 3362 or·

342 3411 570 3470 dinoscerent,
593 3413 662 3474 quod
680 3413 751 3478 ipsa,
771 3413 858 3463 recisis
877 3414 903 3462 iu
919 3411 1040 3462 Gronovii
1067 3409 1245 3460 emendatione
1264 3408 1322 3455 dnu-

341 3502 389 3551 bus
407 3505 512 3562 voculis,
530 3503 627 3568 pridem
645 3505 807 3557 eductorem.
842 3505 910 3556 Nam
922 3505 991 3566 quod
1002 3519 1071 3553 nunc
1083 3503 1179 3566 posuit:
1193 3503 1240 3552 ita
1258 3513 1321 3549 cum

342 3599 401 3658 (pro
419 3595 466 3658 nt)
485 3597 628 3660 pervium
649 3597 793 3648 ordinem
811 3595 956 3656 iecisset,
972 3597 1070 3646 nnllam
1088 3591 1322 3645 hubetmutationit

342 3686 562 3750 probabilitatem
580 3704 628 3739 nee
645 3704 711 3738 unus
728 3689 792 3738 ordo
809 3689 911 3751 peruius
930 3688 1063 3739 leniendus
1086 3697 1155 3752 erat,
1179 3687 1224 3736 sed
1254 3691 1322 3748 qnat-

342 3786 413 3838 tuor,
430 3785 469 3827 tot
486 3781 551 3830 eninr
570 3790 643 3831 erent
660 3782 760 3830 nevimn
779 3781 848 3830 velut
865 3796 917 3830 uuo
935 3782 1001 3830 iuter
1013 3781 1152 3832 serinculo
1165 3780 1321 3842 inligaturum

342 3871 457 3930 ordinem
477 3872 649 3936 (inligatas
673 3874 740 3922 eninr
765 3873 926 3923 scribendum
951 3889 1010 3923 cum
1027 3874 1170 3924 Kacstusro
1189 3871 1250 3926 estl.
1283 3869 1319 3919 ux

342 3963 595 4014 ordineseaeeut
614 3973 696 4014 ortum
715 3964 993 4026 ordiueleoissct,
1016 3967 1075 4017 dein
1099 3965 1255 4024 ordinem,
1272 3972 1320 4011 tum

342 4067 496 4118 perrrurn.
