<?xml version="1.0" encoding="UTF-8"?>
<!DOCTYPE html PUBLIC "-//W3C//DTD XHTML 1.0 Transitional//EN"
    "http://www.w3.org/TR/xhtml1/DTD/xhtml1-transitional.dtd">
<html xmlns="http://www.w3.org/1999/xhtml" xml:lang="en" lang="en">
 <head>
  <title>
</title>
<meta http-equiv="Content-Type" content="text/html;charset=utf-8" />
  <meta name='ocr-system' content='tesseract 3.04.00' />
  <meta name='ocr-capabilities' content='ocr_page ocr_carea ocr_par ocr_line ocrx_word'/>
</head>
<body>
  <div class='ocr_page' id='page_1' title='image "./emendationesliv02madvgoog_0273.png"; bbox 0 0 2800 4646; ppageno 0'>
   <div class='ocr_carea' id='block_1_1' title="bbox 270 219 800 279">
    <p class='ocr_par' dir='ltr' id='par_1_1' title="bbox 270 219 800 279">
     <span class='ocr_line' id='line_1_1' title="bbox 270 219 800 279; baseline 0 -11"><span class='ocrx_word' id='word_1_1' title='bbox 270 219 438 270; x_wconf 69' lang='lat' dir='ltr'><strong>niumm.</strong></span> <span class='ocrx_word' id='word_1_2' title='bbox 741 222 800 279; x_wconf 75' lang='lat'><strong>264</strong></span> 
     </span>
    </p>
   </div>
   <div class='ocr_carea' id='block_1_2' title="bbox 235 403 1371 4049">
    <p class='ocr_par' dir='ltr' id='par_1_2' title="bbox 235 403 1371 4049">
     <span class='ocr_line' id='line_1_2' title="bbox 237 403 1294 481; baseline 0 -21"><span class='ocrx_word' id='word_1_3' title='bbox 237 403 344 475; x_wconf 93' lang='lat' dir='ltr'><strong>omnia,</strong></span> <span class='ocrx_word' id='word_1_4' title='bbox 366 421 431 478; x_wconf 80' lang='lat' dir='ltr'><strong>ques</strong></span> <span class='ocrx_word' id='word_1_5' title='bbox 451 411 619 478; x_wconf 88' lang='lat' dir='ltr'><strong>sequuntur,</strong></span> <span class='ocrx_word' id='word_1_6' title='bbox 643 403 771 460; x_wconf 87' lang='lat' dir='ltr'><strong>mexime</strong></span> <span class='ocrx_word' id='word_1_7' title='bbox 789 405 827 460; x_wconf 90' lang='lat' dir='ltr'><strong>ad</strong></span> <span class='ocrx_word' id='word_1_8' title='bbox 846 406 988 480; x_wconf 82' lang='lat' dir='ltr'><strong>apoduein</strong></span> <span class='ocrx_word' id='word_1_9' title='bbox 1003 404 1200 481; x_wconf 88' lang='lat' dir='ltr'><strong>(Gallicum</strong></span> <span class='ocrx_word' id='word_1_10' title='bbox 1227 405 1294 462; x_wconf 92' lang='lat' dir='ltr'><strong>bel·</strong></span> 
     </span>
     <span class='ocr_line' id='line_1_3' title="bbox 236 503 1293 586; baseline 0.005 -23"><span class='ocrx_word' id='word_1_11' title='bbox 236 507 307 564; x_wconf 88' lang='lat' dir='ltr'><strong>lum</strong></span> <span class='ocrx_word' id='word_1_12' title='bbox 410 503 546 586; x_wconf 90' lang='lat' dir='ltr'><strong>posse),</strong></span> <span class='ocrx_word' id='word_1_13' title='bbox 568 509 711 566; x_wconf 88' lang='lat' dir='ltr'><strong>sententia</strong></span> <span class='ocrx_word' id='word_1_14' title='bbox 733 529 881 585; x_wconf 84' lang='lat' dir='ltr'><strong>perverse.</strong></span> <span class='ocrx_word' id='word_1_15' title='bbox 925 511 1031 585; x_wconf 91' lang='lat' dir='ltr'><strong>Itaque</strong></span> <span class='ocrx_word' id='word_1_16' title='bbox 1042 510 1153 582; x_wconf 86' lang='lat' dir='ltr'><strong>dubito,</strong></span> <span class='ocrx_word' id='word_1_17' title='bbox 1175 511 1293 568; x_wconf 85' lang='lat' dir='ltr'><strong>euseri-</strong></span> 
     </span>
     <span class='ocr_line' id='line_1_4' title="bbox 235 611 1295 689; baseline 0.004 -19"><span class='ocrx_word' id='word_1_18' title='bbox 235 611 361 670; x_wconf 78' lang='lat' dir='ltr'>bendum</span> <span class='ocrx_word' id='word_1_19' title='bbox 391 613 442 672; x_wconf 87' lang='lat' dir='ltr'><strong>sit:</strong></span> <span class='ocrx_word' id='word_1_20' title='bbox 474 631 550 688; x_wconf 80' lang='lat' dir='ltr'><strong>quae</strong></span> <span class='ocrx_word' id='word_1_21' title='bbox 577 613 621 670; x_wconf 95' lang='lat' dir='ltr'><strong>ad</strong></span> <span class='ocrx_word' id='word_1_22' title='bbox 642 612 975 689; x_wconf 74' lang='lat' dir='ltr'><strong>Carthaginienses</strong></span> <span class='ocrx_word' id='word_1_23' title='bbox 1004 616 1131 673; x_wconf 88' lang='lat' dir='ltr'><strong>hostes</strong></span> <span class='ocrx_word' id='word_1_24' title='bbox 1153 617 1295 674; x_wconf 77' lang='lat' dir='ltr'><strong>Hanni·</strong></span> 
     </span>
     <span class='ocr_line' id='line_1_5' title="bbox 236 718 1297 794; baseline 0.006 -20"><span class='ocrx_word' id='word_1_25' title='bbox 236 718 425 794; x_wconf 84' lang='lat' dir='ltr'><strong>belemque</strong></span> <span class='ocrx_word' id='word_1_26' title='bbox 446 719 665 788; x_wconf 73' lang='lat' dir='ltr'><strong>attinerent,</strong></span> <span class='ocrx_word' id='word_1_27' title='bbox 687 735 865 792; x_wconf 87' lang='lat' dir='ltr'><strong>prospera</strong></span> <span class='ocrx_word' id='word_1_28' title='bbox 886 719 992 777; x_wconf 90' lang='lat' dir='ltr'><strong>modo</strong></span> <span class='ocrx_word' id='word_1_29' title='bbox 1013 731 1154 793; x_wconf 91' lang='lat' dir='ltr'><strong>esseut,</strong></span> <span class='ocrx_word' id='word_1_30' title='bbox 1177 721 1297 782; x_wconf 82' lang='lat' dir='ltr'><strong>Gelli·</strong></span> 
     </span>
     <span class='ocr_line' id='line_1_6' title="bbox 236 823 1297 902; baseline 0.007 -24"><span class='ocrx_word' id='word_1_31' title='bbox 236 839 315 879; x_wconf 90' lang='lat' dir='ltr'><strong>cum</strong></span> <span class='ocrx_word' id='word_1_32' title='bbox 337 831 390 879; x_wconf 90' lang='lat' dir='ltr'><strong>cet.</strong></span> <span class='ocrx_word' id='word_1_33' title='bbox 434 823 534 882; x_wconf 80' lang='lat' dir='ltr'><strong>Facile</strong></span> <span class='ocrx_word' id='word_1_34' title='bbox 555 823 690 881; x_wconf 90' lang='lat' dir='ltr'><strong>substitui</strong></span> <span class='ocrx_word' id='word_1_35' title='bbox 712 833 829 898; x_wconf 89' lang='lat' dir='ltr'><strong>poterat</strong></span> <span class='ocrx_word' id='word_1_36' title='bbox 849 823 984 882; x_wconf 75' lang='lat' dir='ltr'><strong>usitatior</strong></span> <span class='ocrx_word' id='word_1_37' title='bbox 1004 823 1190 902; x_wconf 50' lang='lat' dir='ltr'><strong>formasque</strong></span> <span class='ocrx_word' id='word_1_38' title='bbox 1212 828 1297 884; x_wconf 84' lang='lat' dir='ltr'><strong>abso-</strong></span> 
     </span>
     <span class='ocr_line' id='line_1_7' title="bbox 236 926 1296 1004; baseline 0.008 -22"><span class='ocrx_word' id='word_1_39' title='bbox 236 926 295 983; x_wconf 90' lang='lat' dir='ltr'><strong>lute</strong></span> <span class='ocrx_word' id='word_1_40' title='bbox 318 927 434 984; x_wconf 89' lang='lat' dir='ltr'><strong>dicitur:</strong></span> <span class='ocrx_word' id='word_1_41' title='bbox 457 930 552 1004; x_wconf 88' lang='lat' dir='ltr'><strong>quod</strong></span> <span class='ocrx_word' id='word_1_42' title='bbox 577 927 633 1002; x_wconf 85' lang='lat' dir='ltr'><strong>(ad</strong></span> <span class='ocrx_word' id='word_1_43' title='bbox 656 929 723 986; x_wconf 92' lang='lat' dir='ltr'><strong>hoc</strong></span> <span class='ocrx_word' id='word_1_44' title='bbox 746 938 807 985; x_wconf 84' lang='lat' dir='ltr'><strong>eut</strong></span> <span class='ocrx_word' id='word_1_45' title='bbox 827 927 937 1004; x_wconf 89' lang='lat' dir='ltr'><strong>illud)</strong></span> <span class='ocrx_word' id='word_1_46' title='bbox 966 930 1108 988; x_wconf 83' lang='lat' dir='ltr'><strong>attinet</strong></span> <span class='ocrx_word' id='word_1_47' title='bbox 1201 933 1296 990; x_wconf 86' lang='lat' dir='ltr'><strong>Paulo</strong></span> 
     </span>
     <span class='ocr_line' id='line_1_8' title="bbox 235 1033 1299 1108; baseline 0.007 -20"><span class='ocrx_word' id='word_1_48' title='bbox 235 1041 303 1107; x_wconf 88' lang='lat' dir='ltr'><strong>post</strong></span> <span class='ocrx_word' id='word_1_49' title='bbox 324 1033 351 1103; x_wconf 68' lang='lat'><strong>(5</strong></span> <span class='ocrx_word' id='word_1_50' title='bbox 376 1035 408 1108; x_wconf 82' lang='lat'><strong>6)</strong></span> <span class='ocrx_word' id='word_1_51' title='bbox 434 1033 543 1092; x_wconf 82' lang='lat' dir='ltr'>editur:</span> <span class='ocrx_word' id='word_1_52' title='bbox 566 1035 659 1104; x_wconf 91' lang='lat' dir='ltr'><strong>Nec,</strong></span> <span class='ocrx_word' id='word_1_53' title='bbox 681 1033 776 1090; x_wconf 89' lang='lat' dir='ltr'><strong>uude</strong></span> <span class='ocrx_word' id='word_1_54' title='bbox 796 1034 1014 1092; x_wconf 89' lang='lat' dir='ltr'><strong>consulares</strong></span> <span class='ocrx_word' id='word_1_55' title='bbox 1036 1037 1224 1095; x_wconf 86' lang='lat' dir='ltr'><strong>exercitus</strong></span> <span class='ocrx_word' id='word_1_56' title='bbox 1245 1057 1299 1095; x_wconf 85' lang='lat' dir='ltr'><strong>ss-</strong></span> 
     </span>
     <span class='ocr_line' id='line_1_9' title="bbox 235 1135 1299 1210; baseline 0.007 -16"><span class='ocrx_word' id='word_1_57' title='bbox 235 1137 285 1194; x_wconf 93' lang='lat' dir='ltr'><strong>tis</strong></span> <span class='ocrx_word' id='word_1_58' title='bbox 314 1135 413 1194; x_wconf 75' lang='lat' dir='ltr'><strong>sirmi</strong></span> <span class='ocrx_word' id='word_1_59' title='bbox 439 1139 481 1195; x_wconf 89' lang='lat' dir='ltr'><strong>ad</strong></span> <span class='ocrx_word' id='word_1_60' title='bbox 510 1149 651 1196; x_wconf 88' lang='lat' dir='ltr'><strong>tentum</strong></span> <span class='ocrx_word' id='word_1_61' title='bbox 686 1138 819 1196; x_wconf 93' lang='lat' dir='ltr'><strong>bellum</strong></span> <span class='ocrx_word' id='word_1_62' title='bbox 850 1136 1111 1210; x_wconf 78' lang='lat' dir='ltr'><strong>efficerentur,</strong></span> <span class='ocrx_word' id='word_1_63' title='bbox 1132 1143 1299 1201; x_wconf 79' lang='lat' dir='ltr'><strong>inibatur</strong></span> 
     </span>
     <span class='ocr_line' id='line_1_10' title="bbox 235 1242 1298 1324; baseline 0.007 -24"><span class='ocrx_word' id='word_1_64' title='bbox 235 1243 343 1301; x_wconf 90' lang='lat' dir='ltr'><strong>ratio.</strong></span> <span class='ocrx_word' id='word_1_65' title='bbox 387 1242 436 1300; x_wconf 84' lang='lat' dir='ltr'><strong>Ex</strong></span> <span class='ocrx_word' id='word_1_66' title='bbox 459 1245 516 1300; x_wconf 91' lang='lat' dir='ltr'><strong>hoc</strong></span> <span class='ocrx_word' id='word_1_67' title='bbox 539 1244 602 1301; x_wconf 86' lang='lat' dir='ltr'><strong>fieri</strong></span> <span class='ocrx_word' id='word_1_68' title='bbox 623 1244 757 1302; x_wconf 73' lang='lat' dir='ltr'><strong>debuisse</strong></span> <span class='ocrx_word' id='word_1_69' title='bbox 778 1244 911 1314; x_wconf 88' lang='lat' dir='ltr'><strong>videtur,</strong></span> <span class='ocrx_word' id='word_1_70' title='bbox 941 1251 973 1300; x_wconf 92' lang='lat' dir='ltr'><strong>ut</strong></span> <span class='ocrx_word' id='word_1_71' title='bbox 995 1252 1046 1300; x_wconf 84' lang='lat' dir='ltr'><strong>sut</strong></span> <span class='ocrx_word' id='word_1_72' title='bbox 1072 1249 1224 1320; x_wconf 86' lang='lat' dir='ltr'><strong>prseterics</strong></span> <span class='ocrx_word' id='word_1_73' title='bbox 1246 1267 1298 1324; x_wconf 89' lang='lat' dir='ltr'><strong>pro</strong></span> 
     </span>
     <span class='ocr_line' id='line_1_11' title="bbox 236 1349 1363 1411; baseline 0.002 -5"><span class='ocrx_word' id='word_1_74' title='bbox 236 1349 436 1408; x_wconf 80' lang='lat' dir='ltr'><strong>consularibus</strong></span> <span class='ocrx_word' id='word_1_75' title='bbox 469 1359 520 1406; x_wconf 91' lang='lat' dir='ltr'><strong>aut</strong></span> <span class='ocrx_word' id='word_1_76' title='bbox 551 1349 719 1407; x_wconf 90' lang='lat' dir='ltr'><strong>consulares</strong></span> <span class='ocrx_word' id='word_1_77' title='bbox 751 1349 846 1406; x_wconf 90' lang='lat' dir='ltr'><strong>minus</strong></span> <span class='ocrx_word' id='word_1_78' title='bbox 886 1349 986 1406; x_wconf 85' lang='lat' dir='ltr'><strong>firmos</strong></span> <span class='ocrx_word' id='word_1_79' title='bbox 1023 1351 1189 1408; x_wconf 78' lang='lat' dir='ltr'><strong>scriberent</strong></span> <span class='ocrx_word' id='word_1_80' title='bbox 1242 1352 1306 1411; x_wconf 87' lang='lat' dir='ltr'><strong>Sed·</strong></span> <span class='ocrx_word' id='word_1_81' title='bbox 1362 1371 1363 1378; x_wconf 46' lang='lat'>³</span> 
     </span>
     <span class='ocr_line' id='line_1_12' title="bbox 237 1453 1298 1525; baseline 0.004 -15"><span class='ocrx_word' id='word_1_82' title='bbox 237 1453 314 1511; x_wconf 83' lang='lat' dir='ltr'><strong>eliud</strong></span> <span class='ocrx_word' id='word_1_83' title='bbox 338 1455 439 1512; x_wconf 90' lang='lat' dir='ltr'><strong>Livius</strong></span> <span class='ocrx_word' id='word_1_84' title='bbox 461 1464 578 1525; x_wconf 86' lang='lat' dir='ltr'><strong>usrret,</strong></span> <span class='ocrx_word' id='word_1_85' title='bbox 607 1453 707 1513; x_wconf 87' lang='lat' dir='ltr'><strong>Gallie</strong></span> <span class='ocrx_word' id='word_1_86' title='bbox 730 1453 855 1523; x_wconf 86' lang='lat' dir='ltr'><strong>emisse,</strong></span> <span class='ocrx_word' id='word_1_87' title='bbox 891 1453 939 1510; x_wconf 91' lang='lat' dir='ltr'><strong>uui</strong></span> <span class='ocrx_word' id='word_1_88' title='bbox 967 1463 1079 1510; x_wconf 83' lang='lat' dir='ltr'><strong>tentum</strong></span> <span class='ocrx_word' id='word_1_89' title='bbox 1106 1455 1218 1513; x_wconf 88' lang='lat' dir='ltr'><strong>consuli</strong></span> <span class='ocrx_word' id='word_1_90' title='bbox 1250 1457 1298 1514; x_wconf 90' lang='lat' dir='ltr'><strong>illo</strong></span> 
     </span>
     <span class='ocr_line' id='line_1_13' title="bbox 236 1557 1299 1632; baseline 0.005 -18"><span class='ocrx_word' id='word_1_91' title='bbox 236 1577 313 1616; x_wconf 87' lang='lat' dir='ltr'><strong>enno</strong></span> <span class='ocrx_word' id='word_1_92' title='bbox 336 1560 492 1616; x_wconf 86' lang='lat' dir='ltr'><strong>exercitum</strong></span> <span class='ocrx_word' id='word_1_93' title='bbox 515 1576 579 1616; x_wconf 89' lang='lat' dir='ltr'><strong>esse</strong></span> <span class='ocrx_word' id='word_1_94' title='bbox 593 1557 750 1619; x_wconf 88' lang='lat' dir='ltr'><strong>decretum.</strong></span> <span class='ocrx_word' id='word_1_95' title='bbox 796 1559 902 1632; x_wconf 88' lang='lat' dir='ltr'><strong>Itsque</strong></span> <span class='ocrx_word' id='word_1_96' title='bbox 923 1557 960 1615; x_wconf 91' lang='lat' dir='ltr'><strong>de</strong></span> <span class='ocrx_word' id='word_1_97' title='bbox 981 1577 1101 1616; x_wconf 89' lang='lat' dir='ltr'><strong>numero</strong></span> <span class='ocrx_word' id='word_1_98' title='bbox 1121 1561 1299 1620; x_wconf 81' lang='lat' dir='ltr'><strong>exercituum</strong></span> 
     </span>
     <span class='ocr_line' id='line_1_14' title="bbox 237 1663 1299 1739; baseline 0.004 -21"><span class='ocrx_word' id='word_1_99' title='bbox 237 1663 341 1738; x_wconf 74' lang='lat' dir='ltr'><strong>agitur.</strong></span> <span class='ocrx_word' id='word_1_100' title='bbox 377 1665 478 1722; x_wconf 88' lang='lat' dir='ltr'><strong>InPa</strong></span> <span class='ocrx_word' id='word_1_101' title='bbox 498 1664 596 1739; x_wconf 90' lang='lat' dir='ltr'><strong>priore</strong></span> <span class='ocrx_word' id='word_1_102' title='bbox 618 1681 707 1720; x_wconf 88' lang='lat' dir='ltr'><strong>menu</strong></span> <span class='ocrx_word' id='word_1_103' title='bbox 729 1671 773 1719; x_wconf 88' lang='lat' dir='ltr'><strong>est</strong></span> <span class='ocrx_word' id='word_1_104' title='bbox 793 1663 971 1734; x_wconf 89' lang='lat' dir='ltr'><strong>necundo,</strong></span> <span class='ocrx_word' id='word_1_105' title='bbox 993 1681 1031 1720; x_wconf 87' lang='lat' dir='ltr'><strong>ex</strong></span> <span class='ocrx_word' id='word_1_106' title='bbox 1053 1681 1111 1738; x_wconf 93' lang='lat' dir='ltr'><strong>quo</strong></span> <span class='ocrx_word' id='word_1_107' title='bbox 1134 1664 1228 1722; x_wconf 77' lang='lat' dir='ltr'><strong>ultera</strong></span> <span class='ocrx_word' id='word_1_108' title='bbox 1252 1665 1299 1722; x_wconf 87' lang='lat' dir='ltr'><strong>le-</strong></span> 
     </span>
     <span class='ocr_line' id='line_1_15' title="bbox 237 1765 1370 1846; baseline 0.005 -24"><span class='ocrx_word' id='word_1_109' title='bbox 237 1767 276 1823; x_wconf 90' lang='lat' dir='ltr'><strong>cit</strong></span> <span class='ocrx_word' id='word_1_110' title='bbox 296 1786 339 1824; x_wconf 90' lang='lat' dir='ltr'><strong>ne</strong></span> <span class='ocrx_word' id='word_1_111' title='bbox 361 1787 445 1825; x_wconf 90' lang='lat' dir='ltr'><strong>secu</strong></span> <span class='ocrx_word' id='word_1_112' title='bbox 456 1768 541 1838; x_wconf 92' lang='lat' dir='ltr'><strong>ndo,</strong></span> <span class='ocrx_word' id='word_1_113' title='bbox 570 1769 648 1843; x_wconf 93' lang='lat' dir='ltr'><strong>quod</strong></span> <span class='ocrx_word' id='word_1_114' title='bbox 669 1767 699 1824; x_wconf 92' lang='lat' dir='ltr'><strong>in</strong></span> <span class='ocrx_word' id='word_1_115' title='bbox 722 1765 746 1824; x_wconf 86' lang='lat' dir='ltr'>C</span> <span class='ocrx_word' id='word_1_116' title='bbox 768 1775 797 1824; x_wconf 87' lang='lat' dir='ltr'><strong>et</strong></span> <span class='ocrx_word' id='word_1_117' title='bbox 818 1767 891 1824; x_wconf 90' lang='lat' dir='ltr'><strong>elios</strong></span> <span class='ocrx_word' id='word_1_118' title='bbox 918 1769 1040 1828; x_wconf 79' lang='lat' dir='ltr'><strong>transiit.</strong></span> <span class='ocrx_word' id='word_1_119' title='bbox 1085 1769 1186 1826; x_wconf 80' lang='lat' dir='ltr'><strong>Livius</strong></span> <span class='ocrx_word' id='word_1_120' title='bbox 1207 1771 1299 1846; x_wconf 87' lang='lat' dir='ltr'><strong>scrip-</strong></span> <span class='ocrx_word' id='word_1_121' title='bbox 1369 1832 1370 1846; x_wconf 47' lang='lat'><strong>,</strong></span> 
     </span>
     <span class='ocr_line' id='line_1_16' title="bbox 236 1870 1371 1942; baseline 0.004 -14"><span class='ocrx_word' id='word_1_122' title='bbox 236 1879 327 1928; x_wconf 87' lang='lat' dir='ltr'><strong>seret:</strong></span> <span class='ocrx_word' id='word_1_123' title='bbox 361 1891 438 1942; x_wconf 90' lang='lat' dir='ltr'><strong>nec,</strong></span> <span class='ocrx_word' id='word_1_124' title='bbox 471 1873 562 1930; x_wconf 90' lang='lat' dir='ltr'><strong>unde</strong></span> <span class='ocrx_word' id='word_1_125' title='bbox 591 1873 660 1930; x_wconf 92' lang='lat' dir='ltr'><strong>duo</strong></span> <span class='ocrx_word' id='word_1_126' title='bbox 691 1873 907 1930; x_wconf 85' lang='lat' dir='ltr'><strong>consuleres</strong></span> <span class='ocrx_word' id='word_1_127' title='bbox 928 1870 1201 1932; x_wconf 83' lang='lat' dir='ltr'><strong>exercituecett.</strong></span> <span class='ocrx_word' id='word_1_128' title='bbox 1251 1875 1299 1932; x_wconf 87' lang='lat' dir='ltr'><strong>Ex</strong></span> <span class='ocrx_word' id='word_1_129' title='bbox 1370 1908 1371 1920; x_wconf 33' lang='grc' dir='ltr'><strong>κ</strong></span> 
     </span>
     <span class='ocr_line' id='line_1_17' title="bbox 236 1976 1299 2056; baseline 0.007 -25"><span class='ocrx_word' id='word_1_130' title='bbox 236 1977 329 2032; x_wconf 89' lang='lat' dir='ltr'><strong>unde</strong></span> <span class='ocrx_word' id='word_1_131' title='bbox 357 1977 427 2034; x_wconf 94' lang='lat' dir='ltr'><strong>duo</strong></span> <span class='ocrx_word' id='word_1_132' title='bbox 455 1976 565 2036; x_wconf 84' lang='lat' dir='ltr'><strong>lactum</strong></span> <span class='ocrx_word' id='word_1_133' title='bbox 588 1979 692 2036; x_wconf 88' lang='lat' dir='ltr'><strong>undo.</strong></span> <span class='ocrx_word' id='word_1_134' title='bbox 745 1976 1015 2054; x_wconf 83' lang='lat' dir='ltr'><strong>(Drakenborchius</strong></span> <span class='ocrx_word' id='word_1_135' title='bbox 1045 1977 1075 2034; x_wconf 89' lang='lat' dir='ltr'><strong>in</strong></span> <span class='ocrx_word' id='word_1_136' title='bbox 1104 1981 1164 2036; x_wconf 88' lang='lat' dir='ltr'><strong>suis</strong></span> <span class='ocrx_word' id='word_1_137' title='bbox 1186 1981 1299 2056; x_wconf 88' lang='lat' dir='ltr'><strong>aliquot</strong></span> 
     </span>
     <span class='ocr_line' id='line_1_18' title="bbox 237 2081 1298 2143; baseline 0.004 -3"><span class='ocrx_word' id='word_1_138' title='bbox 237 2082 320 2140; x_wconf 91' lang='lat' dir='ltr'><strong>codd.</strong></span> <span class='ocrx_word' id='word_1_139' title='bbox 349 2081 439 2140; x_wconf 87' lang='lat' dir='ltr'><strong>fuisse</strong></span> <span class='ocrx_word' id='word_1_140' title='bbox 469 2082 569 2140; x_wconf 79' lang='lat' dir='ltr'><strong>scribit</strong></span> <span class='ocrx_word' id='word_1_141' title='bbox 596 2101 660 2140; x_wconf 90' lang='lat' dir='ltr'><strong>uec</strong></span> <span class='ocrx_word' id='word_1_142' title='bbox 682 2084 750 2140; x_wconf 90' lang='lat' dir='ltr'><strong>duo</strong></span> <span class='ocrx_word' id='word_1_143' title='bbox 771 2081 819 2139; x_wconf 82' lang='lat' dir='ltr'><strong>vel</strong></span> <span class='ocrx_word' id='word_1_144' title='bbox 840 2100 882 2138; x_wconf 88' lang='lat' dir='ltr'><strong>ne</strong></span> <span class='ocrx_word' id='word_1_145' title='bbox 903 2081 972 2138; x_wconf 90' lang='lat' dir='ltr'><strong>duo</strong></span> <span class='ocrx_word' id='word_1_146' title='bbox 997 2083 1213 2142; x_wconf 87' lang='lat' dir='ltr'><strong>consuleres</strong></span> <span class='ocrx_word' id='word_1_147' title='bbox 1236 2105 1298 2143; x_wconf 86' lang='lat' dir='ltr'><strong>ex·</strong></span> 
     </span>
     <span class='ocr_line' id='line_1_19' title="bbox 238 2187 1300 2264; baseline 0.003 -19"><span class='ocrx_word' id='word_1_148' title='bbox 238 2188 391 2253; x_wconf 75' lang='lat' dir='ltr'><strong>orcitus:</strong></span> <span class='ocrx_word' id='word_1_149' title='bbox 412 2188 527 2246; x_wconf 85' lang='lat' dir='ltr'><strong>videtur</strong></span> <span class='ocrx_word' id='word_1_150' title='bbox 548 2189 657 2264; x_wconf 88' lang='lat' dir='ltr'><strong>aliquid</strong></span> <span class='ocrx_word' id='word_1_151' title='bbox 680 2187 892 2245; x_wconf 83' lang='lat' dir='ltr'><strong>correctoribus</strong></span> <span class='ocrx_word' id='word_1_152' title='bbox 913 2187 1075 2244; x_wconf 88' lang='lat' dir='ltr'><strong>suboluisse</strong></span> <span class='ocrx_word' id='word_1_153' title='bbox 1095 2188 1180 2260; x_wconf 73' lang='lat' dir='ltr'><strong>veri.)</strong></span> <span class='ocrx_word' id='word_1_154' title='bbox 1242 2191 1300 2248; x_wconf 92' lang='lat' dir='ltr'><strong>Po·</strong></span> 
     </span>
     <span class='ocr_line' id='line_1_20' title="bbox 237 2291 1301 2368; baseline 0.003 -19"><span class='ocrx_word' id='word_1_155' title='bbox 237 2301 345 2350; x_wconf 90' lang='lat' dir='ltr'><strong>stremo</strong></span> <span class='ocrx_word' id='word_1_156' title='bbox 368 2297 382 2362; x_wconf 73' lang='grc'><strong>5</strong></span> <span class='ocrx_word' id='word_1_157' title='bbox 406 2294 441 2362; x_wconf 89' lang='lat'><strong>8,</strong></span> <span class='ocrx_word' id='word_1_158' title='bbox 473 2305 629 2368; x_wconf 86' lang='lat' dir='ltr'><strong>postquem</strong></span> <span class='ocrx_word' id='word_1_159' title='bbox 654 2293 755 2350; x_wconf 83' lang='lat' dir='ltr'><strong>Livius</strong></span> <span class='ocrx_word' id='word_1_160' title='bbox 776 2291 866 2362; x_wconf 88' lang='lat' dir='ltr'><strong>dixit,</strong></span> <span class='ocrx_word' id='word_1_161' title='bbox 888 2300 1019 2349; x_wconf 89' lang='lat' dir='ltr'><strong>seustum</strong></span> <span class='ocrx_word' id='word_1_162' title='bbox 1040 2291 1187 2362; x_wconf 81' lang='lat' dir='ltr'><strong>decresse,</strong></span> <span class='ocrx_word' id='word_1_163' title='bbox 1209 2303 1244 2351; x_wconf 95' lang='lat' dir='ltr'><strong>ut</strong></span> <span class='ocrx_word' id='word_1_164' title='bbox 1264 2315 1301 2353; x_wconf 86' lang='lat' dir='ltr'><strong>ex</strong></span> 
     </span>
     <span class='ocr_line' id='line_1_21' title="bbox 237 2395 1303 2456; baseline 0.001 -1"><span class='ocrx_word' id='word_1_165' title='bbox 237 2397 369 2456; x_wconf 79' lang='lat' dir='ltr'><strong>Marcelli</strong></span> <span class='ocrx_word' id='word_1_166' title='bbox 391 2399 518 2455; x_wconf 88' lang='lat' dir='ltr'><strong>exercitu</strong></span> <span class='ocrx_word' id='word_1_167' title='bbox 541 2397 708 2456; x_wconf 85' lang='lat' dir='ltr'><strong>Cannenses</strong></span> <span class='ocrx_word' id='word_1_168' title='bbox 740 2399 844 2456; x_wconf 87' lang='lat' dir='ltr'><strong>milites</strong></span> <span class='ocrx_word' id='word_1_169' title='bbox 879 2397 908 2454; x_wconf 90' lang='lat' dir='ltr'><strong>in</strong></span> <span class='ocrx_word' id='word_1_170' title='bbox 931 2395 1060 2456; x_wconf 88' lang='lat' dir='ltr'><strong>Siciliam</strong></span> <span class='ocrx_word' id='word_1_171' title='bbox 1081 2398 1303 2456; x_wconf 80' lang='lat' dir='ltr'><strong>traducerentur</strong></span> 
     </span>
     <span class='ocr_line' id='line_1_22' title="bbox 237 2501 1302 2577; baseline 0.001 -18"><span class='ocrx_word' id='word_1_172' title='bbox 237 2502 336 2577; x_wconf 89' lang='lat' dir='ltr'><strong>ibique</strong></span> <span class='ocrx_word' id='word_1_173' title='bbox 357 2503 521 2574; x_wconf 82' lang='lat' dir='ltr'><strong>militarent,</strong></span> <span class='ocrx_word' id='word_1_174' title='bbox 545 2503 637 2562; x_wconf 87' lang='lat' dir='ltr'><strong>donec</strong></span> <span class='ocrx_word' id='word_1_175' title='bbox 661 2505 691 2560; x_wconf 92' lang='lat' dir='ltr'><strong>in</strong></span> <span class='ocrx_word' id='word_1_176' title='bbox 713 2503 801 2562; x_wconf 79' lang='lat' dir='ltr'><strong>Italia</strong></span> <span class='ocrx_word' id='word_1_177' title='bbox 823 2501 929 2560; x_wconf 89' lang='lat' dir='ltr'><strong>bellum</strong></span> <span class='ocrx_word' id='word_1_178' title='bbox 953 2511 1042 2572; x_wconf 91' lang='lat' dir='ltr'><strong>esset,</strong></span> <span class='ocrx_word' id='word_1_179' title='bbox 1064 2503 1126 2559; x_wconf 75' lang='lat' dir='ltr'><strong>brec</strong></span> <span class='ocrx_word' id='word_1_180' title='bbox 1150 2503 1248 2574; x_wconf 88' lang='lat' dir='ltr'><strong>addit,</strong></span> <span class='ocrx_word' id='word_1_181' title='bbox 1271 2513 1302 2560; x_wconf 91' lang='lat' dir='ltr'><strong>ut</strong></span> 
     </span>
     <span class='ocr_line' id='line_1_23' title="bbox 238 2606 1302 2667; baseline 0 -3"><span class='ocrx_word' id='word_1_182' title='bbox 238 2606 299 2664; x_wconf 84' lang='lat' dir='ltr'><strong>fere</strong></span> <span class='ocrx_word' id='word_1_183' title='bbox 321 2608 388 2664; x_wconf 89' lang='lat' dir='ltr'><strong>inde</strong></span> <span class='ocrx_word' id='word_1_184' title='bbox 410 2627 428 2663; x_wconf 92' lang='lat' dir='ltr'><strong>a</strong></span> <span class='ocrx_word' id='word_1_185' title='bbox 450 2608 605 2666; x_wconf 86' lang='lat' dir='ltr'><strong>Gronovio</strong></span> <span class='ocrx_word' id='word_1_186' title='bbox 627 2609 776 2667; x_wconf 83' lang='lat' dir='ltr'><strong>scribitur:</strong></span> <span class='ocrx_word' id='word_1_187' title='bbox 797 2608 933 2666; x_wconf 87' lang='lat' dir='ltr'><strong>Eodem</strong></span> <span class='ocrx_word' id='word_1_188' title='bbox 961 2625 1004 2664; x_wconf 85' lang='lat' dir='ltr'><strong>ex</strong></span> <span class='ocrx_word' id='word_1_189' title='bbox 1025 2607 1225 2665; x_wconf 88' lang='lat' dir='ltr'><strong>dictatoris</strong></span> <span class='ocrx_word' id='word_1_190' title='bbox 1247 2608 1302 2665; x_wconf 93' lang='lat' dir='ltr'><strong>le·</strong></span> 
     </span>
     <span class='ocr_line' id='line_1_24' title="bbox 237 2707 1302 2788; baseline 0 -18"><span class='ocrx_word' id='word_1_191' title='bbox 237 2713 409 2788; x_wconf 82' lang='lat' dir='ltr'><strong>giouibus</strong></span> <span class='ocrx_word' id='word_1_192' title='bbox 432 2713 567 2788; x_wconf 80' lang='lat' dir='ltr'><strong>(placuit)</strong></span> <span class='ocrx_word' id='word_1_193' title='bbox 584 2713 691 2771; x_wconf 89' lang='lat' dir='ltr'><strong>reiici</strong></span> <span class='ocrx_word' id='word_1_194' title='bbox 714 2707 865 2770; x_wconf 90' lang='lat' dir='ltr'><strong>militem</strong></span> <span class='ocrx_word' id='word_1_195' title='bbox 889 2713 1025 2770; x_wconf 89' lang='lat' dir='ltr'><strong>minimi</strong></span> <span class='ocrx_word' id='word_1_196' title='bbox 1049 2730 1225 2787; x_wconf 88' lang='lat' dir='ltr'><strong>quemque</strong></span> <span class='ocrx_word' id='word_1_197' title='bbox 1247 2731 1302 2770; x_wconf 87' lang='lat' dir='ltr'><strong>ro·</strong></span> 
     </span>
     <span class='ocr_line' id='line_1_25' title="bbox 237 2817 1303 2893; baseline 0.001 -19"><span class='ocrx_word' id='word_1_198' title='bbox 237 2817 357 2888; x_wconf 91' lang='lat' dir='ltr'><strong>boris,</strong></span> <span class='ocrx_word' id='word_1_199' title='bbox 394 2817 494 2875; x_wconf 88' lang='lat' dir='ltr'><strong>nullo</strong></span> <span class='ocrx_word' id='word_1_200' title='bbox 522 2819 734 2893; x_wconf 71' lang='lat' dir='ltr'><strong>prestituto</strong></span> <span class='ocrx_word' id='word_1_201' title='bbox 762 2817 903 2875; x_wconf 73' lang='lat' dir='ltr'><strong>militine</strong></span> <span class='ocrx_word' id='word_1_202' title='bbox 935 2825 1101 2890; x_wconf 89' lang='lat' dir='ltr'><strong>tempore</strong></span> <span class='ocrx_word' id='word_1_203' title='bbox 1131 2817 1203 2874; x_wconf 89' lang='lat' dir='ltr'><strong>nisi</strong></span> <span class='ocrx_word' id='word_1_204' title='bbox 1239 2818 1303 2892; x_wconf 85' lang='lat' dir='ltr'><strong>qui</strong></span> 
     </span>
     <span class='ocr_line' id='line_1_26' title="bbox 238 2921 1302 2999; baseline 0.001 -20"><span class='ocrx_word' id='word_1_205' title='bbox 238 2923 511 2999; x_wconf 89' lang='lat' dir='ltr'><strong>stipendiorum</strong></span> <span class='ocrx_word' id='word_1_206' title='bbox 552 2923 809 2998; x_wconf 83' lang='lat' dir='ltr'><strong>legitimorum</strong></span> <span class='ocrx_word' id='word_1_207' title='bbox 846 2933 976 2983; x_wconf 90' lang='lat' dir='ltr'><strong>essent.</strong></span> <span class='ocrx_word' id='word_1_208' title='bbox 1034 2921 1157 2981; x_wconf 90' lang='lat' dir='ltr'><strong>Codices</strong></span> <span class='ocrx_word' id='word_1_209' title='bbox 1192 2923 1302 2982; x_wconf 87' lang='lat' dir='ltr'><strong>habeut</strong></span> 
     </span>
     <span class='ocr_line' id='line_1_27' title="bbox 238 3027 1303 3104; baseline 0.001 -19"><span class='ocrx_word' id='word_1_210' title='bbox 238 3028 299 3102; x_wconf 85' lang='lat' dir='ltr'><strong>qui</strong></span> <span class='ocrx_word' id='word_1_211' title='bbox 404 3037 510 3086; x_wconf 88' lang='lat' dir='ltr'><strong>esset.</strong></span> <span class='ocrx_word' id='word_1_212' title='bbox 569 3028 714 3104; x_wconf 83' lang='lat' dir='ltr'><strong>Exceptio</strong></span> <span class='ocrx_word' id='word_1_213' title='bbox 743 3027 814 3086; x_wconf 89' lang='lat' dir='ltr'><strong>certi</strong></span> <span class='ocrx_word' id='word_1_214' title='bbox 836 3028 956 3084; x_wconf 89' lang='lat' dir='ltr'><strong>militum</strong></span> <span class='ocrx_word' id='word_1_215' title='bbox 979 3027 1094 3103; x_wconf 87' lang='lat' dir='ltr'><strong>generis</strong></span> <span class='ocrx_word' id='word_1_216' title='bbox 1116 3028 1192 3098; x_wconf 87' lang='lat' dir='ltr'><strong>sive,</strong></span> <span class='ocrx_word' id='word_1_217' title='bbox 1220 3030 1303 3102; x_wconf 85' lang='lat' dir='ltr'><strong>quod</strong></span> 
     </span>
     <span class='ocr_line' id='line_1_28' title="bbox 238 3132 1303 3208; baseline -0.001 -16"><span class='ocrx_word' id='word_1_218' title='bbox 238 3135 310 3192; x_wconf 88' lang='lat' dir='ltr'><strong>ordo</strong></span> <span class='ocrx_word' id='word_1_219' title='bbox 332 3135 487 3192; x_wconf 85' lang='lat' dir='ltr'><strong>verborum</strong></span> <span class='ocrx_word' id='word_1_220' title='bbox 517 3133 597 3189; x_wconf 90' lang='lat' dir='ltr'><strong>iubet</strong></span> <span class='ocrx_word' id='word_1_221' title='bbox 624 3133 797 3208; x_wconf 69' lang='lat' dir='ltr'><strong>(presertim</strong></span> <span class='ocrx_word' id='word_1_222' title='bbox 829 3132 871 3189; x_wconf 87' lang='lat' dir='ltr'><strong>sic</strong></span> <span class='ocrx_word' id='word_1_223' title='bbox 903 3133 998 3208; x_wconf 89' lang='lat' dir='ltr'><strong>posito</strong></span> <span class='ocrx_word' id='word_1_224' title='bbox 1020 3133 1120 3189; x_wconf 90' lang='lat' dir='ltr'><strong>nullo</strong></span> <span class='ocrx_word' id='word_1_225' title='bbox 1147 3175 1176 3193; x_wconf 83' lang='lat'><strong>..</strong></span> <span class='ocrx_word' id='word_1_226' title='bbox 1203 3134 1303 3204; x_wconf 89' lang='lat' dir='ltr'><strong>nisi),</strong></span> 
     </span>
     <span class='ocr_line' id='line_1_29' title="bbox 238 3237 1304 3312; baseline 0 -16"><span class='ocrx_word' id='word_1_227' title='bbox 238 3239 276 3296; x_wconf 86' lang='lat' dir='ltr'><strong>ed</strong></span> <span class='ocrx_word' id='word_1_228' title='bbox 309 3247 422 3312; x_wconf 90' lang='lat' dir='ltr'><strong>tempus</strong></span> <span class='ocrx_word' id='word_1_229' title='bbox 454 3239 562 3296; x_wconf 85' lang='lat' dir='ltr'><strong>militiee</strong></span> <span class='ocrx_word' id='word_1_230' title='bbox 592 3237 654 3295; x_wconf 88' lang='lat' dir='ltr'><strong>sive</strong></span> <span class='ocrx_word' id='word_1_231' title='bbox 676 3238 713 3294; x_wconf 86' lang='lat' dir='ltr'><strong>ed</strong></span> <span class='ocrx_word' id='word_1_232' title='bbox 736 3237 933 3294; x_wconf 81' lang='lat' dir='ltr'><strong>traiectiouem</strong></span> <span class='ocrx_word' id='word_1_233' title='bbox 964 3237 995 3294; x_wconf 90' lang='lat' dir='ltr'><strong>iu</strong></span> <span class='ocrx_word' id='word_1_234' title='bbox 1017 3237 1146 3295; x_wconf 80' lang='lat' dir='ltr'><strong>Siciliam</strong></span> <span class='ocrx_word' id='word_1_235' title='bbox 1168 3237 1304 3310; x_wconf 84' lang='lat' dir='ltr'><strong>refertur,</strong></span> 
     </span>
     <span class='ocr_line' id='line_1_30' title="bbox 237 3343 1303 3418; baseline 0.001 -19"><span class='ocrx_word' id='word_1_236' title='bbox 237 3361 360 3418; x_wconf 81' lang='lat' dir='ltr'><strong>pravam</strong></span> <span class='ocrx_word' id='word_1_237' title='bbox 382 3343 470 3401; x_wconf 85' lang='lat' dir='ltr'><strong>hebet</strong></span> <span class='ocrx_word' id='word_1_238' title='bbox 491 3343 678 3411; x_wconf 81' lang='lat' dir='ltr'><strong>sententiem3</strong></span> <span class='ocrx_word' id='word_1_239' title='bbox 708 3361 775 3398; x_wconf 86' lang='lat' dir='ltr'><strong>uam</strong></span> <span class='ocrx_word' id='word_1_240' title='bbox 805 3361 899 3418; x_wconf 90' lang='lat' dir='ltr'><strong>ueque</strong></span> <span class='ocrx_word' id='word_1_241' title='bbox 930 3352 1044 3418; x_wconf 89' lang='lat' dir='ltr'><strong>tempus</strong></span> <span class='ocrx_word' id='word_1_242' title='bbox 1065 3343 1303 3417; x_wconf 65' lang='lat' dir='ltr'><strong>praestituendum</strong></span> 
     </span>
     <span class='ocr_line' id='line_1_31' title="bbox 238 3447 1304 3524; baseline 0.001 -20"><span class='ocrx_word' id='word_1_243' title='bbox 238 3457 301 3504; x_wconf 89' lang='lat' dir='ltr'><strong>erat</strong></span> <span class='ocrx_word' id='word_1_244' title='bbox 321 3447 372 3519; x_wconf 91' lang='lat' dir='ltr'><strong>iis,</strong></span> <span class='ocrx_word' id='word_1_245' title='bbox 394 3449 443 3523; x_wconf 92' lang='lat' dir='ltr'><strong>qui</strong></span> <span class='ocrx_word' id='word_1_246' title='bbox 467 3447 588 3505; x_wconf 81' lang='lat' dir='ltr'><strong>emerite</strong></span> <span class='ocrx_word' id='word_1_247' title='bbox 609 3447 754 3522; x_wconf 78' lang='lat' dir='ltr'><strong>stipendis</strong></span> <span class='ocrx_word' id='word_1_248' title='bbox 774 3448 937 3516; x_wconf 86' lang='lat' dir='ltr'><strong>hebebant,</strong></span> <span class='ocrx_word' id='word_1_249' title='bbox 971 3449 1022 3504; x_wconf 89' lang='lat' dir='ltr'><strong>sed</strong></span> <span class='ocrx_word' id='word_1_250' title='bbox 1053 3447 1109 3524; x_wconf 88' lang='lat' dir='ltr'><strong>ipsi</strong></span> <span class='ocrx_word' id='word_1_251' title='bbox 1140 3447 1304 3505; x_wconf 90' lang='lat' dir='ltr'><strong>dimittendi</strong></span> 
     </span>
     <span class='ocr_line' id='line_1_32' title="bbox 238 3551 1304 3629; baseline -0.001 -19"><span class='ocrx_word' id='word_1_252' title='bbox 238 3553 345 3628; x_wconf 88' lang='lat' dir='ltr'><strong>(neque</strong></span> <span class='ocrx_word' id='word_1_253' title='bbox 367 3555 445 3629; x_wconf 91' lang='lat' dir='ltr'><strong>quod</strong></span> <span class='ocrx_word' id='word_1_254' title='bbox 467 3563 581 3628; x_wconf 90' lang='lat' dir='ltr'><strong>tempus</strong></span> <span class='ocrx_word' id='word_1_255' title='bbox 603 3553 794 3628; x_wconf 70' lang='lat' dir='ltr'><strong>prestitutum</strong></span> <span class='ocrx_word' id='word_1_256' title='bbox 816 3553 870 3622; x_wconf 86' lang='lat' dir='ltr'><strong>sit,</strong></span> <span class='ocrx_word' id='word_1_257' title='bbox 891 3551 1075 3624; x_wconf 85' lang='lat' dir='ltr'><strong>iudicetur),</strong></span> <span class='ocrx_word' id='word_1_258' title='bbox 1105 3569 1199 3626; x_wconf 88' lang='lat' dir='ltr'><strong>neque</strong></span> <span class='ocrx_word' id='word_1_259' title='bbox 1227 3570 1304 3627; x_wconf 89' lang='lat' dir='ltr'><strong>opus</strong></span> 
     </span>
     <span class='ocr_line' id='line_1_33' title="bbox 237 3654 1305 3732; baseline -0.001 -17"><span class='ocrx_word' id='word_1_260' title='bbox 237 3667 300 3716; x_wconf 83' lang='lat' dir='ltr'><strong>eret</strong></span> <span class='ocrx_word' id='word_1_261' title='bbox 321 3659 394 3728; x_wconf 93' lang='lat' dir='ltr'><strong>dici,</strong></span> <span class='ocrx_word' id='word_1_262' title='bbox 415 3659 445 3715; x_wconf 92' lang='lat' dir='ltr'><strong>in</strong></span> <span class='ocrx_word' id='word_1_263' title='bbox 467 3657 596 3718; x_wconf 82' lang='lat' dir='ltr'><strong>Siciliam</strong></span> <span class='ocrx_word' id='word_1_264' title='bbox 618 3677 677 3716; x_wconf 90' lang='lat' dir='ltr'><strong>uon</strong></span> <span class='ocrx_word' id='word_1_265' title='bbox 698 3657 819 3726; x_wconf 85' lang='lat' dir='ltr'><strong>missos,</strong></span> <span class='ocrx_word' id='word_1_266' title='bbox 844 3657 893 3732; x_wconf 90' lang='lat' dir='ltr'><strong>qui</strong></span> <span class='ocrx_word' id='word_1_267' title='bbox 915 3657 1133 3717; x_wconf 89' lang='lat' dir='ltr'><strong>dimitterentur.</strong></span> <span class='ocrx_word' id='word_1_268' title='bbox 1178 3654 1305 3714; x_wconf 86' lang='lat' dir='ltr'><strong>Conficit</strong></span> 
     </span>
     <span class='ocr_line' id='line_1_34' title="bbox 237 3760 1304 3839; baseline -0.002 -19"><span class='ocrx_word' id='word_1_269' title='bbox 237 3784 308 3832; x_wconf 87' lang='lat' dir='ltr'><strong>rem,</strong></span> <span class='ocrx_word' id='word_1_270' title='bbox 330 3765 408 3839; x_wconf 93' lang='lat' dir='ltr'><strong>quod</strong></span> <span class='ocrx_word' id='word_1_271' title='bbox 430 3763 682 3838; x_wconf 87' lang='lat' dir='ltr'><strong>legitimorum</strong></span> <span class='ocrx_word' id='word_1_272' title='bbox 705 3780 786 3820; x_wconf 88' lang='lat' dir='ltr'><strong>esse</strong></span> <span class='ocrx_word' id='word_1_273' title='bbox 809 3762 1093 3838; x_wconf 86' lang='lat' dir='ltr'><strong>stipendiorum,</strong></span> <span class='ocrx_word' id='word_1_274' title='bbox 1115 3760 1140 3818; x_wconf 91' lang='lat' dir='ltr'><strong>si</strong></span> <span class='ocrx_word' id='word_1_275' title='bbox 1155 3761 1191 3818; x_wconf 89' lang='lat' dir='ltr'><strong>de</strong></span> <span class='ocrx_word' id='word_1_276' title='bbox 1212 3761 1304 3818; x_wconf 89' lang='lat' dir='ltr'><strong>milite</strong></span> 
     </span>
     <span class='ocr_line' id='line_1_35' title="bbox 237 3865 1303 3944; baseline -0.005 -17"><span class='ocrx_word' id='word_1_277' title='bbox 237 3870 350 3940; x_wconf 92' lang='lat' dir='ltr'><strong>dicitur,</strong></span> <span class='ocrx_word' id='word_1_278' title='bbox 374 3888 432 3926; x_wconf 90' lang='lat' dir='ltr'><strong>nou</strong></span> <span class='ocrx_word' id='word_1_279' title='bbox 454 3867 575 3925; x_wconf 85' lang='lat' dir='ltr'><strong>emerite</strong></span> <span class='ocrx_word' id='word_1_280' title='bbox 597 3869 742 3944; x_wconf 87' lang='lat' dir='ltr'><strong>stipendia</strong></span> <span class='ocrx_word' id='word_1_281' title='bbox 762 3867 914 3944; x_wconf 81' lang='lat' dir='ltr'><strong>significet,</strong></span> <span class='ocrx_word' id='word_1_282' title='bbox 936 3868 989 3924; x_wconf 90' lang='lat' dir='ltr'><strong>sed</strong></span> <span class='ocrx_word' id='word_1_283' title='bbox 1010 3867 1136 3941; x_wconf 87' lang='lat' dir='ltr'><strong>aliquem</strong></span> <span class='ocrx_word' id='word_1_284' title='bbox 1157 3865 1303 3942; x_wconf 82' lang='lat' dir='ltr'><strong>legitimo·</strong></span> 
     </span>
     <span class='ocr_line' id='line_1_36' title="bbox 236 3969 1304 4049; baseline -0.003 -19"><span class='ocrx_word' id='word_1_285' title='bbox 236 3993 300 4031; x_wconf 87' lang='lat' dir='ltr'><strong>rum</strong></span> <span class='ocrx_word' id='word_1_286' title='bbox 325 3973 533 4049; x_wconf 88' lang='lat' dir='ltr'><strong>stipendiorum</strong></span> <span class='ocrx_word' id='word_1_287' title='bbox 553 3971 754 4047; x_wconf 81' lang='lat' dir='ltr'><strong>perfunctione</strong></span> <span class='ocrx_word' id='word_1_288' title='bbox 775 3973 875 4030; x_wconf 75' lang='lat' dir='ltr'><strong>teumi</strong></span> <span class='ocrx_word' id='word_1_289' title='bbox 919 3971 1015 4046; x_wconf 83' lang='lat' dir='ltr'><strong>Quum</strong></span> <span class='ocrx_word' id='word_1_290' title='bbox 1037 3970 1205 4030; x_wconf 86' lang='lat' dir='ltr'><strong>Cannenses</strong></span> <span class='ocrx_word' id='word_1_291' title='bbox 1227 3969 1304 4028; x_wconf 88' lang='lat' dir='ltr'><strong>miii·</strong></span> 
     </span>
    </p>
   </div>
   <div class='ocr_carea' id='block_1_3' title="bbox 177 4168 325 4591">
    <p class='ocr_par' dir='ltr' id='par_1_3' title="bbox 171 4154 325 4591">
     <span class='ocr_line' id='line_1_37' title="bbox 177 4168 325 4591; baseline 0 0"><span class='ocrx_word' id='word_1_292' title='bbox 177 4168 325 4591; x_wconf 57' lang='lat' dir='ltr'><strong>l</strong></span> 
     </span>
    </p>
   </div>
   <div class='ocr_carea' id='block_1_4' title="bbox 0 0 1408 4646">
    <p class='ocr_par' dir='ltr' id='par_1_4' title="bbox 0 0 1408 4646">
     <span class='ocr_line' id='line_1_38' title="bbox 0 0 1408 4646; baseline 0 0"><span class='ocrx_word' id='word_1_293' title='bbox 0 0 1408 4646; x_wconf 95' lang='lat' dir='ltr'><strong> </strong></span> 
     </span>
    </p>
   </div>
  </div>
 </body>
</html>
