2810 4644
576 303 634 360 era
934 303 991 352 nn.
1002 303 1101 368 xx1v.

79 479 129 540 ubi
162 483 327 558 superiores
361 486 497 544 edebant:
540 486 583 542 ad
619 483 865 543 Hannibalem
899 485 1138 546 discessisset

79 589 338 666 traxissetque
360 591 404 648 ad
427 590 686 664 defectionem,
716 611 808 667 nuper
837 592 975 668 scriptum
1007 603 1051 650 est
1082 594 1137 651 de·

78 695 235 766 scisset,
256 697 435 754 traxisset
456 697 495 771 (P
512 698 692 756 discesset
715 698 919 772 traxisset),
944 701 1137 772 verbereum,

80 801 239 876 quodiam
260 803 391 860 Muretus
421 812 449 860 et
477 801 645 861 Gronovius
668 801 780 862 restitui
802 802 969 874 voluerant,
998 805 1137 880 asyndeto

80 926 173 984 pravo
193 909 225 965 iu
246 909 348 966 sedata
368 910 411 967 rei
429 907 596 986 primariam
612 909 755 966 actionem
777 909 955 983 (transitum)
978 919 1139 970 consecutae

80 1013 212 1089 pluribus
234 1015 330 1072 verbis
352 1014 548 1084 adiunctione;
581 1015 763 1073 scribendum
786 1025 857 1086 erat,
890 1017 1044 1092 geminatis
1066 1016 1137 1074 dua·

80 1122 135 1177 bus
156 1120 273 1179 littoris:
292 1120 482 1178 descisset
502 1129 537 1177 et
558 1121 744 1181 traxisset.
788 1121 846 1180 Sed
862 1122 974 1179 maiora
988 1133 1017 1180 et
1037 1122 1138 1181 diffiei-

81 1225 158 1282 liora
180 1227 293 1301 agenda
313 1236 389 1286 sunt.
436 1226 515 1284 Nam
537 1229 660 1302 primum
685 1227 806 1284 ulionrm
829 1237 932 1302 praeter
954 1228 990 1302 Q.
1014 1227 1139 1286 Fabium

79 1332 244 1390 Maximum
265 1343 378 1408 patrem
408 1333 444 1390 de
478 1333 570 1391 Dasio
598 1333 710 1391 Altinio
741 1333 771 1390 in
792 1333 911 1390 consilio
936 1335 1139 1392 sententialis

82 1439 112 1495 in
134 1439 282 1496 oodiceP
310 1437 498 1514 perscribitur
524 1439 639 1509 (ceteris
661 1438 761 1510 bonis,
787 1449 819 1495 ut
850 1456 978 1514 semper,
1007 1439 1140 1514 proxime

83 1545 323 1616 adhaerentibus):
345 1544 432 1602 aliis
453 1564 518 1620 pro
534 1545 728 1620 transfuga
741 1545 991 1602 ueruerandus
1013 1563 1139 1602 necan-

83 1650 224 1725 dusque
246 1649 386 1706 uideris
415 1647 462 1726 (id
483 1660 537 1720 est,
559 1651 699 1725 videri),
722 1650 895 1726 ancipitis
917 1649 1026 1708 animi
1048 1669 1138 1707 oom-

83 1754 201 1812 munis
223 1755 357 1814 hostis.
380 1756 537 1832 quipost
552 1756 775 1816 Cannensem
792 1757 945 1825 cladem,
966 1766 1139 1830 tanquam

16 1938 22 1950 ⁸
83 1879 159 1918 cnm
183 1859 333 1918 fortuna
356 1861 465 1920 iidem
487 1873 587 1921 stare
611 1872 814 1939 oporteret,
836 1863 879 1919 ad
895 1861 1137 1919 Hannibalern

83 1965 266 2023 discesset
301 1969 342 2042 (id
365 1979 421 2040 est,
443 1979 474 2026 ut
496 1969 566 2034 dixi,
595 1969 780 2026 descisset
812 1973 860 2034 et]
890 1968 1070 2026 traxisset
1098 1961 1139 2024 ed

83 2071 331 2130 defectionem
353 2079 491 2150 Arpos,
522 2085 592 2132 tum
615 2093 720 2149 quum
742 2093 799 2133 res
823 2078 987 2134 Romana
1014 2083 1142 2132 contra

84 2195 181 2253 spem
202 2187 363 2255 votaque
394 2181 472 2238 eius
503 2181 603 2238 velut
631 2193 869 2258 resurgerent
895 2181 1069 2256 turpibus
1091 2180 1140 2238 vi·

84 2283 217 2342 dentur
252 2305 381 2346 novem
410 2286 550 2344 referre
571 2287 816 2362 proditionem
847 2286 1016 2364 proditus
1047 2286 1140 2361 pelli

85 2390 156 2448 Vll
188 2391 463 2450 uiraliiudioioe
502 2402 575 2450 stet
614 2411 754 2468 semper
792 2393 952 2452 aliumde
986 2391 1137 2461 sentiat,

84 2579 226 2638 infidus
248 2519 359 2640 sociis
380 2517 480 2640 riculiss
505 2583 557 2658 (us
578 2601 597 2639 a
617 2601 694 2642 men.
723 2581 752 2656 t)
778 2581 913 2638 hostiis
938 2581 982 2638 ed
1004 2579 1141 2638 Faleri-

360 2707 379 2746 u

83 2790 185 2828 orum
208 2771 376 2847 phyrrtie
408 2771 636 2847 proditorem
669 2771 819 2828 tertium
851 2767 1055 2845 transfugis
1083 2769 1140 2826 do-

82 2886 285 2934 cumentum
308 2895 397 2935 esse.
442 2879 490 2935 Ex
511 2878 556 2935 his
579 2877 746 2936 Gronovius
773 2875 952 2950 (Observatt.
974 2876 1023 2932 lib.
1048 2877 1092 2932 lV
1115 2895 1139 2935 o.

87 2986 119 3039 ll
146 3001 175 3058 p.
204 2985 258 3041 169
284 2985 364 3058 sqq.)
388 3003 424 3040 ea
446 2981 548 3054 effecit,
572 3002 635 3058 quae
657 2983 759 3040 deinde
781 2983 810 3040 in
832 2982 1005 3040 editionibus
1028 3001 1140 3040 mense·

82 3097 159 3158 runt,
183 3089 348 3146 coniectura
366 3089 472 3164 partim
494 3089 593 3164 sagaci
614 3088 756 3163 felicique,
778 3089 883 3164 partim
899 3089 1006 3148 infelici
1020 3095 1073 3158 (-
1090 3089 1141 3146 ad·

83 3195 209 3252 scribam
232 3204 344 3251 tantum
365 3194 554 3270 posteriorem
576 3195 632 3252 loci
654 3205 776 3270 partem,
804 3196 940 3270 quoniam
964 3194 999 3252 de
1022 3213 1057 3252 en
1079 3195 1143 3252 sola

84 3301 321 3376 ambigitur-):
348 3302 531 3374 ..Arpos3
554 3319 731 3376 quumque
753 3320 812 3360 res
828 3303 988 3360 Romana
1012 3310 1141 3358 contra

81 3424 180 3482 spem
203 3414 361 3479 votaque
383 3406 459 3462 eius
484 3407 583 3463 velut
605 3418 833 3486 resurgeret,
856 3407 998 3484 turpius
1019 3407 1140 3464 videa·

82 3521 142 3570 tur
163 3529 291 3568 novam
313 3510 453 3570 referre
473 3513 723 3588 proditionem
757 3515 916 3592 proditis
948 3512 1046 3584 olim;
1081 3512 1141 3588 qui
1194 3549 1200 3558 -

81 3617 232 3674 aliunde
254 3627 325 3675 stet
347 3635 510 3694 semper,
533 3619 680 3676 aliunde
701 3621 851 3690 sentiat,
881 3617 1022 3677 infidus
1049 3620 1140 3678 soci·

80 3741 140 3788 us,
173 3742 288 3780 vanus
318 3723 451 3794 hostis;
484 3725 527 3782 ad
555 3725 784 3784 Faleriorum
819 3725 998 3804 l'yrrhive
1019 3726 1140 3802 prodi·

80 3841 197 3888 torem
220 3831 367 3887 tertium
390 3831 598 3907 transfugis
628 3832 876 3890 documentum
905 3841 1009 3904 esset.
1063 3831 1140 3888 Feli·

82 3937 201 3996 cissime
222 3935 339 3994 inventa
364 3937 428 3994 illa:
451 3937 597 3995 aliunde
618 3947 690 3994 stet
714 3955 873 4013 semper,
898 3937 1044 3996 aliunde
1065 3955 1141 3994 sen·

78 4043 165 4114 tiat,
199 4062 263 4118 quae
291 4043 418 4120 eorrupit
440 4043 701 4113 Weissenbornius,
730 4053 762 4101 ut
795 4063 831 4101 ex
853 4043 902 4101 illo
935 4044 1141 4102 aliiudicio-
