2810 4644
231 243 290 292 Lib.
299 243 430 296 xxvnt.
730 247 788 303 334

315 427 387 504 Cep.
410 430 466 498 24,
493 431 528 484 10
562 427 604 496 (in
626 427 817 504 descriptione
838 428 986 487 seditionis
1006 428 1160 486 cestrsm
1179 428 1210 484 in
1230 429 1289 486 Hi·

232 535 362 610 spsnia):
377 545 412 594 et
432 535 467 591 in
488 534 684 592 stationem
707 553 747 591 sc
768 535 920 610 vigilias
938 533 973 589 in
995 533 1157 591 ordinem
1173 535 1289 594 ibent.

233 642 346 716 Neque,
370 641 420 716 qui
439 650 518 698 certo
540 639 640 698 ordine
665 639 773 715 aliquid
794 639 922 710 iaciunt,
950 639 986 696 in
1007 639 1171 698 ordinem
1191 639 1222 697 id
1242 639 1289 700 fa-

231 767 297 804 cere
318 747 451 804 dicuntur
471 757 508 816 et,
530 746 554 802 si
576 745 746 816 dicerentur,
766 747 886 804 vitasset
906 755 1004 802 temen
1025 745 1126 804 Livius
1142 745 1290 821 ambigui-

233 861 333 922 tatem,
355 853 490 927 quonism
517 850 575 908 olio
596 851 684 908 modo
719 852 754 910 in
776 853 937 910 ordinem
958 854 1010 909 ire
1031 851 1135 909 dicitur
1165 851 1239 924 (uns
1260 862 1291 910 et

233 957 355 1034 simplici
376 958 458 1026 serie,
480 956 633 1027 XXXVI,
655 961 704 1028 43,
730 961 777 1027 13,
813 977 898 1032 quem
931 959 1025 1016 locum
1046 958 1096 1014 W.
1128 975 1187 1013 non
1209 969 1289 1016 recte

233 1065 373 1138 enerrst).
416 1065 537 1122 Poterat
559 1073 608 1120 out
631 1063 760 1120 ordine
784 1063 880 1134 scribi,
903 1063 981 1138 quod
1002 1063 1158 1122 Rbensnus
1179 1065 1290 1138 probe·

232 1170 283 1240 rit,
306 1181 357 1226 eut
379 1171 414 1228 in
436 1170 574 1240 orbem,
596 1170 674 1243 quod
695 1187 750 1244 ego
772 1169 865 1244 msgis
894 1169 1000 1226 inclino
1031 1177 1062 1224 ut
1086 1187 1104 1224 e
1126 1168 1211 1226 Livio
1233 1187 1288 1244 po-

236 1277 322 1334 situm
344 1285 451 1352 putem.

315 1381 388 1458 Cup.
408 1384 457 1450 26,
481 1386 496 1438 7
521 1380 570 1456 (de
591 1381 733 1438 seditiosis
745 1379 889 1456 Scipionis
901 1379 1065 1452 militibusj:
1086 1379 1191 1436 Hsnd
1206 1399 1289 1454 pro·

232 1489 289 1546 cnl
310 1487 611 1561 ismCerthegine
633 1487 795 1556 uberent,
819 1505 922 1562 quum
944 1529 971 1544 ..
988 1484 1289 1558 auditumposte-

234 1613 274 1650 ro
296 1593 352 1652 die
374 1611 513 1650 omnem
535 1593 735 1650 exercitum
757 1611 832 1650 cum
855 1593 896 1648 M.
920 1591 1047 1648 Silano
1077 1590 1111 1646 in
1136 1591 1289 1647 Lacote-

233 1717 296 1756 nos
318 1698 528 1774 proficisci,
556 1717 624 1755 non
646 1711 740 1755 metu
763 1699 869 1768 omni,
902 1697 962 1772 qui
992 1697 1127 1754 tacitus
1147 1695 1288 1753 inside-

233 1805 294 1860 bat
321 1803 466 1873 animis,
495 1805 671 1862 liberavit
692 1822 775 1872 eos,
811 1804 872 1860 sed
903 1803 1070 1860 laetitism
1104 1803 1286 1878 ingentem

233 1908 330 1966 iecit.
379 1907 428 1966 Sic
449 1910 571 1980 codices,
593 1927 666 1984 quos
690 1909 942 1966 Weissenbornius
963 1919 1078 1966 secutus
1099 1917 1155 1977 est;
1177 1907 1229 1964 sed
1251 1925 1289 1964 es

209 2014 372 2072 orationis
393 2015 504 2090 ligius,
526 2034 591 2090 quae
612 2025 656 2073 est
681 2016 711 2072 in
731 2035 801 2074 non
824 2047 861 2058 -
884 2013 963 2085 sed,
996 2023 1028 2071 ut
1055 2013 1172 2072 tolletur
1205 2015 1288 2089 prius

232 2119 406 2177 vocabulum
428 2132 566 2196 tannem
588 2140 691 2196 perum
713 2121 754 2178 rei
776 2121 958 2192 conveniens,
983 2120 1020 2176 sb
1042 2121 1098 2178 boc
1120 2120 1186 2176 loco
1199 2119 1288 2195 plane

234 2227 329 2284 aliene
350 2237 402 2296 cst,
425 2228 523 2285 addito
544 2228 702 2303 praesertim
725 2227 819 2284 omni
840 2235 869 2284 st
889 2227 979 2284 verbo
1002 2225 1204 2300 (liberavit)
1223 2225 1288 2282 lon·

233 2333 298 2408 gius
319 2331 435 2402 reiecto,
457 2353 494 2390 ex
515 2353 573 2408 quo
595 2334 636 2403 nt,
658 2341 690 2390 ut
711 2332 875 2390 necessario
897 2331 1002 2390 milites
1021 2331 1288 2408 intelligenuunon

233 2423 311 2496 omiti
334 2447 427 2508 metu,
451 2439 502 2496 sed
524 2449 606 2514 perte
628 2439 726 2514 eliqua
749 2445 843 2496 metus
867 2438 962 2498 levati.
1018 2438 1123 2512 loque
1148 2448 1200 2496 sut
1220 2455 1288 2495 cnm

234 2545 431 2621 superioribus
451 2545 608 2602 editoribus
629 2545 792 2603 addendum
813 2545 918 2602 modo
945 2553 996 2601 eut
1022 2563 1059 2602 ex
1087 2544 1183 2601 omni
1213 2544 1288 2602 feci-

233 2651 337 2708 endum
358 2652 469 2710 modo.

318 2754 391 2832 cap.
415 2759 463 2828 31,
480 2759 513 2815 9:
536 2756 661 2832 Scipio
682 2755 807 2814 multis
831 2757 997 2812 invectus
1017 2755 1052 2812 in
1072 2767 1287 2832 presentem

235 2861 464 2925 Mandonium
502 2864 761 2936 absentemque
791 2859 986 2920 Indibilem
1022 2863 1161 2932 verbis,
1198 2863 1288 2922 illos

234 2967 377 3040 quidem
398 2969 526 3026 merito
548 2968 690 3044 perisse
710 2967 871 3042 ipsorum
893 2965 1081 3024 maleficio
1109 2967 1174 3038 sit,
1208 2968 1289 3026 vic·

234 3082 337 3130 turos
358 3089 422 3130 suo
443 3083 553 3148 etque
570 3073 697 3150 populi
721 3071 1077 3131 Romanibeneficio.
1121 3071 1287 3132 Ceterum

235 3178 369 3254 quippe
396 3197 436 3236 ee
465 3177 619 3252 pignere
652 3177 854 3235 timentium
877 3177 1113 3236 rebellionem
1142 3197 1220 3237 esse
1241 3181 1288 3238 ti·

234 3285 347 3342 berim
378 3302 477 3342 ormo
506 3283 717 3360 relinquere
745 3283 1031 3341 solutoscnimos
1058 3303 1171 3358 neque
1194 3286 1289 3343 sein

234 3389 383 3465 opsides
412 3389 584 3447 innoxios
605 3389 668 3446 sed
689 3390 724 3448 in
742 3390 861 3465 ipsos,
890 3389 920 3446 si
941 3389 1160 3458 defecerint,
1182 3392 1289 3448 smni-

234 3503 350 3554 turum
373 3507 427 3554 cet.
472 3496 521 3555 Sic
542 3495 656 3554 codices
679 3497 751 3569 (PM
772 3493 867 3564 Cant,
879 3495 976 3566 Voss,
997 3497 1071 3558 Lov.
1097 3500 1122 3566 1,
1145 3497 1290 3572 nisiquod

234 3601 263 3658 hi
298 3603 356 3660 duo
386 3601 701 3660 solutosenimhos
728 3601 847 3670 hebent3
879 3602 966 3659 ceteri
993 3602 1097 3660 sensim
1126 3603 1290 3678 oberrent);

233 3707 263 3764 in
285 3708 461 3766 restituendo
484 3708 548 3766 loco
571 3727 658 3783 quum
681 3707 767 3764 ceteri
777 3725 880 3784 parum
898 3705 1020 3764 feliciter
1032 3708 1140 3766 versati
1150 3704 1291 3784 essent¹).

260 3941 283 4008 ¹)
303 3947 333 3996 ln
348 3955 451 4012 recepte
467 3948 544 4011 vulgo
559 3947 683 4011 scripture
700 3945 787 4011 Scipio
804 3947 897 3996 dicitur
921 3961 993 3996 arms
1014 3948 1072 3997 ideo
1089 3949 1212 4013 Hisponis
1238 3965 1290 4000 non

304 4039 425 4098 adimere,
444 4041 512 4102 quod
530 4039 612 4088 libers
629 4055 659 4089 ee
673 4040 705 4089 iis
722 4040 856 4102 relinquet.
