2826 4640
264 266 321 316 Lib.
339 265 411 316 xm.
759 270 817 326 500

265 451 350 527 qnia
367 469 435 509 non
455 459 555 508 recte
574 449 680 508 lactre
699 449 841 508 Latina
862 461 992 521 essent,
1013 450 1235 508 instauratis
1257 451 1323 508 La·

264 556 366 629 tinia,
387 554 529 634 placuit
550 556 779 627 Lanuvinos,
801 575 952 630 quorum
972 575 1085 632 opera
1105 555 1322 612 instauratae

263 662 343 736 (cod.
365 662 581 732 instaurati)
605 671 742 734 essent,
763 661 907 720 hostias
928 663 1101 737 praebere.
1142 661 1247 736 Neque
1272 660 1323 717 in·

265 769 443 826 stauretia
468 768 527 826 iam
557 768 701 828 Latinis
731 767 833 826 hostia
854 768 1065 844 prabebantur,
1095 767 1145 824 sed
1167 786 1257 841 quum
1278 767 1323 824 in·

265 884 474 946 staurarentur,
489 893 583 950 neque
605 875 821 931 instauratae
842 873 900 931 iam
915 873 1186 930 Lanuvinorum
1209 891 1324 948 opera

264 979 343 1040 feriae
362 981 393 1038 in
414 981 582 1056 pontificum
604 980 719 1038 decreto
741 979 798 1038 dici
817 988 960 1055 poterant,
984 997 1042 1054 quo
1063 979 1219 1036 instaurari
1240 979 1324 1036 iube-

264 1087 379 1157 bantur,
402 1105 495 1162 neque
515 1087 609 1163 ipsum
631 1086 737 1144 decreti
760 1094 858 1162 caput,
878 1085 1049 1143 instauratio
1068 1085 1215 1154 feriarum,
1230 1085 1273 1144 sic
1293 1085 1323 1142 in

264 1191 466 1249 secundariam
507 1193 677 1252 sententiam
723 1191 956 1265 (instauratis
1005 1189 1162 1264 Latinis)
1206 1191 1327 1249 includi.

265 1295 396 1356 Offendit
416 1298 504 1356 etiam
523 1299 641 1375 (prater
660 1297 801 1374 placuit
826 1307 894 1374 post
915 1295 1059 1354 ablativos
1080 1305 1193 1372 partem
1215 1297 1326 1356 decreti

264 1402 445 1460 continentes
465 1405 682 1481 interpositum)
713 1403 897 1462 incommoda
927 1401 1050 1459 nominis
1071 1403 1204 1479 repetitio
1226 1403 1325 1478 (quia

264 1527 333 1566 non
354 1519 451 1567 recte
472 1509 737 1569 factaLatinae
759 1517 891 1578 essent,
910 1507 1134 1566 instauratis
1151 1509 1323 1582 Latinis).

264 1613 428 1690 Scripserat
450 1616 551 1674 Livius
571 1616 673 1675 litteris
696 1615 817 1673 nonita
837 1615 958 1672 multum
979 1614 1116 1684 diversis,
1141 1614 1272 1672 oratione
1296 1625 1325 1670 et-

264 1719 593 1798 aententialongealia:
615 1720 879 1792 Pontificibus,
903 1719 988 1795 quia
1009 1739 1077 1776 non
1099 1730 1197 1776 recte
1218 1718 1325 1776 facte

267 1826 402 1884 Latinae
430 1839 570 1898 essent,
600 1827 818 1897 instaurari,
844 1826 987 1884 Latinis
1017 1825 1172 1903 placuit,
1203 1825 1324 1882 Lanu-

264 1931 386 2002 vinos,
417 1953 567 2008 quoram
597 1952 709 2010 opera
734 1932 982 1990 instauranda
1013 1942 1151 2003 essent,
1181 1931 1326 1988 hostias

264 2039 433 2114 praebere.
480 2041 639 2100 Pontifices
660 2039 786 2098 Romani
807 2037 895 2096 feries
916 2038 1120 2095 instaurandas
1142 2055 1205 2094 ease
1225 2037 1326 2094 decre-

264 2152 343 2214 runt3
368 2144 480 2214 Latini,
516 2165 640 2221 qnorum
671 2145 789 2221 aliquod
818 2145 857 2203 ad
888 2145 941 2201 has
970 2143 1058 2202 ferias
1091 2143 1235 2202 curandas
1257 2160 1326 2199 con-

263 2249 359 2308 cilium
381 2250 471 2310 fuisse
493 2252 579 2310 debet
596 2250 723 2329 (aarum,
745 2251 863 2327 opinor,
893 2250 1051 2320 civitatum,
1073 2267 1137 2325 quae
1158 2248 1246 2305 etiam
1269 2268 1324 2324 po·

264 2365 327 2414 stau
348 2375 464 2416 carnem
487 2358 598 2416 Latinis
618 2357 764 2438 petebant,
804 2357 840 2414 do
867 2373 924 2430 qua
954 2376 987 2412 re
1013 2357 1176 2414 testimonia
1202 2353 1325 2412 collecta

264 2471 380 2522 exstant
399 2464 429 2521 in
444 2463 568 2522 Beckeri
588 2473 617 2521 et
637 2461 832 2537 Marquardtii
854 2462 977 2538 Antiqq.
1004 2464 1088 2521 Rom.
1110 2461 1156 2518 IV
1182 2479 1211 2537 p.
1239 2462 1323 2535 tlt),

264 2577 409 2644 sumptum
431 2569 460 2626 in
487 2589 551 2628 eam
574 2589 635 2628 rem
656 2567 841 2646 praebendum
863 2569 901 2626 ab
924 2589 959 2628 ea
981 2569 1106 2640 civitate,
1129 2566 1210 2625 cuius
1232 2586 1324 2643 opera

264 2681 292 2730 et
315 2672 401 2747 culpa
424 2673 515 2748 fieret,
539 2685 571 2734 ut
591 2676 829 2734 instaurarentur.
878 2673 910 2734 si
932 2677 995 2750 quis
1010 2675 1180 2734 Latinorum
1205 2674 1325 2748 negabit

264 2777 337 2836 ullas
359 2778 530 2838 decernendi
544 2789 643 2856 partes
657 2779 758 2856 fuisse,
780 2779 961 2838 scribendum
977 2781 1012 2851 ei,
1033 2782 1148 2840 sublato
1170 2779 1324 2848 Latinis,

264 2883 331 2940 erit:
359 2883 568 2944 instaurari
593 2885 749 2962 placuit,
780 2886 1008 2957 Lanuvinos,
1037 2905 1187 2963 quorum
1212 2904 1324 2962 opera

263 2989 511 3048 instaurandae
538 3001 675 3062 essent,
702 2993 731 3051 h.
767 3011 797 3067 p.
907 2992 1043 3067 Sequitur
1066 2997 1094 3063 (§
1118 2993 1164 3066 3):
1191 2995 1323 3050 Acces-

263 3103 365 3153 serat
386 3095 429 3152 ad
450 3097 681 3174 religionem,
712 3099 806 3172 quod
828 3097 886 3156 Cn.
909 3096 1101 3156 Cornelius
1130 3097 1325 3156 consuler

263 3209 386 3258 monte
413 3193 562 3259 Albano
586 3201 733 3260 rediens
762 3203 935 3262 concidit.
981 3204 1017 3261 ln
1039 3203 1138 3261 codice
1159 3203 1201 3261 sic
1222 3203 1324 3261 scribi-

263 3316 322 3364 tur:
343 3308 568 3365 Accesserat
591 3308 633 3366 ad
655 3308 835 3384 legionem
851 3307 1186 3370 Cn.Corneliuscet.
1219 3312 1323 3368 Potest

265 3413 363 3470 Livius
391 3414 553 3490 scripsisse:
594 3417 819 3472 Accesserat
851 3415 927 3477 alla
958 3416 1114 3495 rellglet
1153 3435 1229 3479 m
1262 3415 1323 3474 Cn.

263 3517 456 3578 Cornelius
476 3529 529 3580 cet.
573 3519 631 3578 Sed
653 3537 699 3578 res
721 3519 841 3579 incerta.
884 3521 1025 3580 Extremo
1038 3522 1131 3598 capite
1154 3524 1188 3594 (ξ
1202 3525 1235 3580 9:
1257 3541 1325 3580 ana

261 3625 398 3682 virtute
434 3645 475 3684 ac
513 3625 700 3684 felicitate
739 3627 935 3694 neminem,
956 3629 1027 3686 iam
1057 3630 1110 3688 cis
1143 3625 1222 3706 [cod.
1255 3625 1323 3706 sic]

261 3729 369 3806 Alpis
390 3731 530 3789 hostem
553 3732 684 3808 populi
705 3733 860 3792 Romani
885 3732 962 3812 [cod.
980 3733 1059 3813 pro]
1083 3735 1236 3811 agrique
1259 3735 1323 3792 ali·

262 3846 434 3910 quantum
466 3849 612 3913 captum
641 3845 709 3908 cet.)
741 3839 913 3898 infinitivum
943 3841 1045 3898 abesse
1072 3859 1129 3898 non
1158 3858 1246 3916 posse
1269 3841 1325 3908 tob

261 3959 326 4002 eam
349 3957 476 4014 cansam,
500 3963 587 4019 quam
610 3945 732 4020 exposui
754 3965 783 4022 p
807 3947 867 4004 248
883 3949 964 4020 not),
985 3948 1043 4006 iam
1068 3945 1328 4006 Drakenborchins
