2822 4648
576 261 630 317 113
988 261 1045 310 Lib.
1065 261 1100 314 V.

148 441 225 518 Cap.
254 447 305 513 lt),
329 447 363 500 5:
396 453 567 518 quantum
600 452 717 500 autem
747 445 952 519 augebatur
983 444 1136 503 militum

67 566 255 616 numerus,
277 557 383 606 tanto
405 549 542 606 maiore
563 550 718 624 pecunia
739 550 774 606 in
801 550 1022 625 stipendium
1047 567 1136 626 opus

67 665 161 724 erat,
183 671 300 728 eaque
323 653 464 711 tributo
487 655 762 727 conferebatur,
795 656 924 713 invitis
945 656 1137 714 conferen-

67 759 179 831 tibus,
212 761 273 835 qui
304 761 400 818 domi
425 761 675 830 remanebant,
710 763 795 834 quia
816 771 870 819 etc.
928 762 998 820 Non
1021 761 1137 837 elegans

68 865 200 940 proiecto
232 867 293 924 baec
327 867 435 923 oratio:
472 865 750 935 conferebatur,
783 866 913 924 invitis
949 867 1136 925 conferen-

69 971 181 1040 tibus,
204 973 266 1047 qui
287 1005 344 1043 —,
367 989 455 1046 quum
477 973 636 1046 praesertim
660 971 829 1030 facillimum
852 981 928 1030 esset
948 971 1135 1031 offensionem

70 1077 162 1134 vitare
186 1078 331 1142 (invitis
353 1077 601 1146 solventibus,
631 1078 872 1152 querentibus
894 1078 954 1149 iis,
978 1079 1138 1146 similiter);

69 1183 119 1238 sed
141 1201 179 1238 ne
200 1191 312 1240 rectum
334 1183 450 1258 quidem
474 1193 524 1239 cut
540 1183 677 1240 Latinum
694 1192 738 1240 est
758 1184 948 1258 pecuniam
970 1184 1138 1242 conferre

70 1289 227 1358 tribut03
271 1307 338 1345 narn
376 1299 427 1344 aut
458 1289 615 1364 pecunia
646 1287 853 1356 confertur,
895 1290 1004 1346 omissa
1039 1289 1137 1346 tributi

70 1393 227 1462 mentione,
249 1403 300 1449 aut
322 1394 508 1451 tributum.
557 1393 672 1470 Opinor
692 1393 808 1450 Livium
832 1393 995 1468 scripsisse:
1024 1413 1139 1468 eaque

70 1500 211 1556 tributo
234 1498 522 1570 conficiebatur,
541 1500 670 1556 invitis
692 1497 984 1568 conferentibus,
1007 1499 1067 1572 qui
1084 1507 1137 1555 etc.

70 1604 310 1662 Commemorata
340 1605 469 1678 pecuniae
501 1606 686 1676 necessitate,
720 1603 822 1660 deinde
854 1605 955 1660 Livius
987 1604 1138 1678 significat,

70 1729 136 1784 quse
160 1710 223 1766 eius
256 1711 395 1785 paraudae
428 1709 668 1784 conficiendoque
702 1711 750 1766 via
778 1729 796 1764 a
819 1709 967 1784 republica
996 1709 1068 1765 inita
1090 1709 1139 1776 sit3

71 1827 131 1872 turn
165 1817 203 1872 ad
233 1815 415 1890 privatorum
452 1815 584 1872 solvendi
617 1815 808 1889 (conferendi)
836 1815 1017 1872 voluntatem
1051 1816 1139 1876 venit.

72 1920 244 1978 Reficcre
266 1929 294 1976 et
315 1918 456 1976 referre
479 1929 655 1977 commutata
678 1921 803 1977 vidimus
827 1921 902 1978 libro
924 1922 966 1992 II,
990 1925 1039 1996 65,
1065 1927 1091 1978 5.

157 2023 232 2101 Cap.
260 2030 310 2094 li,
335 2027 351 2081 2
384 2025 447 2094 (ubi
470 2026 634 2082 Trebonius
665 2027 850 2100 conqueritur
879 2027 914 2082 de
945 2027 1058 2084 duobus
1090 2028 1139 2084 tri·

71 2131 158 2188 bunis
180 2132 219 2206 pl.
241 2131 429 2207 patriciorum
452 2131 556 2206 opibus
586 2133 744 2206 cooptatis,
774 2143 930 2207 postquam
953 2131 1076 2200 frustra,
1110 2141 1141 2187 ut

71 2237 127 2311 ipsi
152 2236 265 2312 patricii
296 2243 511 2310 cooptarentur,
541 2246 701 2311 pugnaturn
724 2239 790 2310 sit):
835 2239 885 2306 ls,
916 2239 1009 2311 quod
1031 2237 1141 2314 petis·

73 2352 155 2399 sent
178 2351 304 2416 patres
326 2341 487 2415 quidam,
518 2342 633 2416 primo
664 2343 810 2418 incepto
839 2343 991 2418 repulsi,
1024 2355 1141 2400 tamen

73 2448 245 2504 tribunos
266 2447 421 2503 militurn
446 2465 680 2521 expugnasse
702 2448 925 2513 vociferans,
948 2458 1001 2505 cet.
1053 2452 1142 2507 Recte

74 2553 330 2610 Weissenbornius
359 2551 528 2608 tribunos
560 2552 731 2622 militum,
768 2565 890 2628 quorum
924 2552 953 2609 in
983 2553 1032 2609 illa
1055 2573 1143 2629 coop-

74 2658 186 2714 tatione
208 2657 385 2733 perficienda
406 2657 481 2714 ullas
504 2657 622 2714 omnino
644 2657 734 2716 fuisse
762 2669 860 2734 portes
883 2659 984 2716 Livius
1006 2677 1062 2715 non
1085 2659 1143 2733 sig·

73 2765 219 2833 nificavit,
251 2763 318 2819 hinc
345 2764 523 2819 amovendos
555 2764 684 2838 putavit3
723 2765 801 2838 quod
828 2773 924 2820 autem
955 2783 991 2820 ne
1012 2763 1143 2821 tribunos

61 2869 169 2944 plebis
192 2868 307 2942 quidem
330 2868 377 2924 hic
399 2868 543 2924 nominari
565 2869 695 2943 potuisse
716 2879 808 2945 putat,
833 2887 915 2926 secus
937 2877 995 2938 est;
1018 2869 1142 2942 primum

73 2975 154 3032 eninr
175 2973 341 3030 Trebonius
364 2973 511 3042 universe,
543 2973 610 3048 quid
635 2976 824 3050 patriciorum
852 2973 1087 3049 plebeiorumque
1110 2974 1143 3030 iis

73 3083 282 3137 obsecuturum
305 3079 390 3154 culpa
411 3079 520 3136 factum
543 3080 595 3148 sit,
627 3079 820 3152 vociferatur,
853 3079 955 3136 deiude
978 3079 1143 3154 singulatim

73 3205 137 3242 rem
161 3184 291 3259 exponit.
346 3185 403 3242 Sed
426 3185 511 3260 plura
533 3193 643 3242 restant
664 3185 799 3253 vulnero,
829 3185 954 3259 primum
978 3185 1056 3258 quod
1081 3205 1144 3260 pa-

74 3271 152 3348 tres
183 3290 329 3364 quidam
360 3290 389 3346 id
423 3291 529 3365 petisse
562 3291 710 3358 dicuntur,
750 3301 888 3363 tanquam
920 3291 1005 3365 pauci
1035 3291 1145 3364 aliquot

74 3395 199 3464 fuerint,
233 3413 321 3468 quum
356 3415 420 3453 eam
451 3416 510 3454 rem
543 3396 630 3452 totius
656 3395 764 3451 ordinis
795 3394 897 3450 studiis
927 3406 1021 3452 actam
1044 3395 1145 3452 Livius

75 3502 220 3578 significet
254 3511 282 3556 et
314 3501 493 3558 Trebonium
524 3500 554 3557 id
584 3508 750 3574 querentem
783 3499 874 3556 faeiat
908 3505 941 3572 (ξ
967 3505 983 3557 3
1017 3501 1145 3557 fraude

73 3607 340 3684 patriciorum,
363 3611 377 3674 ξ
401 3611 416 3662 4
442 3625 545 3680 quum
569 3605 742 3662 arderent
763 3605 903 3661 invidia
926 3612 1082 3680 patros);
1112 3624 1146 3661 ac

75 3733 113 3769 nc
138 3712 204 3786 quis
229 3711 320 3786 (quod
344 3711 612 3781 Weissenbornius,
646 3709 708 3784 ipse
736 3719 813 3766 recte
835 3707 978 3780 offensus,
1012 3720 1145 3776 conatur)

76 3838 130 3877 ces
170 3818 309 3893 patricios
340 3815 496 3891 intelligat,
533 3816 582 3889 qui
613 3815 668 3890 ipsi
699 3814 806 3871 tribuni
838 3815 970 3888 cooptari
995 3815 1147 3886 voluerint,

78 3933 276 4000 preterquam
300 3921 378 3995 quod
401 3919 502 3976 Livius
524 3919 617 3977 nullos
639 3929 734 3976 certos
755 3919 893 3994 petitores
915 3929 982 3976 ante
1003 3920 1147 3994 signifiea-

76 4031 130 4100 vit,
153 4029 206 4086 sed
228 4045 290 4084 rem
313 4026 446 4082 universe
469 4025 625 4099 agitatam,
656 4025 773 4080 omniuo
795 4023 932 4098 loquendi
957 4024 1020 4081 usui
1043 4043 1148 4098 repug-

135 4147 243 4186 Mlll'lb'il
257 4145 413 4183 tarr-stru.
932 4133 946 4176 8
