2800 4646
259 265 317 316 mn
341 265 456 316 xxxv.
760 269 820 328 400

260 451 367 510 excidit
397 469 484 512 cnm.
542 450 679 526 Apparet
707 467 782 510 nnnc
808 451 911 520 etism,
943 449 1075 526 purtim
1108 449 1137 509 in
1159 451 1193 508 M
1215 450 1314 508 rectius

261 576 348 633 quem
369 557 399 614 in
421 556 523 616 ceteris
544 556 627 632 poui;
648 574 718 614 nem
738 556 795 614 illis
816 557 1034 634 Lysimacho
1062 599 1111 619 ...
1139 575 1230 615 creso
1249 575 1315 614 con-

261 663 598 741 trsrispouuntnrbaec:
620 662 664 720 sb
686 663 894 722 Thracibus
916 679 1106 738 possesse,
1130 663 1233 722 duride
1253 681 1315 738 per·
1374 727 1375 742 χ

262 770 325 828 titio
347 771 388 828 fit.

345 875 419 952 Cap.
441 875 491 944 62,
518 876 554 933 13
578 875 618 948 (in
639 875 802 952 legstorum
826 873 1019 933 Numidarum
1047 883 1149 934 contre
1169 873 1318 949 carnan-

263 981 404 1040 niensinm
419 981 552 1055 querelas
567 989 595 1039 et
608 981 757 1058 postulme
766 981 933 1051 cretione):
951 980 1079 1055 Neque
1093 999 1168 1038 eum
1184 979 1320 1057 (αςι-ιιω),
1375 1042 1376 1064 ,

264 1090 305 1147 de
326 1107 395 1164 quo
418 1087 554 1163 egitur,
584 1087 742 1164 probare
774 1104 835 1144 eos
862 1103 985 1162 posse,
1012 1105 1082 1144 non
1113 1087 1218 1145 modo
1239 1107 1320 1146 sem·
1375 1075 1376 1080 ἵ

263 1214 343 1272 per,
365 1213 408 1252 ex
429 1211 498 1268 quo
522 1192 728 1268 coeperint,
757 1193 820 1250 sed
850 1211 893 1249 ne
913 1192 973 1250 din
996 1191 1139 1266 quidem
1163 1211 1224 1252 eos
1245 1211 1320 1270 pos·

264 1299 416 1358 sedisse.
472 1298 563 1358 Nullo
585 1298 707 1356 artificio
736 1297 851 1356 delendi
872 1306 986 1374 potest,
1021 1299 1076 1356 hoc
1097 1299 1242 1374 posterius
1264 1315 1320 1356 sos

264 1424 322 1464 non
351 1405 498 1463 soloecum
528 1421 592 1461 esse
613 1421 667 1479 pro
689 1421 739 1473 se,
772 1399 948 1480 (probare
979 1423 1047 1462 non
1069 1414 1243 1480 possunt,

265 1529 326 1570 eos
346 1508 588 1588 possedisse3)
617 1508 801 1568 menifestum
829 1517 890 1578 est,
920 1510 950 1568 id
982 1529 1141 1587 pronomen
1161 1511 1238 1569 mele
1258 1530 1320 1586 sup·

266 1617 374 1693 pletum
412 1632 491 1686 esse,
525 1634 613 1690 quum
647 1616 806 1674 subiectum
839 1616 1065 1686 desideraretur3
1096 1625 1193 1674 utrum
1225 1617 1321 1675 Livius

266 1721 426 1798 scripserit:
458 1721 617 1797 probare
638 1739 699 1780 sos
720 1739 830 1798 posse
937 1722 1152 1798 possedisse
1183 1741 1222 1780 sn
1248 1741 1320 1798 pro

267 1829 355 1886 bsre
376 1844 437 1884 eos
468 1844 578 1902 posse
599 1845 638 1889 sc
742 1829 966 1904 possedisse,
996 1847 1055 1886 non
1084 1827 1203 1898 definio;
1235 1829 1321 1903 meps

268 1933 416 1992 tamenin
438 1934 513 1991 hanc
534 1941 647 2009 purtem
671 1933 793 2004 inclino;
814 1953 882 1992 nem
904 1933 1003 1992 omissi
1024 1933 1203 2010 pronominis
1224 1935 1320 1991 reflex-

267 2039 307 2098 ivi
329 2039 402 2113 (sive
423 2039 584 2116 personalis
613 2041 750 2098 reflexive
780 2040 900 2099 subiecti
928 2039 993 2097 loco
1022 2039 1161 2115 ponendi)
1195 2039 1321 2114 exemplu

269 2145 348 2222 opud
376 2145 534 2222 perfectum
564 2145 695 2204 infinitivi
729 2156 861 2221 tempus,
896 2155 964 2222 post
983 2145 1149 2202 huiusmodi
1169 2144 1320 2221 presertim

268 2253 398 2322 verbum,
422 2250 508 2326 qusle
529 2260 573 2310 est
593 2253 753 2328 probare
775 2257 826 2319 (—
848 2251 961 2310 lucilius
983 2253 1057 2309 enim
1080 2250 1171 2308 fertur
1192 2249 1321 2308 iecisse

270 2358 367 2416 dixit
388 2366 416 2415 et
437 2357 543 2416 similis
564 2355 617 2433 -)
640 2376 693 2416 nec
714 2359 805 2416 mults
828 2377 881 2416 nec
907 2368 986 2418 eene
1016 2365 1091 2416 sunt.
1151 2357 1210 2417 Sed
1239 2365 1321 2414 restat

270 2465 390 2540 aliquid.
436 2465 551 2522 Livium
574 2464 649 2522 euim
675 2464 780 2541 opinor
800 2465 966 2541 scripsisse:
987 2482 1121 2538 exque
1143 2462 1322 2539 ceperint,

269 2590 342 2628 non:
375 2589 508 2645 exque
531 2571 735 2647 coeperint3
769 2571 894 2630 debebst
925 2571 999 2628 enim
1032 2569 1100 2627 addi
1129 2567 1322 2644 possidere.

666 2998 745 3072 Lib.
772 2998 934 3074 XXXV.

353 3206 426 3284 Cap.
454 3211 481 3276 8,
507 3213 522 3266 7
548 3209 589 3278 (in
612 3210 744 3267 erutione
766 3209 885 3280 Metelli,
916 3209 1070 3284 querentis,
1102 3207 1180 3283 quod
1202 3208 1237 3268 L.
1259 3203 1324 3264 Cor·

271 3313 361 3372 nelius
383 3315 484 3372 consul
505 3334 563 3372 non
585 3315 625 3375 M.
648 3314 818 3372 Marcellum
846 3315 974 3391 legatum
1004 3315 1129 3372 Romam
1156 3331 1253 3371 secum
1281 3312 1324 3368 de·

271 3420 417 3490 duxisset,
445 3421 494 3495 qui
516 3420 663 3478 contraris
685 3421 811 3479 consulis
833 3421 935 3478 litteris
959 3420 996 3477 de
1021 3419 1133 3496 proelio
1164 3439 1228 3478 curn
1252 3419 1325 3477 Boiis

271 3525 349 3583 fecto
364 3524 402 3582 ed
420 3526 526 3586 multos
541 3525 723 3603 scripserat):
744 3527 848 3584 Nunc
869 3525 990 3584 videri
1011 3543 1090 3610 esse
1113 3533 1270 3583 emotum
1290 3526 1326 3582 dc

271 3631 468 3703 industris,
491 3633 550 3708 qui
572 3651 627 3703 es,
652 3651 728 3708 qum
750 3632 980 3709 scripsisset,
1001 3649 1158 3707 praesens
1179 3632 1326 3689 diceret.

273 3755 425 3812 arguero
446 3755 568 3795 corum
585 3747 627 3808 ct,
645 3739 777 3814 siquid
794 3738 878 3796 runi
900 3735 1065 3806 efferret,
1081 3738 1186 3813 srgui
1200 3747 1327 3815 posset,

273 3841 386 3899 donec
408 3841 451 3898 sd
472 3843 651 3918 liquidum
674 3844 817 3902 veritos
842 3841 1159 3919 exploreteessst.
1196 3844 1327 3902 Sionuuo

277 3944 569 4024 (eWeissenbornio)
592 3949 685 4008 editur
707 3969 723 4008 e
746 3949 771 4008 B
793 3959 822 4008 et
843 3947 1011 4025 vulgaribus
1033 3947 1195 4019 codicibus,
1225 3947 1254 4005 in
1275 3965 1328 4023 qne

274 4050 416 4125 scripture
448 4062 477 4109 et
509 4054 626 4130 longum
659 4057 714 4114 hoo
748 4067 776 4113 et
807 4054 974 4131 bipertitum
994 4054 1153 4112 membrum
1176 4071 1328 4129 urguere
