2810 4644
600 292 658 348 347
993 288 1050 341 Lib.
1067 290 1157 339 XXX.

97 475 249 552 superiore
276 473 422 530 sententis
442 480 526 548 perte
548 473 720 548 deposito,
744 479 775 528 ut
796 489 854 528 uon
876 473 943 530 huic
960 475 1089 532 membro
1111 495 1156 533 re-

98 579 252 656 spondent,
286 578 337 636 sed
368 577 450 635 alteri
485 575 629 654 (contre
660 576 829 636 Italicum
861 578 1061 652 equitatum

97 694 227 743 contre
251 681 532 759 Massinissamlz
553 693 631 741 recte
653 683 727 740 enim
750 681 935 740 scriberetur:
962 686 1155 744 Numidico

97 789 265 864 equitatu
295 798 423 868 contre
451 788 636 858 Italicum,
675 787 1038 864 Carthaginiensium
1069 810 1155 848 cou-

97 907 158 953 tra
194 893 451 952 Massinissam
484 894 617 952 locato.
671 897 775 954 Restat
804 895 910 969 igitur,
941 905 990 964 ut,
1022 898 1156 970 quamvis

97 1003 199 1060 sudsx
220 1001 353 1058 viduetur
374 1000 526 1070 correctio,
544 1001 699 1058 scribetur:
729 999 896 1058 Numidis
1003 999 1154 1058 Cartha·

97 1107 346 1185 giniensibus,
370 1106 425 1163 nisi
455 1106 551 1182 potius
579 1117 647 1182 poet
667 1105 1026 1180 Carthaginiensium
1048 1107 1156 1164 excidit

96 1213 214 1290 copiis
237 1213 365 1288 (copiis
388 1213 539 1284 contre);
561 1222 589 1269 et
616 1211 750 1268 videntur
771 1229 870 1268 omnes
892 1210 1154 1286 Carthaginienses,

95 1337 156 1377 non
178 1318 233 1376 soli
255 1319 374 1393 equites,
389 1316 566 1376 Massinissae
582 1317 708 1393 oppositi
723 1315 820 1374 luisse.
863 1317 941 1374 Nem
964 1327 993 1375 et
1013 1317 1154 1392 Polybius

97 1423 200 1500 (XIV,
223 1425 251 1494 8,
275 1429 306 1490 7)
339 1423 506 1500 simpliciter
537 1413 617 1490 coda
647 1417 903 1504 Καρχηδονίους
932 1423 1071 1490 nominat,
1100 1441 1154 1480 nec

97 1530 200 1588 Livius
220 1529 364 1605 peditibus
386 1529 473 1586 alium
496 1529 591 1586 locum
613 1531 750 1606 assignat.
804 1529 918 1586 Deinde
947 1537 1044 1586 nutem
1075 1527 1153 1587 Cal·

96 1636 240 1693 tiberne
271 1635 420 1692 mediam
443 1635 554 1692 eciem
579 1635 749 1710 accipere
781 1653 835 1709 pro
866 1652 911 1702 eo,
938 1635 1017 1709 quod
1038 1645 1096 1692 est:
1118 1635 1152 1692 in

96 1740 248 1798 mediam
271 1741 399 1806 eciem,
423 1739 674 1798 insolentissimum
696 1740 784 1796 hebet
805 1749 834 1797 et
855 1759 914 1796 non
936 1739 1085 1797 ferendum
1108 1741 1151 1798 lo·

96 1837 329 1920 quendigenus3
351 1848 540 1921 nequeenim
565 1845 642 1902 scies
668 1845 726 1902 ullo
749 1846 836 1903 modo
858 1845 1005 1920 accipitur.
1047 1848 1153 1922 Neque

96 1951 137 2017 id,
159 1951 240 2008 citius
264 1951 424 2010 adiectione
445 1951 696 2008 Weissenbornius
719 1953 795 2008 hanc
822 1951 1002 2010 insolentiam
1022 1952 1152 2016 fortasse

95 2065 197 2114 netum
219 2067 314 2133 putet:
335 2058 371 2114 in
393 2057 551 2114 advorss
571 2057 756 2132 legionum
783 2057 905 2132 signe,
932 2057 1027 2132 ipsum
1047 2058 1152 2116 usitate
1230 2089 1232 2094 v

95 2161 215 2232 dicitnr;
247 2181 315 2220 nem
344 2163 379 2220 de
408 2162 575 2220 instruendo
606 2171 733 2220 contra
763 2173 813 2220 aut
839 2163 1017 2220 adversus
1039 2164 1152 2234 dicitur,

97 2267 134 2325 in
149 2268 185 2325 de
197 2275 287 2337 motu,
301 2287 354 2325 nec
368 2287 422 2344 pro
437 2287 481 2338 eo,
497 2267 574 2342 qnod
589 2267 737 2342 praecedit:
756 2279 886 2327 contra
902 2269 1150 2326 Massinisscm

96 2373 247 2442 locatis,
270 2372 370 2430 Livius
391 2375 496 2430 usitate
517 2372 653 2430 dixisset:
678 2373 712 2430 in
734 2374 985 2432 Massinissam
1007 2375 1152 2433 locatis.

97 2478 241 2555 Necipeu
262 2479 497 2537 adversorum
524 2479 709 2554 signorum
731 2480 838 2536 mentio
855 2489 913 2536 tum
928 2481 966 2537 ad
980 2481 1108 2538 ordinem
1124 2490 1153 2538 et

96 2593 271 2642 structuram
297 2586 368 2643 eciei
390 2605 476 2660 quem
500 2586 668 2642 admotum
691 2594 719 2643 et
739 2586 876 2662 impetum
892 2586 1023 2661 pertinet.
1052 2585 1151 2644 Omis-

95 2709 137 2747 sa:
158 2709 177 2747 e
196 2691 316 2748 librario
338 2703 404 2750 unte
425 2692 577 2750 medium
599 2692 810 2768 praepositionis
831 2691 865 2748 in
887 2691 1038 2766 causa(ml
1051 2702 1152 2767 aperta

94 2805 148 2856 est
203 2796 309 2871 Itaque
340 2808 448 2856 certum
481 2809 524 2856 est
547 2797 658 2855 Livium
681 2797 843 2874 scripsisse:
876 2795 1083 2855 Celtiberos
1116 2798 1151 2856 in

95 2901 250 2958 medinm
272 2904 398 2972 eciem,
422 2903 586 2980 probabile:
608 2903 642 2960 in
664 2903 817 2960 mediam
839 2902 952 2960 aciem
974 2903 1152 2962 adversus

95 3009 200 3085 signe
221 3009 404 3085 legionum
426 3027 603 3084 accepere
626 3007 1045 3085 (aciemadvereusigna,
1075 3027 1152 3066 sse·

96 3114 154 3172 mel
175 3115 308 3191 scripto).
360 3113 515 3190 Polybius:
537 3103 618 3182 τούς
646 3109 863 3195 Κελτίβηρας
883 3113 1007 3192 μέσους
1032 3115 1152 3186 ἔταξαν

95 3209 235 3288 dmiccc
257 3229 330 3288 ταῖς
351 3218 419 3282 τῶν
444 3214 612 3297 Ρωμαίων
635 3216 800 3300 σπείραις.

187 3325 260 3403 Cap.
283 3329 311 3396 9,
338 3327 373 3384 12
399 3326 448 3398 (dc
468 3327 582 3383 Tunets
603 3326 743 3401 oppido):
774 3327 879 3385 locus
901 3345 1007 3400 quum
1029 3326 1152 3403 operi·

94 3435 179 3501 bus,
201 3443 272 3489 tum
294 3441 427 3508 suapte
450 3439 583 3488 nature
604 3440 705 3488 tutus
727 3434 840 3508 etqui
861 3441 896 3490 et
917 3451 936 3488 e
956 3429 1152 3506 Certhsgi·

94 3557 138 3596 ne
159 3538 328 3614 conspici
349 3546 384 3594 et
402 3538 564 3612 prebere
584 3536 666 3613 ipse
687 3549 922 3614 conspectum
953 3535 1152 3593 circumfu-

93 3661 169 3702 sum
188 3661 287 3712 mere
306 3643 386 3700 urbi
410 3651 543 3720 posset.
587 3641 636 3701 Sic
663 3642 791 3714 codices,
823 3659 945 3718 quorum
967 3641 1087 3718 aliquod
1109 3653 1152 3700 cst

93 3757 291 3818 momentum,
314 3767 428 3818 omnes,
450 3765 523 3824 quos
545 3747 814 3818 Weissenbornius‚
843 3748 954 3805 adscita
975 3747 1153 3806 Alschefskii

93 3854 275 3912 coniectura:
299 3863 529 3931 conspectum
551 3853 586 3911 in
612 3853 871 3912 circumfusum
893 3873 1002 3932 mere,
1026 3865 1151 3926 secutus,

92 3959 206 4037 expulit
241 3961 421 4036 superiorum
453 3959 658 4036 interpolatam
695 3961 880 4037 scripturum:
919 3969 953 4018 et
984 3961 1153 4038 praebere

91 4065 173 4140 ipsa
195 4075 429 4140 prospectum
450 4083 554 4139 quum
576 4065 620 4123 ed
637 4068 762 4124 urbem
784 4077 855 4124 tum
886 4067 929 4125 ad
952 4066 1152 4126 circumin-
