2822 4648
600 263 656 319 129
998 265 1055 314 Lib.
1074 265 1122 315 Vl.

85 457 153 498 eum
184 441 417 510 substantivum,
450 441 497 500 oui
525 442 607 500 initio
634 444 730 519 posito
762 443 874 520 relique
903 449 1086 524 appositione
1107 451 1158 508 sd-

85 547 260 622 iunguntur‚
281 556 312 604 et
332 547 473 622 repetitur
493 547 529 605 iis
551 549 668 621 additis,
692 567 757 623 quse
780 569 838 608 non
863 551 948 610 unius
969 555 1083 629 generis
1106 573 1159 630 op·

87 652 300 727 portunitetem
331 653 502 724 ostendent,
535 653 587 710 sed
619 654 718 710 omnis
748 655 881 714 universe
913 659 1161 733 comprehendent

88 757 227 832 (locum
247 757 460 832 elegerunt,
494 791 534 804 —
557 759 672 816 eolles
704 759 902 819 -flumen
932 793 961 804 ·-
989 781 1088 820 mere
1109 795 1159 834 -,

88 862 247 920 medium
272 893 308 904 —
332 864 377 920 ed
399 864 487 922 inor.
510 865 586 922 urb.
608 873 680 922 net.
704 884 757 922 uu.
780 865 922 940 locum).
970 867 1082 925 Verum
1103 870 1160 926 hoo

90 967 206 1024 vitiose
236 969 416 1042 repetitionis
445 969 629 1028 incommodo
659 969 870 1027 liberabit'nos
892 971 999 1029 rectior
1020 973 1160 1030 orationis

88 1073 297 1148 interpunctio.
341 1075 419 1134 Nem
442 1076 480 1134 eh
502 1075 719 1132 enumeratione
741 1073 919 1149 singulorum
940 1077 1160 1134 commodorum

89 1178 148 1236 loci
171 1178 277 1235 transit
297 1178 437 1237 Camillus
461 1180 499 1236 ml
523 1181 771 1238 confirmationem
793 1180 934 1238 universes
957 1181 1000 1238 rei
1022 1201 1059 1240 ex
1074 1201 1160 1240 even-

90 1293 123 1340 tu
147 1285 206 1340 hoo
228 1283 329 1340 modo:
359 1286 413 1342 Ad
434 1285 695 1343 incrementum
716 1286 817 1342 urbis
839 1296 960 1342 natum
983 1287 1090 1344 unice
1112 1287 1160 1344 lo·

91 1407 186 1456 oum,
221 1399 436 1462 argumento
464 1401 519 1448 est
547 1391 630 1466 ipse
651 1391 864 1466 magnitudo
887 1401 957 1448 tem
981 1410 1080 1448 novoe
1101 1412 1160 1448 ur·

92 1493 159 1550 bis.
203 1493 269 1550 llos
290 1503 422 1568 reperto,
443 1495 614 1570 relinquitur
635 1496 707 1552 illud
735 1495 924 1571 regionum
949 1496 1068 1552 Italiae
1090 1516 1160 1554 me-

91 1599 211 1668 dium,
233 1599 262 1654 in
296 1617 355 1672 quo
388 1599 452 1674 ipso
475 1599 627 1675 displicent
655 1600 828 1674 regiones
850 1599 970 1657 italie
992 1600 1033 1658 sio
1053 1601 1162 1658 infinite

92 1703 178 1762 diotre
209 1722 263 1778 pro
285 1702 374 1759 Italia
400 1703 534 1776 (lteliae
555 1706 730 1777 medium).
786 1706 916 1770 Vereor,
950 1723 986 1762 ne
1018 1706 1161 1781 genitivus

93 1809 285 1884 regionum
308 1817 389 1864 ortus
411 1808 448 1864 sit
469 1828 507 1866 ex
528 1811 701 1886 precedenti
724 1811 897 1868 classium
926 1821 1161 1869 externarum

91 1912 300 1988 scripseritque
334 1913 450 1970 Livius:
487 1917 671 1994 reginen
705 1914 824 1972 Itoliae
854 1915 1019 1978 nsdlsnt.
1063 1917 1162 1984 Recte,

92 2017 271 2076 enumeratis
294 2019 464 2086 commodis,
486 2037 550 2094 quoe
572 2020 602 2078 io
623 2021 680 2078 loci
701 2020 792 2095 ipsius
805 2029 910 2076 nature
932 2029 961 2077 et
982 2021 1162 2096 ingeniopo-

93 2125 274 2192 sinerent,
306 2123 474 2198 adiungitur
503 2125 623 2199 regio,
657 2126 712 2182 hoo
745 2135 789 2182 est
818 2125 889 2182 situs
913 2125 943 2182 in
974 2135 1053 2184 certo
1074 2125 1162 2183 totius

94 2230 191 2288 ltaliae
212 2223 338 2305 perte¹).

548 2632 626 2704 Lib.
653 2633 715 2706 VI.

193 2842 267 2918 Cep.
283 2845 342 2912 5‚5
362 2841 426 2908 (ubi
447 2841 495 2898 lex
518 2842 636 2917 agreria
657 2863 676 2900 e
697 2843 820 2900 tribunis
842 2843 934 2918 plebis
957 2845 1068 2920 agitate
1088 2863 1167 2902 oom-

98 2949 307 3018 memorstur):
344 2948 450 3004 Heud
489 2965 617 3022 magno
650 2967 762 3024 opere
794 2949 938 3024 plebem
971 2958 1168 3006 moverent.

99 3051 423 3127 Plosqnemperl'ectum
436 3061 504 3128 post
516 3051 685 3128 imperfecte
697 3053 943 3129 (conabantur
958 3086 992 3096 -
1010 3062 1167 3111 ostente-

100 3160 257 3216 betur-
269 3156 576 3232 criminabantur)
589 3169 667 3216 reete
679 3160 809 3230 heberet,
831 3161 857 3218 si
879 3159 1097 3236 significaretur,
1110 3175 1168 3232 quo

125 3476 152 3542 ι)
171 3479 254 3528 Paulo
272 3485 332 3544 post
350 3479 375 3540 (ᾗ
395 3477 423 3542 6)
442 3479 504 3528 sotis
524 3487 621 3528 eertum
640 3489 686 3540 est,
709 3489 830 3544 corrupte
848 3495 904 3530 esse
923 3481 990 3530 hmo:
1009 3494 1073 3544 qun
1097 3481 1171 3542 (ros-

174 3571 247 3635 lnm)
267 3571 355 3620 ratio
382 3577 433 3618 est
452 3571 603 3634 expertis
632 3573 700 3620 slis
719 3573 882 3637 experiri?
909 3589 968 3623 nem
998 3587 1044 3621 neo
1072 3572 1171 3620 dativus

175 3671 243 3712 recte
261 3661 366 3726 ponitur
384 3669 429 3708 sut
448 3661 581 3724 experti
600 3662 719 3712 obsolute
738 3665 857 3714 dicontur
874 3681 921 3714 nee
944 3666 1009 3714 slis
1027 3663 1170 3728 expertis

174 3769 222 3819 pro
240 3755 325 3812 eliis,
347 3761 444 3815 etque
463 3754 598 3816 experti
624 3755 715 3814 estis,
734 3755 822 3806 Livius
839 3757 912 3805 dixit.
947 3757 997 3808 Sed
1016 3755 1172 3804 emendatio-

176 3859 234 3895 nem
253 3859 304 3894 nou
324 3845 431 3908 reperio.
477 3843 544 3894 Nem
565 3844 614 3893 his
634 3847 784 3896 desertis
803 3847 943 3897 violentum
961 3855 1013 3906 est,
1032 3847 1174 3896 desertis

176 3938 328 4002 expertis
347 3937 471 4000 (desertis
490 3938 529 3997 iis,
543 3951 599 3999 quse
618 3945 726 4002 experts
746 3938 818 4002 sont)
841 3941 982 3989 orationem
1003 3939 1081 3989 hebet
1098 3940 1173 3988 nimis

176 4030 266 4079 durem
286 4034 312 4078 st
328 4027 466 4078 insolitem,

160 4099 268 4174 novici!
282 4135 375 4174 iussn.
382 4133 438 4174 lus.
957 4127 971 4170 9
