2826 4640
598 269 656 324 495
1015 267 1071 318 Lib.
1090 266 1160 318 xm.

95 447 191 506 Paulo
215 464 304 522 supra
326 451 355 517 (ξ
379 449 411 512 3)
434 447 554 505 ridicule
578 448 742 524 appellatur
772 450 881 507 turbe
910 451 1008 509 inter
1036 460 1161 508 castre

94 563 130 610 et
151 571 250 610 mere
281 553 534 622 mercantium,
561 553 619 612 loci
646 555 791 612 mentione
820 555 917 632 inepte
947 557 985 613 ed
1014 556 1161 614 mercandi

95 659 216 716 verbum
239 659 389 728 adiuncte3
413 678 466 717 nec
487 660 529 716 sic
551 669 759 718 mercantes
787 660 920 718 absolute
941 662 1089 730 dicuntur,
1111 661 1161 734 qui

95 773 195 822 emunt
218 765 411 840 venduntque.
464 767 573 824 Forum
602 765 697 840 ipsum
726 766 763 823 sd
786 767 920 824 marein
940 777 1050 841 portu
1071 763 1160 822 fuisse

96 871 198 928 livius
218 870 292 927 dixit
315 889 339 930 e.
368 879 392 940 t,
417 874 445 932 6,
495 871 575 928 Inter
607 889 688 928 usare
716 883 745 929 et
774 881 871 930 cestra
892 873 978 930 turbe
1000 881 1062 928 erat
1084 871 1160 930 ultro

95 978 227 1051 citroque
255 977 545 1036 commeantium.
611 978 646 1036 ld
674 979 794 1034 verbum
825 977 978 1036 Gronovio
1007 977 1036 1033 iu
1065 976 1161 1052 prima

95 1092 231 1140 notarum
261 1083 386 1140 editione
415 1093 581 1141 occurreret
607 1083 804 1158 debueratque
835 1085 934 1146 teneri.
978 1083 1072 1142 Paulo
1093 1093 1161 1158 post

97 1187 126 1262 (§
149 1187 181 1262 9)
214 1188 255 1246 Μ.
277 1189 417 1248 Licinium
450 1189 599 1248 Stolonem
622 1208 680 1245 non
702 1197 773 1264 puto
797 1207 862 1246 cum
892 1189 983 1246 tribus
1005 1188 1095 1264 signis
1116 1189 1160 1246 sb

95 1291 244 1367 legione
271 1311 336 1351 sua
357 1297 433 1369 (que
454 1295 519 1369 ipse
541 1313 565 1351 c.
592 1300 617 1364 l,
641 1298 657 1352 7
681 1294 745 1364 vie,
767 1313 831 1369 quse
852 1295 1018 1370 Aquileiam
1039 1293 1160 1366 lercbet,

96 1397 201 1455 educta
223 1399 370 1471 narretur)
394 1399 525 1457 relictum
549 1419 567 1456 e
580 1400 664 1458 Livio
686 1399 794 1457 dictum
815 1417 887 1469 esse,
909 1401 959 1457 sed
982 1419 1047 1458 cum
1068 1401 1160 1458 tribue

95 1503 187 1579 siguis
210 1525 225 1560 e
246 1503 393 1580 legione
420 1523 495 1566 sua.

182 1609 254 1686 Cep.
279 1615 306 1680 3,
330 1617 347 1668 4
371 1611 541 1686 (decadem
565 1613 662 1688 fuge):
692 1623 816 1670 cetere
838 1611 1016 1669 deformis
1037 1612 1160 1680 turbe,

96 1715 196 1774 velut
218 1716 373 1775 lixarum
396 1718 651 1793 calonumque,
683 1719 804 1793 presda
835 1738 918 1776 vere
953 1715 1095 1790 future,
1129 1715 1160 1772 si

98 1822 187 1880 belli
207 1823 333 1880 hostes
357 1823 614 1880 meminissent.
664 1824 769 1898 Neque
789 1824 895 1899 speciei
916 1833 944 1880 et
965 1821 1095 1880 veritatis
1114 1821 1161 1879 bic

98 1927 159 1984 ulle
198 1937 243 1985 est
274 1927 419 1986 distinctio
451 1947 545 2002 neque
583 1948 666 1986 vere
698 1948 752 2004 pro
786 1930 879 1986 haud
911 1928 1018 1986 dubie
1050 1927 1160 1987 dicitur.

99 2033 203 2109 (Recte
219 2033 323 2090 dicitur
343 2034 464 2109 praeda
485 2035 609 2092 verius
631 2053 735 2108 quam
760 2035 970 2110 presidium
993 2044 1022 2092 et
1035 2031 1161 2106 similis.)

99 2139 290 2198 Scribendum
317 2151 374 2199 est:
403 2142 524 2216 praede
551 2140 630 2198 lere
656 2139 789 2198 future.
841 2139 957 2196 Paucos
984 2139 1084 2196 Livius
1112 2147 1163 2195 eut

97 2254 279 2322 pugnaturos
301 2257 352 2302 eut
373 2263 513 2302 evesmos
534 2245 624 2303 fuisse
645 2240 830 2320 significet.¹)
875 2245 970 2302 Paulo
991 2254 1058 2320 post
1080 2245 1107 2316 (ξ
1131 2245 1162 2318 6)

97 2352 232 2427 suspicor
252 2352 366 2410 Livium
390 2351 556 2427 scripsisse:
585 2351 740 2408 Tribuni
770 2351 910 2408 milites
936 2349 1055 2406 tertios
1076 2347 1162 2424 legi-

99 2457 181 2514 onis
212 2457 384 2532 pebulum
413 2458 589 2534 lignaque
621 2457 808 2532 proiicere
836 2456 977 2524 iubent3
1005 2452 1163 2511 centuri·

99 2563 231 2620 onibus
252 2563 438 2640 imperent
459 2573 513 2624 cet.
547 2562 646 2638 Vulgo
668 2561 986 2620 scribitur2Tribuni
1007 2559 1163 2618 militnm

99 2667 220 2724 tertiae
248 2667 424 2744 legionis,
455 2670 640 2741 accusativo,
680 2670 729 2744 qui
756 2667 916 2744 presertim
944 2665 1106 2725 contrarius
1126 2665 1165 2723 sit

100 2771 358 2830 centurionum
379 2773 505 2844 nomini,
534 2775 605 2832 dure
629 2775 747 2836 omisso.
795 2773 933 2849 Sequitur
957 2775 984 2848 (ᾗ
1008 2777 1035 2835 7.
1057 2771 1093 2828 de
1114 2769 1164 2828 tri·

99 2877 185 2935 bunis
217 2877 319 2936 iisdem
346 2879 451 2937 milites
477 2879 691 2954 hortantibus):
724 2879 920 2956 Egregium
942 2877 1096 2956 gloriam
1118 2875 1165 2933 le·

99 2981 226 3058 gionis
247 2983 341 3055 fore,
363 2985 392 3042 si
414 2993 552 3054 eastre,
581 2995 675 3042 metu
697 2987 993 3045 secundsnorum
1015 2981 1165 3052 emisse,

101 3106 168 3146 sua
196 3089 335 3148 virtute
364 3091 567 3166 recipient;
595 3101 629 3148 et
658 3091 776 3168 recipi
805 3091 921 3150 facile
948 3107 1043 3160 esse,
1071 3088 1102 3146 si
1131 3088 1165 3145 in

101 3195 224 3269 prada
245 3196 420 3272 occupati
447 3197 597 3256 barbari
619 3197 744 3255 subito
772 3197 1043 3274 opprimentur3
1071 3193 1167 3251 sicut

101 3301 283 3376 ceperint,
302 3321 411 3378 posse
432 3303 523 3378 cepi.
565 3303 653 3361 Adeo
664 3301 769 3378 frigide
785 3302 943 3378 separet-im
964 3291 1172 3374 superadditur

102 3405 297 3482 epiphonema
317 3408 402 3466 illud:
424 3410 520 3466 sicut
541 3409 728 3484 ceperint,
749 3425 859 3483 posse
881 3405 975 3482 cepi,
997 3423 1085 3479 quum
1106 3403 1165 3460 iem

102 3510 212 3570 dictum
233 3511 280 3582 sit,
304 3510 390 3570 facile
412 3513 502 3589 recipi
524 3523 622 3572 cestre
637 3531 733 3588 posse,
756 3523 789 3570 ut
805 3511 920 3571 Livium
936 3511 1053 3569 brevius
1074 3509 1167 3586 scrip-

100 3617 175 3674 sisse
198 3627 310 3692 putem:
340 3627 375 3675 st
395 3617 525 3690 facile,
552 3619 583 3676 si
614 3619 650 3677 in
677 3618 799 3695 prede
821 3616 995 3694 occupati
1016 3615 1168 3674 barbari

120 3861 147 3931 ι)
170 3865 269 3916 Eadem
299 3867 423 3916 eorrectio
450 3867 599 3917 adhibenda
632 3867 700 3932 epnd
727 3865 851 3920 Senecam
881 3881 921 3932 ep.
949 3870 1013 3928 tuo,
1043 3869 1089 3926 st,
1123 3863 1167 3912 ubi

173 3961 269 4010 editore
284 3959 377 4010 modo
395 3959 541 4010 subsidit
560 3969 591 4010 et
610 3960 823 4010 contrabitur
841 3958 928 4010 infre
945 3957 1167 4010 bumilitatem

171 4067 245 4102 scre
266 4055 457 4106 iacentium.
