<?xml version="1.0" encoding="UTF-8"?>
<!DOCTYPE html PUBLIC "-//W3C//DTD XHTML 1.0 Transitional//EN"
    "http://www.w3.org/TR/xhtml1/DTD/xhtml1-transitional.dtd">
<html xmlns="http://www.w3.org/1999/xhtml" xml:lang="en" lang="en">
 <head>
  <title>
</title>
<meta http-equiv="Content-Type" content="text/html;charset=utf-8" />
  <meta name='ocr-system' content='tesseract 3.04.00' />
  <meta name='ocr-capabilities' content='ocr_page ocr_carea ocr_par ocr_line ocrx_word'/>
</head>
<body>
  <div class='ocr_page' id='page_1' title='image "./emendationesliv02madvgoog_0620.png"; bbox 0 0 2820 4646; ppageno 0'>
   <div class='ocr_carea' id='block_1_1' title="bbox 622 255 1181 314">
    <p class='ocr_par' dir='ltr' id='par_1_1' title="bbox 622 255 1181 314">
     <span class='ocr_line' id='line_1_1' title="bbox 622 255 1181 314; baseline 0.002 -11"><span class='ocrx_word' id='word_1_1' title='bbox 622 258 678 314; x_wconf 82' lang='grc'><strong>611</strong></span> <span class='ocrx_word' id='word_1_2' title='bbox 1019 255 1078 305; x_wconf 86' lang='lat' dir='ltr'><strong>Lib.</strong></span> <span class='ocrx_word' id='word_1_3' title='bbox 1093 255 1181 305; x_wconf 85' lang='lat' dir='ltr'>XLV.</span> 
     </span>
    </p>
   </div>
   <div class='ocr_carea' id='block_1_2' title="bbox 122 437 1187 3592">
    <p class='ocr_par' dir='ltr' id='par_1_2' title="bbox 122 437 1187 3592">
     <span class='ocr_line' id='line_1_2' title="bbox 122 437 1182 516; baseline 0.003 -20"><span class='ocrx_word' id='word_1_4' title='bbox 122 443 164 503; x_wconf 81' lang='lat' dir='ltr'><strong>tet</strong></span> <span class='ocrx_word' id='word_1_5' title='bbox 191 439 305 497; x_wconf 88' lang='lat' dir='ltr'><strong>videtur</strong></span> <span class='ocrx_word' id='word_1_6' title='bbox 332 439 488 516; x_wconf 85' lang='lat' dir='ltr'><strong>significari</strong></span> <span class='ocrx_word' id='word_1_7' title='bbox 519 457 578 496; x_wconf 90' lang='lat' dir='ltr'><strong>non</strong></span> <span class='ocrx_word' id='word_1_8' title='bbox 614 437 766 514; x_wconf 88' lang='lat' dir='ltr'><strong>obscurus)</strong></span> <span class='ocrx_word' id='word_1_9' title='bbox 802 457 887 496; x_wconf 90' lang='lat' dir='ltr'><strong>nemo</strong></span> <span class='ocrx_word' id='word_1_10' title='bbox 925 455 1048 513; x_wconf 81' lang='lat' dir='ltr'><strong>usquam</strong></span> <span class='ocrx_word' id='word_1_11' title='bbox 1076 449 1182 516; x_wconf 83' lang='lat' dir='ltr'><strong>proeter</strong></span> 
     </span>
     <span class='ocr_line' id='line_1_3' title="bbox 124 543 1180 619; baseline 0.001 -15"><span class='ocrx_word' id='word_1_12' title='bbox 124 546 238 604; x_wconf 91' lang='lat' dir='ltr'><strong>Livium</strong></span> <span class='ocrx_word' id='word_1_13' title='bbox 274 554 498 614; x_wconf 76' lang='lat' dir='ltr'><strong>commemorat,</strong></span> <span class='ocrx_word' id='word_1_14' title='bbox 540 562 593 600; x_wconf 91' lang='lat' dir='ltr'><strong>nec</strong></span> <span class='ocrx_word' id='word_1_15' title='bbox 630 544 660 600; x_wconf 90' lang='lat' dir='ltr'><strong>in</strong></span> <span class='ocrx_word' id='word_1_16' title='bbox 695 544 745 602; x_wconf 91' lang='lat' dir='ltr'><strong>illa</strong></span> <span class='ocrx_word' id='word_1_17' title='bbox 784 543 943 619; x_wconf 77' lang='lat' dir='ltr'><strong>peninsula</strong></span> <span class='ocrx_word' id='word_1_18' title='bbox 978 545 1038 604; x_wconf 91' lang='lat' dir='ltr'><strong>ulla</strong></span> <span class='ocrx_word' id='word_1_19' title='bbox 1074 547 1180 604; x_wconf 78' lang='lat' dir='ltr'><strong>AEneas</strong></span> 
     </span>
     <span class='ocr_line' id='line_1_4' title="bbox 124 649 1181 727; baseline 0.003 -19"><span class='ocrx_word' id='word_1_20' title='bbox 124 653 246 710; x_wconf 89' lang='lat' dir='ltr'><strong>nominis</strong></span> <span class='ocrx_word' id='word_1_21' title='bbox 279 651 419 710; x_wconf 90' lang='lat' dir='ltr'><strong>memoria</strong></span> <span class='ocrx_word' id='word_1_22' title='bbox 451 662 502 709; x_wconf 90' lang='lat' dir='ltr'><strong>aut</strong></span> <span class='ocrx_word' id='word_1_23' title='bbox 532 649 690 709; x_wconf 78' lang='lat' dir='ltr'><strong>similitudo</strong></span> <span class='ocrx_word' id='word_1_24' title='bbox 722 650 883 727; x_wconf 90' lang='lat' dir='ltr'><strong>reperitur,</strong></span> <span class='ocrx_word' id='word_1_25' title='bbox 925 659 957 707; x_wconf 88' lang='lat' dir='ltr'><strong>ut</strong></span> <span class='ocrx_word' id='word_1_26' title='bbox 988 651 1018 708; x_wconf 90' lang='lat' dir='ltr'><strong>in</strong></span> <span class='ocrx_word' id='word_1_27' title='bbox 1052 653 1181 711; x_wconf 88' lang='lat' dir='ltr'><strong>Thracia</strong></span> 
     </span>
     <span class='ocr_line' id='line_1_5' title="bbox 124 755 1180 834; baseline 0.001 -18"><span class='ocrx_word' id='word_1_28' title='bbox 124 759 230 830; x_wconf 87' lang='lat' dir='ltr'><strong>AEnus,</strong></span> <span class='ocrx_word' id='word_1_29' title='bbox 251 759 281 816; x_wconf 91' lang='lat' dir='ltr'><strong>in</strong></span> <span class='ocrx_word' id='word_1_30' title='bbox 303 759 367 816; x_wconf 88' lang='lat' dir='ltr'><strong>sinu</strong></span> <span class='ocrx_word' id='word_1_31' title='bbox 388 758 562 815; x_wconf 80' lang='lat' dir='ltr'><strong>Thermaico</strong></span> <span class='ocrx_word' id='word_1_32' title='bbox 583 757 685 816; x_wconf 83' lang='lat' dir='ltr'><strong>AEnia.</strong></span> <span class='ocrx_word' id='word_1_33' title='bbox 740 755 841 816; x_wconf 83' lang='lat' dir='ltr'><strong>Codex</strong></span> <span class='ocrx_word' id='word_1_34' title='bbox 861 756 957 814; x_wconf 89' lang='lat' dir='ltr'><strong>locum</strong></span> <span class='ocrx_word' id='word_1_35' title='bbox 978 757 1020 814; x_wconf 93' lang='lat' dir='ltr'><strong>sic</strong></span> <span class='ocrx_word' id='word_1_36' title='bbox 1042 759 1180 834; x_wconf 89' lang='lat' dir='ltr'><strong>scriptum</strong></span> 
     </span>
     <span class='ocr_line' id='line_1_6' title="bbox 123 863 1182 940; baseline 0 -18"><span class='ocrx_word' id='word_1_37' title='bbox 123 865 226 922; x_wconf 86' lang='lat' dir='ltr'><strong>habat:</strong></span> <span class='ocrx_word' id='word_1_38' title='bbox 247 874 376 940; x_wconf 91' lang='lat' dir='ltr'><strong>portus</strong></span> <span class='ocrx_word' id='word_1_39' title='bbox 398 865 660 922; x_wconf 85' lang='lat' dir='ltr'><strong>adToroneam</strong></span> <span class='ocrx_word' id='word_1_40' title='bbox 676 871 832 920; x_wconf 89' lang='lat' dir='ltr'><strong>montem</strong></span> <span class='ocrx_word' id='word_1_41' title='bbox 855 863 1182 922; x_wconf 80' lang='lat' dir='ltr'><strong>athoeneaeuocant</strong></span> 
     </span>
     <span class='ocr_line' id='line_1_7' title="bbox 124 969 1180 1045; baseline 0.001 -18"><span class='ocrx_word' id='word_1_42' title='bbox 124 971 217 1028; x_wconf 90' lang='lat' dir='ltr'><strong>hunc</strong></span> <span class='ocrx_word' id='word_1_43' title='bbox 239 970 303 1028; x_wconf 92' lang='lat' dir='ltr'><strong>alii</strong></span> <span class='ocrx_word' id='word_1_44' title='bbox 324 971 556 1045; x_wconf 78' lang='lat' dir='ltr'><strong>insulamque</strong></span> <span class='ocrx_word' id='word_1_45' title='bbox 585 969 772 1027; x_wconf 84' lang='lat' dir='ltr'><strong>Euboeam</strong></span> <span class='ocrx_word' id='word_1_46' title='bbox 804 979 873 1040; x_wconf 83' lang='lat' dir='ltr'><strong>cet,</strong></span> <span class='ocrx_word' id='word_1_47' title='bbox 903 969 931 1026; x_wconf 87' lang='lat' dir='ltr'><strong>io</strong></span> <span class='ocrx_word' id='word_1_48' title='bbox 953 969 1023 1027; x_wconf 89' lang='lat' dir='ltr'><strong>solis</strong></span> <span class='ocrx_word' id='word_1_49' title='bbox 1044 971 1180 1028; x_wconf 81' lang='lat' dir='ltr'><strong>extremis</strong></span> 
     </span>
     <span class='ocr_line' id='line_1_8' title="bbox 126 1074 1181 1152; baseline 0.001 -20"><span class='ocrx_word' id='word_1_50' title='bbox 126 1075 387 1152; x_wconf 80' lang='lat' dir='ltr'><strong>(insulamque)</strong></span> <span class='ocrx_word' id='word_1_51' title='bbox 420 1077 457 1133; x_wconf 92' lang='lat' dir='ltr'><strong>ab</strong></span> <span class='ocrx_word' id='word_1_52' title='bbox 487 1075 570 1134; x_wconf 90' lang='lat' dir='ltr'><strong>editis</strong></span> <span class='ocrx_word' id='word_1_53' title='bbox 604 1077 770 1134; x_wconf 84' lang='lat' dir='ltr'><strong>notabiliter</strong></span> <span class='ocrx_word' id='word_1_54' title='bbox 798 1075 964 1150; x_wconf 83' lang='lat' dir='ltr'><strong>discrepans</strong></span> <span class='ocrx_word' id='word_1_55' title='bbox 997 1085 1025 1132; x_wconf 90' lang='lat' dir='ltr'><strong>et</strong></span> <span class='ocrx_word' id='word_1_56' title='bbox 1053 1074 1181 1148; x_wconf 89' lang='lat' dir='ltr'><strong>(defectu</strong></span> 
     </span>
     <span class='ocr_line' id='line_1_9' title="bbox 124 1171 1181 1258; baseline 0.001 -20"><span class='ocrx_word' id='word_1_57' title='bbox 124 1182 335 1257; x_wconf 83' lang='lat' dir='ltr'><strong>praepositionis</strong></span> <span class='ocrx_word' id='word_1_58' title='bbox 365 1182 566 1258; x_wconf 88' lang='lat' dir='ltr'><strong>particulaque</strong></span> <span class='ocrx_word' id='word_1_59' title='bbox 598 1184 677 1258; x_wconf 91' lang='lat' dir='ltr'><strong>que)</strong></span> <span class='ocrx_word' id='word_1_60' title='bbox 714 1182 848 1240; x_wconf 84' lang='lat' dir='ltr'><strong>lacunam</strong></span> <span class='ocrx_word' id='word_1_61' title='bbox 889 1180 1029 1241; x_wconf 89' lang='lat' dir='ltr'><strong>indicans.</strong></span> <span class='ocrx_word' id='word_1_62' title='bbox 1062 1171 1181 1239; x_wconf 82' lang='lat' dir='ltr'><strong>&#39;Valde</strong></span> 
     </span>
     <span class='ocr_line' id='line_1_10' title="bbox 124 1285 1182 1362; baseline 0.002 -18"><span class='ocrx_word' id='word_1_63' title='bbox 124 1306 237 1358; x_wconf 83' lang='lat' dir='ltr'><strong>vereor,</strong></span> <span class='ocrx_word' id='word_1_64' title='bbox 258 1307 295 1345; x_wconf 91' lang='lat' dir='ltr'><strong>ne</strong></span> <span class='ocrx_word' id='word_1_65' title='bbox 315 1297 448 1345; x_wconf 89' lang='lat' dir='ltr'><strong>vocant</strong></span> <span class='ocrx_word' id='word_1_66' title='bbox 474 1290 566 1348; x_wconf 91' lang='lat' dir='ltr'><strong>huuc</strong></span> <span class='ocrx_word' id='word_1_67' title='bbox 588 1290 728 1347; x_wconf 86' lang='lat' dir='ltr'><strong>debeatur</strong></span> <span class='ocrx_word' id='word_1_68' title='bbox 748 1287 843 1345; x_wconf 89' lang='lat' dir='ltr'><strong>studio</strong></span> <span class='ocrx_word' id='word_1_69' title='bbox 858 1285 968 1344; x_wconf 78' lang='lat' dir='ltr'><strong>librani</strong></span> <span class='ocrx_word' id='word_1_70' title='bbox 990 1305 1028 1343; x_wconf 88' lang='lat' dir='ltr'><strong>ex</strong></span> <span class='ocrx_word' id='word_1_71' title='bbox 1050 1286 1095 1358; x_wconf 87' lang='lat' dir='ltr'><strong>iis,</strong></span> <span class='ocrx_word' id='word_1_72' title='bbox 1117 1307 1182 1362; x_wconf 78' lang='lat' dir='ltr'><strong>quaa</strong></span> 
     </span>
     <span class='ocr_line' id='line_1_11' title="bbox 125 1390 1181 1470; baseline 0.002 -20"><span class='ocrx_word' id='word_1_73' title='bbox 125 1411 183 1450; x_wconf 89' lang='lat' dir='ltr'><strong>non</strong></span> <span class='ocrx_word' id='word_1_74' title='bbox 205 1395 391 1470; x_wconf 81' lang='lat' dir='ltr'><strong>intelligebat,</strong></span> <span class='ocrx_word' id='word_1_75' title='bbox 423 1395 530 1453; x_wconf 88' lang='lat' dir='ltr'><strong>Latina</strong></span> <span class='ocrx_word' id='word_1_76' title='bbox 563 1395 666 1453; x_wconf 87' lang='lat' dir='ltr'><strong>saltem</strong></span> <span class='ocrx_word' id='word_1_77' title='bbox 698 1393 842 1452; x_wconf 88' lang='lat' dir='ltr'><strong>vocabula</strong></span> <span class='ocrx_word' id='word_1_78' title='bbox 873 1390 1015 1449; x_wconf 85' lang='lat' dir='ltr'><strong>efficiendi</strong></span> <span class='ocrx_word' id='word_1_79' title='bbox 1036 1392 1181 1468; x_wconf 86' lang='lat' dir='ltr'><strong>lateatque</strong></span> 
     </span>
     <span class='ocr_line' id='line_1_12' title="bbox 125 1499 1181 1578; baseline -0.001 -21"><span class='ocrx_word' id='word_1_80' title='bbox 125 1501 182 1559; x_wconf 91' lang='lat' dir='ltr'><strong>loci</strong></span> <span class='ocrx_word' id='word_1_81' title='bbox 215 1511 244 1559; x_wconf 91' lang='lat' dir='ltr'><strong>et</strong></span> <span class='ocrx_word' id='word_1_82' title='bbox 282 1511 382 1578; x_wconf 81' lang='lat' dir='ltr'><strong>portus</strong></span> <span class='ocrx_word' id='word_1_83' title='bbox 414 1501 587 1576; x_wconf 85' lang='lat' dir='ltr'><strong>significatio</strong></span> <span class='ocrx_word' id='word_1_84' title='bbox 622 1519 659 1557; x_wconf 82' lang='lat' dir='ltr'><strong>ex</strong></span> <span class='ocrx_word' id='word_1_85' title='bbox 691 1499 794 1557; x_wconf 87' lang='lat' dir='ltr'><strong>litteris</strong></span> <span class='ocrx_word' id='word_1_86' title='bbox 829 1499 1010 1556; x_wconf 88' lang='lat' dir='ltr'><strong>canthuuo</strong></span> <span class='ocrx_word' id='word_1_87' title='bbox 1046 1499 1181 1556; x_wconf 85' lang='lat' dir='ltr'><strong>eruenda.</strong></span> 
     </span>
     <span class='ocr_line' id='line_1_13' title="bbox 125 1604 1182 1683; baseline -0.001 -19"><span class='ocrx_word' id='word_1_88' title='bbox 125 1607 199 1664; x_wconf 88' lang='lat' dir='ltr'><strong>Mihi</strong></span> <span class='ocrx_word' id='word_1_89' title='bbox 231 1608 345 1683; x_wconf 91' lang='lat' dir='ltr'><strong>quidem</strong></span> <span class='ocrx_word' id='word_1_90' title='bbox 368 1607 549 1664; x_wconf 86' lang='lat' dir='ltr'><strong>scribendum</strong></span> <span class='ocrx_word' id='word_1_91' title='bbox 574 1607 700 1664; x_wconf 85' lang='lat' dir='ltr'><strong>videtur:</strong></span> <span class='ocrx_word' id='word_1_92' title='bbox 729 1613 854 1681; x_wconf 87' lang='lat' dir='ltr'><strong>portus</strong></span> <span class='ocrx_word' id='word_1_93' title='bbox 885 1604 928 1660; x_wconf 92' lang='lat' dir='ltr'><strong>ad</strong></span> <span class='ocrx_word' id='word_1_94' title='bbox 949 1605 1118 1662; x_wconf 85' lang='lat' dir='ltr'><strong>Toronen</strong></span> <span class='ocrx_word' id='word_1_95' title='bbox 1142 1624 1182 1663; x_wconf 92' lang='lat' dir='ltr'><strong>ac</strong></span> 
     </span>
     <span class='ocr_line' id='line_1_14' title="bbox 126 1711 1182 1788; baseline 0 -18"><span class='ocrx_word' id='word_1_96' title='bbox 126 1722 277 1770; x_wconf 87' lang='lat' dir='ltr'><strong>montem</strong></span> <span class='ocrx_word' id='word_1_97' title='bbox 300 1714 423 1771; x_wconf 84' lang='lat' dir='ltr'><strong>Athon</strong></span> <span class='ocrx_word' id='word_1_98' title='bbox 445 1722 479 1771; x_wconf 91' lang='lat' dir='ltr'><strong>et</strong></span> <span class='ocrx_word' id='word_1_99' title='bbox 501 1715 707 1788; x_wconf 70' lang='lat' dir='ltr'><strong>Acanthum,</strong></span> <span class='ocrx_word' id='word_1_100' title='bbox 736 1711 794 1784; x_wconf 90' lang='lat' dir='ltr'><strong>[ad</strong></span> <span class='ocrx_word' id='word_1_101' title='bbox 816 1711 966 1786; x_wconf 84' lang='lat' dir='ltr'><strong>AEgeum</strong></span> <span class='ocrx_word' id='word_1_102' title='bbox 988 1714 1094 1785; x_wconf 87' lang='lat' dir='ltr'><strong>mare]</strong></span> <span class='ocrx_word' id='word_1_103' title='bbox 1118 1713 1182 1771; x_wconf 91' lang='lat' dir='ltr'><strong>alii</strong></span> 
     </span>
     <span class='ocr_line' id='line_1_15' title="bbox 125 1817 1182 1894; baseline 0 -18"><span class='ocrx_word' id='word_1_104' title='bbox 125 1818 353 1894; x_wconf 86' lang='lat' dir='ltr'><strong>insulamque</strong></span> <span class='ocrx_word' id='word_1_105' title='bbox 376 1819 578 1888; x_wconf 77' lang='lat' dir='ltr'><strong>Euboeam,</strong></span> <span class='ocrx_word' id='word_1_106' title='bbox 601 1817 666 1875; x_wconf 93' lang='lat' dir='ltr'><strong>alii</strong></span> <span class='ocrx_word' id='word_1_107' title='bbox 688 1819 731 1875; x_wconf 90' lang='lat' dir='ltr'><strong>ad</strong></span> <span class='ocrx_word' id='word_1_108' title='bbox 751 1817 1033 1892; x_wconf 86' lang='lat' dir='ltr'><strong>Hellespontum</strong></span> <span class='ocrx_word' id='word_1_109' title='bbox 1053 1837 1182 1894; x_wconf 90' lang='lat' dir='ltr'><strong>oppor-</strong></span> 
     </span>
     <span class='ocr_line' id='line_1_16' title="bbox 126 1925 1184 2001; baseline 0.001 -20"><span class='ocrx_word' id='word_1_110' title='bbox 126 1935 210 1982; x_wconf 88' lang='lat' dir='ltr'><strong>tune</strong></span> <span class='ocrx_word' id='word_1_111' title='bbox 231 1925 339 1982; x_wconf 88' lang='lat' dir='ltr'><strong>versi.</strong></span> <span class='ocrx_word' id='word_1_112' title='bbox 383 1925 574 2001; x_wconf 87' lang='lat' dir='ltr'><strong>Hellesponto</strong></span> <span class='ocrx_word' id='word_1_113' title='bbox 596 1943 655 1981; x_wconf 90' lang='lat' dir='ltr'><strong>una</strong></span> <span class='ocrx_word' id='word_1_114' title='bbox 675 1925 769 1982; x_wconf 87' lang='lat' dir='ltr'><strong>insula</strong></span> <span class='ocrx_word' id='word_1_115' title='bbox 790 1925 914 1982; x_wconf 90' lang='lat' dir='ltr'><strong>Euboea</strong></span> <span class='ocrx_word' id='word_1_116' title='bbox 936 1943 973 1980; x_wconf 90' lang='lat' dir='ltr'><strong>ne</strong></span> <span class='ocrx_word' id='word_1_117' title='bbox 994 1943 1045 2000; x_wconf 91' lang='lat' dir='ltr'><strong>per</strong></span> <span class='ocrx_word' id='word_1_118' title='bbox 1066 1942 1097 1982; x_wconf 89' lang='lat' dir='ltr'><strong>se</strong></span> <span class='ocrx_word' id='word_1_119' title='bbox 1120 1925 1184 2001; x_wconf 92' lang='lat' dir='ltr'><strong>qui·</strong></span> 
     </span>
     <span class='ocr_line' id='line_1_17' title="bbox 125 2031 1184 2108; baseline 0.002 -20"><span class='ocrx_word' id='word_1_120' title='bbox 125 2031 191 2088; x_wconf 90' lang='lat' dir='ltr'><strong>dem</strong></span> <span class='ocrx_word' id='word_1_121' title='bbox 211 2039 288 2088; x_wconf 90' lang='lat' dir='ltr'><strong>recte</strong></span> <span class='ocrx_word' id='word_1_122' title='bbox 304 2031 451 2088; x_wconf 87' lang='lat' dir='ltr'><strong>contraria</strong></span> <span class='ocrx_word' id='word_1_123' title='bbox 466 2031 535 2107; x_wconf 90' lang='lat' dir='ltr'><strong>poni</strong></span> <span class='ocrx_word' id='word_1_124' title='bbox 551 2031 676 2091; x_wconf 78' lang='lat' dir='ltr'><strong>videtur,</strong></span> <span class='ocrx_word' id='word_1_125' title='bbox 719 2031 898 2088; x_wconf 83' lang='lat' dir='ltr'><strong>Accusativo</strong></span> <span class='ocrx_word' id='word_1_126' title='bbox 920 2031 1021 2088; x_wconf 89' lang='lat' dir='ltr'><strong>Atho</strong></span> <span class='ocrx_word' id='word_1_127' title='bbox 1043 2031 1184 2108; x_wconf 83' lang='lat' dir='ltr'><strong>Virgilius</strong></span> 
     </span>
     <span class='ocr_line' id='line_1_18' title="bbox 125 2135 1185 2212; baseline 0.002 -18"><span class='ocrx_word' id='word_1_128' title='bbox 125 2155 214 2194; x_wconf 88' lang='lat' dir='ltr'><strong>ansus</strong></span> <span class='ocrx_word' id='word_1_129' title='bbox 226 2146 269 2194; x_wconf 90' lang='lat' dir='ltr'><strong>est</strong></span> <span class='ocrx_word' id='word_1_130' title='bbox 278 2155 332 2212; x_wconf 89' lang='lat' dir='ltr'><strong>pro</strong></span> <span class='ocrx_word' id='word_1_131' title='bbox 346 2137 452 2194; x_wconf 88' lang='lat' dir='ltr'><strong>Latino</strong></span> <span class='ocrx_word' id='word_1_132' title='bbox 462 2137 521 2210; x_wconf 91' lang='lat' dir='ltr'><strong>uti;</strong></span> <span class='ocrx_word' id='word_1_133' title='bbox 544 2135 647 2196; x_wconf 83' lang='lat' dir='ltr'><strong>Cicero</strong></span> <span class='ocrx_word' id='word_1_134' title='bbox 663 2138 847 2194; x_wconf 87' lang='lat' dir='ltr'><strong>Athonem</strong></span> <span class='ocrx_word' id='word_1_135' title='bbox 869 2137 942 2194; x_wconf 84' lang='lat' dir='ltr'><strong>dixit</strong></span> <span class='ocrx_word' id='word_1_136' title='bbox 955 2139 1002 2208; x_wconf 92' lang='lat' dir='ltr'><strong>(et</strong></span> <span class='ocrx_word' id='word_1_137' title='bbox 1012 2139 1185 2212; x_wconf 87' lang='lat' dir='ltr'><strong>Athone),</strong></span> 
     </span>
     <span class='ocr_line' id='line_1_19' title="bbox 128 2243 1185 2320; baseline 0.001 -19"><span class='ocrx_word' id='word_1_138' title='bbox 128 2243 240 2302; x_wconf 90' lang='lat' dir='ltr'><strong>Plinius</strong></span> <span class='ocrx_word' id='word_1_139' title='bbox 262 2252 291 2300; x_wconf 91' lang='lat' dir='ltr'><strong>et</strong></span> <span class='ocrx_word' id='word_1_140' title='bbox 311 2243 390 2300; x_wconf 90' lang='lat' dir='ltr'><strong>Mela</strong></span> <span class='ocrx_word' id='word_1_141' title='bbox 411 2245 549 2315; x_wconf 89' lang='lat' dir='ltr'><strong>Athon,</strong></span> <span class='ocrx_word' id='word_1_142' title='bbox 579 2245 683 2320; x_wconf 89' lang='lat' dir='ltr'><strong>quibus</strong></span> <span class='ocrx_word' id='word_1_143' title='bbox 705 2243 820 2300; x_wconf 87' lang='lat' dir='ltr'><strong>Livium</strong></span> <span class='ocrx_word' id='word_1_144' title='bbox 852 2261 918 2300; x_wconf 90' lang='lat' dir='ltr'><strong>mea</strong></span> <span class='ocrx_word' id='word_1_145' title='bbox 946 2243 1112 2301; x_wconf 90' lang='lat' dir='ltr'><strong>coniectura</strong></span> <span class='ocrx_word' id='word_1_146' title='bbox 1133 2245 1185 2302; x_wconf 91' lang='lat' dir='ltr'><strong>ad-</strong></span> 
     </span>
     <span class='ocr_line' id='line_1_20' title="bbox 127 2348 1185 2427; baseline 0.001 -21"><span class='ocrx_word' id='word_1_147' title='bbox 127 2349 227 2424; x_wconf 80' lang='lat' dir='ltr'><strong>iungit.</strong></span> <span class='ocrx_word' id='word_1_148' title='bbox 282 2349 317 2406; x_wconf 90' lang='lat' dir='ltr'><strong>In</strong></span> <span class='ocrx_word' id='word_1_149' title='bbox 348 2350 488 2425; x_wconf 85' lang='lat' dir='ltr'><strong>proximis</strong></span> <span class='ocrx_word' id='word_1_150' title='bbox 512 2351 539 2424; x_wconf 68' lang='grc' dir='ltr'><strong>(ξ</strong></span> <span class='ocrx_word' id='word_1_151' title='bbox 563 2352 593 2426; x_wconf 86' lang='grc'><strong>5)</strong></span> <span class='ocrx_word' id='word_1_152' title='bbox 623 2369 677 2427; x_wconf 88' lang='lat' dir='ltr'><strong>pro</strong></span> <span class='ocrx_word' id='word_1_153' title='bbox 698 2350 800 2426; x_wconf 82' lang='lat' dir='ltr'><strong>ignota</strong></span> <span class='ocrx_word' id='word_1_154' title='bbox 820 2348 984 2406; x_wconf 88' lang='lat' dir='ltr'><strong>Vettiorum</strong></span> <span class='ocrx_word' id='word_1_155' title='bbox 1006 2359 1100 2424; x_wconf 83' lang='lat' dir='ltr'><strong>gente,</strong></span> <span class='ocrx_word' id='word_1_156' title='bbox 1122 2369 1185 2424; x_wconf 85' lang='lat' dir='ltr'><strong>qaae</strong></span> 
     </span>
     <span class='ocr_line' id='line_1_21' title="bbox 127 2454 1185 2532; baseline 0.001 -21"><span class='ocrx_word' id='word_1_157' title='bbox 127 2456 158 2511; x_wconf 92' lang='lat' dir='ltr'><strong>in</strong></span> <span class='ocrx_word' id='word_1_158' title='bbox 179 2455 264 2512; x_wconf 88' lang='lat' dir='ltr'><strong>tertia</strong></span> <span class='ocrx_word' id='word_1_159' title='bbox 285 2456 464 2513; x_wconf 73' lang='lat' dir='ltr'><strong>Macedoniae</strong></span> <span class='ocrx_word' id='word_1_160' title='bbox 498 2467 582 2532; x_wconf 89' lang='lat' dir='ltr'><strong>parte</strong></span> <span class='ocrx_word' id='word_1_161' title='bbox 612 2456 687 2513; x_wconf 91' lang='lat' dir='ltr'><strong>inter</strong></span> <span class='ocrx_word' id='word_1_162' title='bbox 716 2454 827 2512; x_wconf 81' lang='lat' dir='ltr'><strong>Axium</strong></span> <span class='ocrx_word' id='word_1_163' title='bbox 860 2464 889 2512; x_wconf 91' lang='lat' dir='ltr'><strong>et</strong></span> <span class='ocrx_word' id='word_1_164' title='bbox 909 2455 1037 2512; x_wconf 88' lang='lat' dir='ltr'><strong>Peaeum</strong></span> <span class='ocrx_word' id='word_1_165' title='bbox 1058 2455 1185 2530; x_wconf 90' lang='lat' dir='ltr'><strong>ponitur,</strong></span> 
     </span>
     <span class='ocr_line' id='line_1_22' title="bbox 128 2559 1185 2637; baseline 0.004 -21"><span class='ocrx_word' id='word_1_166' title='bbox 128 2561 225 2618; x_wconf 87' lang='lat' dir='ltr'><strong>nescio</strong></span> <span class='ocrx_word' id='word_1_167' title='bbox 248 2579 285 2616; x_wconf 93' lang='lat' dir='ltr'><strong>an</strong></span> <span class='ocrx_word' id='word_1_168' title='bbox 307 2561 508 2620; x_wconf 87' lang='lat' dir='ltr'><strong>substituenda</strong></span> <span class='ocrx_word' id='word_1_169' title='bbox 529 2563 771 2622; x_wconf 80' lang='lat' dir='ltr'><strong>Bottiaeorum</strong></span> <span class='ocrx_word' id='word_1_170' title='bbox 790 2561 841 2629; x_wconf 85' lang='lat' dir='ltr'><strong>sit3</strong></span> <span class='ocrx_word' id='word_1_171' title='bbox 865 2567 942 2617; x_wconf 90' lang='lat' dir='ltr'><strong>certe</strong></span> <span class='ocrx_word' id='word_1_172' title='bbox 960 2559 990 2617; x_wconf 92' lang='lat' dir='ltr'><strong>in</strong></span> <span class='ocrx_word' id='word_1_173' title='bbox 1012 2580 1047 2618; x_wconf 87' lang='lat' dir='ltr'><strong>aa</strong></span> <span class='ocrx_word' id='word_1_174' title='bbox 1067 2561 1185 2637; x_wconf 86' lang='lat' dir='ltr'><strong>regione</strong></span> 
     </span>
     <span class='ocr_line' id='line_1_23' title="bbox 128 2664 1185 2744; baseline 0.004 -22"><span class='ocrx_word' id='word_1_175' title='bbox 128 2666 170 2723; x_wconf 92' lang='lat' dir='ltr'><strong>illi</strong></span> <span class='ocrx_word' id='word_1_176' title='bbox 191 2664 316 2725; x_wconf 84' lang='lat' dir='ltr'><strong>fuerunt.</strong></span> <span class='ocrx_word' id='word_1_177' title='bbox 367 2666 506 2724; x_wconf 87' lang='lat' dir='ltr'><strong>Extrema</strong></span> <span class='ocrx_word' id='word_1_178' title='bbox 529 2687 599 2744; x_wconf 88' lang='lat' dir='ltr'><strong>pars</strong></span> <span class='ocrx_word' id='word_1_179' title='bbox 620 2668 723 2743; x_wconf 86' lang='lat' dir='ltr'><strong>capitis</strong></span> <span class='ocrx_word' id='word_1_180' title='bbox 745 2672 774 2736; x_wconf 73' lang='grc' dir='ltr'><strong>(ς</strong></span> <span class='ocrx_word' id='word_1_181' title='bbox 799 2667 831 2736; x_wconf 82' lang='grc'><strong>8)</strong></span> <span class='ocrx_word' id='word_1_182' title='bbox 853 2666 882 2722; x_wconf 89' lang='lat' dir='ltr'><strong>in</strong></span> <span class='ocrx_word' id='word_1_183' title='bbox 904 2666 1002 2724; x_wconf 90' lang='lat' dir='ltr'><strong>codice</strong></span> <span class='ocrx_word' id='word_1_184' title='bbox 1023 2667 1064 2724; x_wconf 90' lang='lat' dir='ltr'><strong>sic</strong></span> <span class='ocrx_word' id='word_1_185' title='bbox 1085 2667 1185 2726; x_wconf 89' lang='lat' dir='ltr'><strong>scribi·</strong></span> 
     </span>
     <span class='ocr_line' id='line_1_24' title="bbox 129 2772 1186 2847; baseline 0.002 -19"><span class='ocrx_word' id='word_1_186' title='bbox 129 2781 190 2832; x_wconf 89' lang='lat' dir='ltr'><strong>tur:</strong></span> <span class='ocrx_word' id='word_1_187' title='bbox 242 2772 375 2829; x_wconf 82' lang='lat' dir='ltr'><strong>Divisa</strong></span> <span class='ocrx_word' id='word_1_188' title='bbox 397 2773 529 2847; x_wconf 83' lang='lat' dir='ltr'><strong>aitqnae</strong></span> <span class='ocrx_word' id='word_1_189' title='bbox 555 2773 778 2832; x_wconf 76' lang='lat' dir='ltr'><strong>Macedonia</strong></span> <span class='ocrx_word' id='word_1_190' title='bbox 802 2772 960 2847; x_wconf 87' lang='lat' dir='ltr'><strong>partium</strong></span> <span class='ocrx_word' id='word_1_191' title='bbox 982 2773 1109 2830; x_wconf 90' lang='lat' dir='ltr'><strong>usibus</strong></span> <span class='ocrx_word' id='word_1_192' title='bbox 1135 2791 1186 2830; x_wconf 90' lang='lat' dir='ltr'><strong>se·</strong></span> 
     </span>
     <span class='ocr_line' id='line_1_25' title="bbox 129 2877 1186 2954; baseline 0.002 -20"><span class='ocrx_word' id='word_1_193' title='bbox 129 2877 272 2953; x_wconf 90' lang='lat' dir='ltr'><strong>paratis</strong></span> <span class='ocrx_word' id='word_1_194' title='bbox 295 2887 435 2952; x_wconf 91' lang='lat' dir='ltr'><strong>quanta</strong></span> <span class='ocrx_word' id='word_1_195' title='bbox 455 2879 655 2954; x_wconf 86' lang='lat' dir='ltr'><strong>(Kreyssigius</strong></span> <span class='ocrx_word' id='word_1_196' title='bbox 687 2878 824 2952; x_wconf 88' lang='lat' dir='ltr'><strong>quania</strong></span> <span class='ocrx_word' id='word_1_197' title='bbox 859 2878 945 2936; x_wconf 88' lang='lat' dir='ltr'><strong>scribi</strong></span> <span class='ocrx_word' id='word_1_198' title='bbox 979 2879 1079 2952; x_wconf 87' lang='lat' dir='ltr'><strong>tradit)</strong></span> <span class='ocrx_word' id='word_1_199' title='bbox 1110 2877 1186 2936; x_wconf 90' lang='lat' dir='ltr'><strong>uni-</strong></span> 
     </span>
     <span class='ocr_line' id='line_1_26' title="bbox 130 2983 1186 3060; baseline 0.003 -20"><span class='ocrx_word' id='word_1_200' title='bbox 130 3001 259 3041; x_wconf 87' lang='lat' dir='ltr'><strong>versos</strong></span> <span class='ocrx_word' id='word_1_201' title='bbox 281 2984 398 3041; x_wconf 89' lang='lat' dir='ltr'><strong>tendit</strong></span> <span class='ocrx_word' id='word_1_202' title='bbox 428 2985 634 3042; x_wconf 75' lang='lat' dir='ltr'><strong>Macedonas</strong></span> <span class='ocrx_word' id='word_1_203' title='bbox 660 2983 820 3040; x_wconf 85' lang='lat' dir='ltr'><strong>formula</strong></span> <span class='ocrx_word' id='word_1_204' title='bbox 848 2984 948 3042; x_wconf 88' lang='lat' dir='ltr'><strong>dicta</strong></span> <span class='ocrx_word' id='word_1_205' title='bbox 977 3003 1053 3042; x_wconf 91' lang='lat' dir='ltr'><strong>cum</strong></span> <span class='ocrx_word' id='word_1_206' title='bbox 1084 2984 1186 3060; x_wconf 84' lang='lat' dir='ltr'><strong>leges</strong></span> 
     </span>
     <span class='ocr_line' id='line_1_27' title="bbox 130 3089 1186 3168; baseline 0.004 -22"><span class='ocrx_word' id='word_1_207' title='bbox 130 3108 274 3164; x_wconf 92' lang='lat' dir='ltr'><strong>quoque</strong></span> <span class='ocrx_word' id='word_1_208' title='bbox 305 3107 342 3146; x_wconf 89' lang='lat' dir='ltr'><strong>se</strong></span> <span class='ocrx_word' id='word_1_209' title='bbox 372 3090 540 3148; x_wconf 85' lang='lat' dir='ltr'><strong>daturum</strong></span> <span class='ocrx_word' id='word_1_210' title='bbox 571 3089 810 3150; x_wconf 84' lang='lat' dir='ltr'><strong>ostendisset.</strong></span> <span class='ocrx_word' id='word_1_211' title='bbox 861 3091 959 3148; x_wconf 82' lang='lat' dir='ltr'><strong>Pravo</strong></span> <span class='ocrx_word' id='word_1_212' title='bbox 989 3100 1018 3148; x_wconf 88' lang='lat' dir='ltr'><strong>et</strong></span> <span class='ocrx_word' id='word_1_213' title='bbox 1042 3090 1186 3168; x_wconf 71' lang='lat' dir='ltr'><strong>Gryneus</strong></span> 
     </span>
     <span class='ocr_line' id='line_1_28' title="bbox 131 3195 1186 3271; baseline 0.003 -18"><span class='ocrx_word' id='word_1_214' title='bbox 131 3204 160 3253; x_wconf 92' lang='lat' dir='ltr'><strong>et</strong></span> <span class='ocrx_word' id='word_1_215' title='bbox 182 3206 250 3271; x_wconf 87' lang='lat' dir='ltr'><strong>post</strong></span> <span class='ocrx_word' id='word_1_216' title='bbox 272 3215 337 3252; x_wconf 90' lang='lat' dir='ltr'><strong>eum</strong></span> <span class='ocrx_word' id='word_1_217' title='bbox 359 3214 459 3254; x_wconf 88' lang='lat' dir='ltr'><strong>omnes</strong></span> <span class='ocrx_word' id='word_1_218' title='bbox 479 3197 527 3255; x_wconf 92' lang='lat' dir='ltr'><strong>hic</strong></span> <span class='ocrx_word' id='word_1_219' title='bbox 548 3197 708 3254; x_wconf 90' lang='lat' dir='ltr'><strong>orationem</strong></span> <span class='ocrx_word' id='word_1_220' title='bbox 731 3195 862 3252; x_wconf 89' lang='lat' dir='ltr'><strong>insistere</strong></span> <span class='ocrx_word' id='word_1_221' title='bbox 883 3195 1045 3267; x_wconf 87' lang='lat' dir='ltr'><strong>voluerunt,</strong></span> <span class='ocrx_word' id='word_1_222' title='bbox 1073 3207 1186 3256; x_wconf 89' lang='lat' dir='ltr'><strong>senten-</strong></span> 
     </span>
     <span class='ocr_line' id='line_1_29' title="bbox 130 3301 1186 3379; baseline 0.003 -21"><span class='ocrx_word' id='word_1_223' title='bbox 130 3302 182 3372; x_wconf 89' lang='lat' dir='ltr'><strong>tia,</strong></span> <span class='ocrx_word' id='word_1_224' title='bbox 203 3302 228 3358; x_wconf 87' lang='lat' dir='ltr'><strong>si</strong></span> <span class='ocrx_word' id='word_1_225' title='bbox 249 3311 326 3359; x_wconf 88' lang='lat' dir='ltr'><strong>recte</strong></span> <span class='ocrx_word' id='word_1_226' title='bbox 349 3321 365 3358; x_wconf 94' lang='lat' dir='ltr'><strong>e</strong></span> <span class='ocrx_word' id='word_1_227' title='bbox 385 3302 482 3360; x_wconf 88' lang='lat' dir='ltr'><strong>verbis</strong></span> <span class='ocrx_word' id='word_1_228' title='bbox 504 3302 636 3374; x_wconf 85' lang='lat' dir='ltr'><strong>efficitur,</strong></span> <span class='ocrx_word' id='word_1_229' title='bbox 657 3303 744 3379; x_wconf 85' lang='lat' dir='ltr'><strong>plane</strong></span> <span class='ocrx_word' id='word_1_230' title='bbox 765 3319 912 3378; x_wconf 88' lang='lat' dir='ltr'><strong>perversa.</strong></span> <span class='ocrx_word' id='word_1_231' title='bbox 962 3301 1041 3358; x_wconf 92' lang='lat' dir='ltr'><strong>Nam</strong></span> <span class='ocrx_word' id='word_1_232' title='bbox 1074 3303 1123 3376; x_wconf 92' lang='lat' dir='ltr'><strong>qui</strong></span> <span class='ocrx_word' id='word_1_233' title='bbox 1144 3303 1186 3361; x_wconf 91' lang='lat' dir='ltr'><strong>sic</strong></span> 
     </span>
     <span class='ocr_line' id='line_1_30' title="bbox 131 3407 1186 3486; baseline 0.002 -22"><span class='ocrx_word' id='word_1_234' title='bbox 131 3409 330 3466; x_wconf 88' lang='lat' dir='ltr'><strong>narrationem</strong></span> <span class='ocrx_word' id='word_1_235' title='bbox 354 3409 516 3466; x_wconf 87' lang='lat' dir='ltr'><strong>concludit:</strong></span> <span class='ocrx_word' id='word_1_236' title='bbox 551 3409 706 3467; x_wconf 84' lang='lat' dir='ltr'><strong>formula</strong></span> <span class='ocrx_word' id='word_1_237' title='bbox 738 3407 837 3466; x_wconf 89' lang='lat' dir='ltr'><strong>dicta</strong></span> <span class='ocrx_word' id='word_1_238' title='bbox 859 3407 939 3480; x_wconf 89' lang='lat' dir='ltr'><strong>(est),</strong></span> <span class='ocrx_word' id='word_1_239' title='bbox 961 3425 1064 3482; x_wconf 90' lang='lat' dir='ltr'><strong>quum</strong></span> <span class='ocrx_word' id='word_1_240' title='bbox 1086 3409 1186 3486; x_wconf 87' lang='lat' dir='ltr'><strong>leges</strong></span> 
     </span>
     <span class='ocr_line' id='line_1_31' title="bbox 132 3515 1187 3592; baseline 0.004 -22"><span class='ocrx_word' id='word_1_241' title='bbox 132 3533 278 3590; x_wconf 90' lang='lat' dir='ltr'><strong>quoque</strong></span> <span class='ocrx_word' id='word_1_242' title='bbox 298 3532 335 3571; x_wconf 87' lang='lat' dir='ltr'><strong>se</strong></span> <span class='ocrx_word' id='word_1_243' title='bbox 357 3515 526 3572; x_wconf 90' lang='lat' dir='ltr'><strong>daturum</strong></span> <span class='ocrx_word' id='word_1_244' title='bbox 556 3515 797 3584; x_wconf 88' lang='lat' dir='ltr'><strong>ostendisset,</strong></span> <span class='ocrx_word' id='word_1_245' title='bbox 824 3515 848 3571; x_wconf 88' lang='lat' dir='ltr'><strong>is</strong></span> <span class='ocrx_word' id='word_1_246' title='bbox 880 3515 1084 3590; x_wconf 80' lang='lat' dir='ltr'><strong>(praeterquam</strong></span> <span class='ocrx_word' id='word_1_247' title='bbox 1108 3519 1187 3592; x_wconf 90' lang='lat' dir='ltr'><strong>quod</strong></span> 
     </span>
    </p>
   </div>
   <div class='ocr_carea' id='block_1_3' title="bbox 132 3617 1186 3699">
    <p class='ocr_par' dir='ltr' id='par_1_3' title="bbox 132 3617 1186 3699">
     <span class='ocr_line' id='line_1_32' title="bbox 132 3617 1186 3699; baseline 0.004 -21"><span class='ocrx_word' id='word_1_248' title='bbox 132 3619 252 3678; x_wconf 83' lang='lat' dir='ltr'><strong>offendit</strong></span> <span class='ocrx_word' id='word_1_249' title='bbox 273 3631 341 3696; x_wconf 92' lang='lat' dir='ltr'><strong>post</strong></span> <span class='ocrx_word' id='word_1_250' title='bbox 360 3621 528 3696; x_wconf 87' lang='lat' dir='ltr'><strong>primariam</strong></span> <span class='ocrx_word' id='word_1_251' title='bbox 551 3621 721 3678; x_wconf 90' lang='lat' dir='ltr'><strong>sententiam</strong></span> <span class='ocrx_word' id='word_1_252' title='bbox 752 3621 870 3696; x_wconf 87' lang='lat' dir='ltr'><strong>passiva</strong></span> <span class='ocrx_word' id='word_1_253' title='bbox 904 3617 1001 3676; x_wconf 83' lang='lat' dir='ltr'><strong>forma</strong></span> <span class='ocrx_word' id='word_1_254' title='bbox 1032 3621 1093 3680; x_wconf 89' lang='lat' dir='ltr'><strong>sine</strong></span> <span class='ocrx_word' id='word_1_255' title='bbox 1121 3643 1186 3699; x_wconf 90' lang='lat' dir='ltr'><strong>per·</strong></span> 
     </span>
    </p>
   </div>
   <div class='ocr_carea' id='block_1_4' title="bbox 132 3725 1189 4202">
    <p class='ocr_par' dir='ltr' id='par_1_4' title="bbox 132 3725 1186 3804">
     <span class='ocr_line' id='line_1_33' title="bbox 132 3725 1186 3804; baseline 0.003 -20"><span class='ocrx_word' id='word_1_256' title='bbox 132 3745 211 3784; x_wconf 84' lang='lat' dir='ltr'><strong>eonae</strong></span> <span class='ocrx_word' id='word_1_257' title='bbox 234 3727 350 3784; x_wconf 88' lang='lat' dir='ltr'><strong>nomine</strong></span> <span class='ocrx_word' id='word_1_258' title='bbox 370 3727 496 3804; x_wconf 91' lang='lat' dir='ltr'><strong>positam</strong></span> <span class='ocrx_word' id='word_1_259' title='bbox 520 3727 690 3786; x_wconf 90' lang='lat' dir='ltr'><strong>secundaria</strong></span> <span class='ocrx_word' id='word_1_260' title='bbox 720 3725 861 3784; x_wconf 88' lang='lat' dir='ltr'><strong>sententia</strong></span> <span class='ocrx_word' id='word_1_261' title='bbox 885 3727 979 3784; x_wconf 89' lang='lat' dir='ltr'><strong>active</strong></span> <span class='ocrx_word' id='word_1_262' title='bbox 1011 3727 1098 3800; x_wconf 90' lang='lat' dir='ltr'><strong>elata)</strong></span> <span class='ocrx_word' id='word_1_263' title='bbox 1121 3748 1186 3788; x_wconf 92' lang='lat' dir='ltr'><strong>cum</strong></span> 
     </span>
    </p>

    <p class='ocr_par' dir='ltr' id='par_1_5' title="bbox 132 3832 1186 3910">
     <span class='ocr_line' id='line_1_34' title="bbox 132 3832 1186 3910; baseline 0.004 -19"><span class='ocrx_word' id='word_1_264' title='bbox 132 3835 356 3909; x_wconf 84' lang='lat' dir='ltr'><strong>reprehensione</strong></span> <span class='ocrx_word' id='word_1_265' title='bbox 378 3833 477 3909; x_wconf 91' lang='lat' dir='ltr'><strong>aliqua</strong></span> <span class='ocrx_word' id='word_1_266' title='bbox 498 3851 535 3892; x_wconf 85' lang='lat' dir='ltr'><strong>ex</strong></span> <span class='ocrx_word' id='word_1_267' title='bbox 556 3835 642 3892; x_wconf 90' lang='lat' dir='ltr'><strong>rebus</strong></span> <span class='ocrx_word' id='word_1_268' title='bbox 667 3845 734 3892; x_wconf 89' lang='lat' dir='ltr'><strong>ante</strong></span> <span class='ocrx_word' id='word_1_269' title='bbox 756 3832 905 3908; x_wconf 88' lang='lat' dir='ltr'><strong>promissis</strong></span> <span class='ocrx_word' id='word_1_270' title='bbox 933 3841 1043 3891; x_wconf 88' lang='lat' dir='ltr'><strong>tentum</strong></span> <span class='ocrx_word' id='word_1_271' title='bbox 1073 3845 1186 3910; x_wconf 86' lang='lat' dir='ltr'><strong>partem</strong></span> 
     </span>
    </p>

    <p class='ocr_par' dir='ltr' id='par_1_6' title="bbox 135 3939 1187 4017">
     <span class='ocr_line' id='line_1_35' title="bbox 135 3939 1187 4017; baseline 0.004 -20"><span class='ocrx_word' id='word_1_272' title='bbox 135 3940 279 4016; x_wconf 84' lang='lat' dir='ltr'><strong>expletam</strong></span> <span class='ocrx_word' id='word_1_273' title='bbox 299 3958 362 3998; x_wconf 91' lang='lat' dir='ltr'><strong>esse</strong></span> <span class='ocrx_word' id='word_1_274' title='bbox 384 3941 535 4016; x_wconf 80' lang='lat' dir='ltr'><strong>significat</strong></span> <span class='ocrx_word' id='word_1_275' title='bbox 578 3939 636 4014; x_wconf 81' lang='lat' dir='ltr'><strong>Qui</strong></span> <span class='ocrx_word' id='word_1_276' title='bbox 656 3949 761 4017; x_wconf 75' lang='lat' dir='ltr'><strong>prater</strong></span> <span class='ocrx_word' id='word_1_277' title='bbox 782 3939 827 4009; x_wconf 92' lang='lat' dir='ltr'><strong>id,</strong></span> <span class='ocrx_word' id='word_1_278' title='bbox 859 3939 937 4014; x_wconf 91' lang='lat' dir='ltr'><strong>quod</strong></span> <span class='ocrx_word' id='word_1_279' title='bbox 971 3957 1047 3997; x_wconf 92' lang='lat' dir='ltr'><strong>nuno</strong></span> <span class='ocrx_word' id='word_1_280' title='bbox 1078 3939 1187 4001; x_wconf 83' lang='lat' dir='ltr'><strong>factum</strong></span> 
     </span>
    </p>

    <p class='ocr_par' dir='ltr' id='par_1_7' title="bbox 132 4045 1189 4202">
     <span class='ocr_line' id='line_1_36' title="bbox 132 4045 1189 4124; baseline 0.006 -20"><span class='ocrx_word' id='word_1_281' title='bbox 132 4047 178 4118; x_wconf 91' lang='lat' dir='ltr'><strong>sit,</strong></span> <span class='ocrx_word' id='word_1_282' title='bbox 200 4055 342 4123; x_wconf 73' lang='lat' dir='ltr'><strong>praeterea</strong></span> <span class='ocrx_word' id='word_1_283' title='bbox 364 4045 473 4122; x_wconf 90' lang='lat' dir='ltr'><strong>aliquid</strong></span> <span class='ocrx_word' id='word_1_284' title='bbox 496 4046 525 4104; x_wconf 88' lang='lat' dir='ltr'><strong>ia</strong></span> <span class='ocrx_word' id='word_1_285' title='bbox 546 4057 693 4123; x_wconf 87' lang='lat' dir='ltr'><strong>postemm</strong></span> <span class='ocrx_word' id='word_1_286' title='bbox 714 4047 888 4124; x_wconf 87' lang='lat' dir='ltr'><strong>promissum</strong></span> <span class='ocrx_word' id='word_1_287' title='bbox 909 4046 1061 4122; x_wconf 85' lang='lat' dir='ltr'><strong>significat,</strong></span> <span class='ocrx_word' id='word_1_288' title='bbox 1096 4049 1121 4107; x_wconf 88' lang='lat' dir='ltr'><strong>is</strong></span> <span class='ocrx_word' id='word_1_289' title='bbox 1152 4052 1189 4124; x_wconf 90' lang='lat' dir='ltr'><strong>(si</strong></span> 
     </span>
     <span class='ocr_line' id='line_1_37' title="bbox 940 4149 988 4202; baseline 0.021 -1"><span class='ocrx_word' id='word_1_290' title='bbox 940 4149 988 4202; x_wconf 82' lang='lat' dir='ltr'><strong>aa·</strong></span> 
     </span>
    </p>
   </div>
   <div class='ocr_carea' id='block_1_5' title="bbox 0 0 1427 4646">
    <p class='ocr_par' dir='ltr' id='par_1_8' title="bbox 0 0 1427 4646">
     <span class='ocr_line' id='line_1_38' title="bbox 0 0 1427 4646; baseline 0 0"><span class='ocrx_word' id='word_1_291' title='bbox 0 0 1427 4646; x_wconf 95' lang='lat' dir='ltr'><strong> </strong></span> 
     </span>
    </p>
   </div>
  </div>
 </body>
</html>
