2800 4646
573 283 624 338 187
987 281 1044 332 nib,
1062 281 1095 330 X.

52 475 193 540 reteque
215 465 245 522 in
268 466 442 523 editionibus
463 475 507 522 est
532 463 571 520 ud
591 473 851 538 nostratempora3
873 463 1013 522 refellitur
1034 473 1132 522 11111111

54 583 170 649 praeter
191 571 324 630 codicum
347 571 549 628 auctoritatem
581 573 630 639 (ne
658 569 726 644 quid
750 569 786 626 de
807 570 923 627 11111111
945 581 1014 646 apta
1037 573 1133 647 figura

54 678 257 754 proximos
284 711 323 719 -
349 677 461 746 cerni,
493 675 673 734 ulteriora
694 706 736 717 -
758 675 878 732 videri
912 692 991 732 esse
1019 676 1129 747 dicam)

56 784 125 859 ipsa
161 783 318 852 sementim
360 801 453 856 neque
484 781 559 838 enim
589 791 657 856 post
683 798 771 855 agros
800 779 957 859 (introrsus
988 783 1015 839 in
1038 783 1131 840 medi·

57 899 199 946 terranea
221 893 335 962 versus)
358 889 462 946 ostium
486 887 612 943 fluminis
635 895 707 946 erat.
753 888 855 962 Nuper
878 887 1131 945 Weissenbornius

56 1013 151 1051 voces
176 995 270 1052 haud
293 995 422 1071 procul
444 1011 497 1050 suo
520 993 585 1049 loco
608 1002 702 1049 motas
725 993 849 1067 putavit,
881 993 974 1068 iisque
997 1003 1133 1069 transpo-

56 1101 123 1157 sitis
148 1100 191 1157 sic
221 1101 349 1176 scripsit:
387 1117 495 1175 agros
528 1097 719 1174 proximos
752 1108 981 1173 campestres
1014 1101 1128 1170 cerni,

57 1205 248 1263 ulteriora
283 1205 400 1263 colles
432 1205 566 1274 videri3
599 1205 693 1262 hand
724 1203 856 1279 procul
889 1221 968 1261 esse
998 1205 1130 1262 ost-ium

57 1311 248 1382 fluminis,
281 1329 349 1386 quo
383 1311 583 1385 circumagi
617 1328 728 1367 naves
761 1311 779 1366 i.
814 1319 854 1365 st.
884 1320 903 1370 1.
936 1309 1132 1380 vidissent,

57 1417 118 1473 hoc
153 1415 268 1489 quidem
299 1425 460 1473 extremum
493 1416 727 1488 (vidissent),
768 1415 846 1490 qnod
880 1415 966 1472 etiam
995 1416 1131 1472 Hertzins

58 1531 181 1579 secutus
204 1529 257 1592 est,
287 1539 323 1578 cx
347 1521 427 1578 ineni
455 1521 631 1579 Alschefskii
659 1522 839 1590 coniectura,
865 1524 952 1578 ducta
984 1539 1020 1577 ex
1047 1521 1131 1578 unius

58 1627 174 1685 codicis
205 1627 357 1683 Pmendo
379 1626 548 1683 vidisset.
602 1625 660 1685 Sed
691 1637 719 1682 et
746 1627 793 1684 hic
815 1626 985 1683 emendandi
1007 1627 1061 1684 loci
1080 1643 1132 1684 co-

59 1743 152 1789 natus
174 1733 222 1804 (ne
246 1731 314 1806 quid
338 1732 374 1788 de
396 1732 623 1808 transpositione
647 1731 755 1808 dicum)
778 1733 994 1807 etreliquornm
1017 1742 1130 1789 seuten-

59 1839 111 1896 tiae
134 1837 186 1894 illo
208 1837 344 1894 laborant
363 1837 538 1911 gravissimo
559 1839 753 1908 incommodo,
776 1837 854 1912 quod
876 1837 916 1893 sic
932 1839 1132 1914 exploratores

60 1963 123 2002 uon
153 1943 242 2000 modo
263 1942 368 1999 ostium
398 1943 478 1999 fluvii
507 1962 538 2000 se
564 1943 671 2000 vidisse
703 1955 824 2000 narrant
855 1951 905 2000 eut
930 1945 1016 2001 etiam
1044 1945 1131 2002 ineo

60 2067 166 2118 naves,
189 2048 239 2104 sed
260 2065 350 2104 naves
373 2048 446 2116 (tum
469 2050 575 2124 ipsum)
597 2048 754 2124 circumagi
784 2058 813 2104 et
836 2048 992 2124 circumagi
1020 2051 1049 2106 in
1071 2061 1130 2107 sta·

61 2155 174 2211 tionem
198 2163 289 2210 tutam
308 2155 401 2228 (quod
423 2155 459 2210 de
481 2153 581 2211 olienis
604 2153 727 2210 navibus
749 2171 852 2229 parum
874 2155 1002 2211 curaturi
1025 2165 1130 2226 orant),

63 2279 156 2334 quum
188 2259 289 2316 Livius
320 2260 383 2335 ipse
420 2269 487 2335 post
520 2263 546 2331 (ξ
586 2259 632 2335 13)
667 2260 825 2334 significet,
857 2261 971 2317 illorum
1002 2261 1130 2318 locorum

63 2365 178 2423 incolas
201 2365 295 2423 nullas
317 2366 453 2423 habuisse
476 2366 531 2422 nisi
553 2365 706 2422 fluviatiles
726 2384 827 2434 naves,
850 2384 914 2439 quae
935 2385 993 2422 non
1013 2387 1050 2424 ex
1073 2365 1131 2423 alt-0

65 2470 340 2546 circumagebantur
362 2484 390 2530 et
412 2473 448 2529 ad
472 2491 537 2547 qnae
563 2471 730 2547 accipienda
752 2489 826 2546 opus
850 2489 908 2527 non
931 2480 994 2526 1111
1014 2470 1133 2527 flamine

64 2575 232 2652 preealto.
288 2579 389 2636 Naves
421 2578 510 2652 igitur
540 2577 693 2635 manifesto
723 2577 813 2652 ipsius
845 2573 995 2650 Cleonymi
1017 2574 1131 2648 signifi-

66 2691 179 2751 cantur,
201 2681 386 2758 indicantque
409 2683 608 2759 exploratores
636 2685 696 2740 eine
718 2681 760 2740 rei
782 2679 959 2749 fucultatem,
983 2699 1042 2754 qua
1063 2699 1131 2737 mox

65 2789 89 2844 11
111 2787 211 2856 utitur,
249 2789 345 2846 invehi
375 2789 498 2847 classem
529 2789 640 2847 iubens.
693 2789 797 2862 Itaque
826 2788 887 2844 hsec
917 2785 958 2843 sic
988 2787 1131 2842 cohaerere

66 2903 204 2970 apparet:
228 2895 408 2952 ulteriora
430 2895 544 2953 colles
575 2893 694 2951 videri
726 2911 818 2963 esse;
848 2894 979 2950 ostium
1009 2891 1132 2948 llnmi·

67 3001 121 3057 nir
154 3001 315 3075 praealti,
359 3019 429 3075 qno
465 3000 664 3075 circumagi
706 3017 819 3055 noves
859 2999 893 3055 in
933 2999 1130 3056 stationem

67 3115 182 3162 tutam
207 3100 242 3174 ⁹⁵,
264 3105 415 3174 vidisse3
439 3125 497 3162 non
519 3105 634 3175 dubito,
655 3105 724 3180 quin
746 3113 813 3161 ante
835 3103 975 3161 vidisse
995 3105 1132 3162 exciderit

68 3219 227 3289 possent.
276 3211 335 3282 (De
356 3210 493 3267 vidisse
514 3229 568 3286 pro
590 3229 627 3267 11
648 3211 788 3268 vidisse
808 3211 837 3268 in
860 3210 992 3267 oratione
1013 3209 1133 3284 obliqua

68 3317 181 3392 longius
203 3315 373 3372 continuata
394 3316 463 3372 nihil
491 3335 564 3393 opus
586 3323 631 3374 est
653 3315 735 3382 dici.)

151 3419 225 3496 Cap.
239 3423 267 3486 3.
285 3425 316 3478 l:
339 3421 398 3496 qui
414 3431 534 3479 terror
545 3425 758 3490 (Romanorum
772 3421 809 3476 ab
820 3421 951 3478 Etruscis
967 3439 1031 3478 cum
1044 3419 1132 3478 foeda

69 3525 146 3583 111111
175 3525 203 3582 in
233 3535 330 3583 castra
365 3527 592 3603 compulsorum)
626 3547 695 3585 non
724 3546 764 3584 co
797 3536 935 3584 tantum
968 3545 986 3583 1
1013 3525 1131 3582 Fabio

70 3631 225 3705 (1111111111,
242 3649 327 3706 quem
346 3632 445 3688 Livius
458 3633 524 3690 huic
539 3633 615 3691 bello
631 3631 794 3690 interfuisse
815 3640 917 3707 negat)
941 3633 1131 3700 abhorret,

69 3735 177 3812 quod,
220 3736 250 3793 si
279 3755 348 3812 qua
382 3738 458 3795 elia
488 3749 567 3796 arte
597 3757 795 3814 cognomen
827 3757 926 3794 sunm
960 3737 1132 3812 aequavit,

68 3856 138 3899 tum
178 3842 339 3898 maxime
383 3842 531 3900 bellicis
569 3844 751 3902 laudibus.
806 3842 952 3915 Quoniam
989 3842 1134 3918 particulo

69 3959 138 4004 tum
160 3945 254 4004 sicin
277 3947 474 4023 comparando
505 3951 584 4025 (post
606 3950 635 4007 si
657 3948 737 4024 quis
760 3947 866 4020 elius)
897 3947 1003 4005 adclitae
1024 3947 1131 4004 nullum

68 4053 185 4111 omniuo
202 4053 368 4128 exemplum
383 4065 502 4126 estnec,
518 4055 587 4130 quid
603 4067 682 4130 agat,
703 4053 880 4128 intelligitur,
894 4053 979 4110 valde
993 4051 1134 4129 suspicor,
