2822 4648
294 246 352 295 Lib.
372 245 405 296 V.
764 247 774 302 l
785 248 821 302 16

256 431 344 489 karus
365 438 394 487 et
408 426 664 486 Weissenbornius
682 426 712 484 in
735 426 863 496 veluti3
885 427 1075 502 nequeenim
1099 443 1251 500 apparere,
1273 441 1328 479 eur

258 534 373 594 veluti
396 532 493 592 forte
513 533 555 590 illi
576 531 765 608 populatores
788 531 879 590 oblati
901 531 1035 590 dieantur
1056 531 1155 607 (quasi
1177 528 1325 587 simulatio

258 659 344 698 ossus
364 639 462 710 fuerit)
486 657 520 696 ae
542 657 601 694 non
623 635 729 695 forte.
780 638 839 698 Sed
860 647 965 714 preter
986 639 1051 708 boe,
1074 637 1154 712 quod
1174 635 1326 692 verissime

258 744 492 820 reprehenditur,
528 743 587 800 alia
615 751 659 802 est
686 743 715 800 in
737 744 802 820 ipsa
830 743 999 802 narratione
1026 741 1190 800 difficultas.
1245 741 1324 798 Nam

257 848 427 924 palantes
449 849 515 906 illos
536 848 779 924 populatores
801 849 886 906 video
901 848 1021 924 intelligi
1033 851 1064 920 (a
1074 846 1327 916 Weissenbornio)

256 954 382 1012 victores
398 955 575 1026 (Romanos)
595 973 613 1012 a
625 955 716 1024 Veiis,
730 954 788 1028 qui,
807 954 931 1028 primum
944 953 1103 1029 composite
1121 953 1214 1010 viotos
1227 969 1325 1026 perse-

257 1059 326 1130 cuti,
348 1068 451 1134 postea
472 1059 564 1134 palati
585 1069 614 1117 ot
630 1058 714 1118 effusi
738 1059 768 1116 in
790 1059 882 1116 victos
905 1059 1071 1128 inciderint3
1093 1076 1157 1132 quse
1178 1055 1328 1112 enarratio

257 1182 352 1238 neque
373 1181 437 1222 eum
460 1183 492 1221 re
513 1184 607 1239 neque
629 1183 693 1222 eum
718 1165 814 1222 verbis
836 1164 981 1224 convenit.
1027 1165 1105 1222 Nam
1129 1173 1161 1219 ut
1183 1162 1327 1228 omittam,

257 1269 378 1344 palari
400 1289 458 1326 non
472 1271 529 1330 diei
544 1272 579 1328 de
595 1270 686 1328 effuse
700 1270 948 1345 persequentibus,
970 1269 1096 1344 primum
1113 1268 1164 1326 ills
1187 1285 1252 1324 nee
1274 1266 1327 1322 ita

259 1375 373 1432 multo
395 1385 479 1450 post
501 1376 655 1433 ostendunt
682 1375 751 1432 novi
773 1375 882 1450 aliquid
904 1385 932 1433 et
954 1395 972 1432 a
993 1375 1193 1450 perseeutione
1215 1391 1327 1440 eorum,

257 1481 307 1554 qui
330 1490 426 1540 eastra
448 1481 486 1538 ad
498 1481 589 1538 Veios
602 1481 688 1538 tutati
702 1490 793 1550 erant,
816 1482 921 1540 diversi
938 1482 1085 1556 subiungi3
1107 1479 1209 1536 deinde
1231 1477 1326 1552 ipsum

257 1587 470 1644 substantivum
493 1587 748 1662 populatores,
768 1587 903 1644 adiuncto
919 1587 1078 1661 praesertim
1094 1585 1237 1660 genitivo:
1260 1581 1327 1640 Ca·

257 1691 403 1766 penatis
427 1691 521 1766 agri,
547 1710 604 1765 quo
620 1691 754 1750 definitur
771 1710 872 1767 genus,
893 1692 966 1748 alios
982 1692 1112 1748 homines
1129 1691 1214 1748 obiici
1230 1689 1327 1747 deela-

258 1807 314 1864 rat,
335 1815 393 1854 non
416 1797 532 1853 eosdem
546 1797 583 1854 ad
596 1797 794 1872 populandum
808 1815 977 1866 eonvers0s3
1000 1805 1028 1854 et
1043 1798 1093 1871 qui
1107 1806 1254 1873 poterant,
1278 1799 1327 1870 qai

258 1921 335 1977 aegre
357 1911 454 1958 eastra
477 1915 506 1959 et
528 1904 565 1960 ab
588 1903 660 1960 urbe
683 1912 712 1959 et
733 1898 1104 1977 extrinsecus'oppugnata
1128 1901 1328 1958 defenderant.

258 2008 348 2064 libere
371 2005 479 2065 effundi
502 2007 540 2064 ad
563 2005 743 2082 Capenatem
771 2025 875 2082 agrum
896 2007 1115 2084 populandum?
1146 2009 1224 2064 Tum
1248 2027 1328 2073 vero,

258 2112 308 2186 qui
339 2130 375 2168 ex
406 2112 471 2187 ipsa
500 2131 599 2189 pugna
629 2113 722 2170 victos
750 2112 894 2194 persecuti
924 2122 1006 2168 arant
1033 2113 1122 2188 tergis
1146 2114 1328 2181 inhaerentes,

257 2217 389 2293 profecto
413 2237 471 2275 non
493 2218 569 2276 forte
591 2216 690 2276 offerri
712 2217 887 2292 fugientibus
910 2227 1054 2294 poterant,
1077 2239 1113 2275 ne
1136 2216 1235 2276 offerri
1262 2219 1326 2293 qui·

255 2323 331 2393 dem,
354 2323 409 2380 nisi
432 2325 589 2381 admodum
614 2324 689 2382 lente
712 2334 740 2380 et
761 2325 863 2381 sedato
886 2325 978 2399 gradu
1000 2325 1093 2382 victos
1112 2324 1221 2399 fugisse
1236 2334 1324 2399 puta-

257 2447 330 2499 mus,
354 2437 384 2486 ut
406 2429 532 2486 viotores
554 2429 640 2485 etiam
663 2430 738 2486 inter
756 2429 954 2505 populandum
978 2448 1028 2486 eos
1048 2429 1234 2504 praetergredi
1257 2447 1326 2504 pos-

256 2545 336 2604 sent3
360 2553 427 2592 narn
451 2533 573 2591 oblati
594 2534 737 2608 signifieat
761 2553 797 2591 ex
820 2535 944 2592 adverso
968 2536 1141 2602 occurrisse3
1175 2544 1324 2609 postremo

255 2656 375 2715 prorsus
397 2656 489 2712 prave
512 2638 587 2696 inter
608 2639 781 2714 palantes
804 2647 833 2696 et
858 2641 1100 2714 pabulatores
1132 2641 1326 2714 interponitur

256 2744 352 2801 forte
375 2742 500 2800 oblati.
541 2745 613 2801 Rem
629 2744 722 2819 ipsam
746 2745 989 2818 quemadmodum
1003 2745 1103 2802 Livius
1125 2745 1222 2801 animo
1242 2763 1323 2801 eom-

256 2849 454 2926 prehenderit,
488 2845 672 2903 manifestum
708 2859 759 2907 est.
814 2851 948 2906 Victores
978 2869 997 2906 a
1030 2851 1111 2906 Veiis
1143 2851 1321 2924 aliquantum

256 2953 344 3029 spatii
365 2954 457 3010 victos
479 2952 621 3026 persecuti
650 2953 680 3009 in
702 2964 812 3026 eastra,
843 2974 906 3030 quae
928 2955 984 3030 ipsi
1005 2955 1142 3012 Veientes
1173 2956 1322 3030 eruptione

257 3067 463 3134 oppugnarent
485 3059 553 3132 (59
584 3058 723 3132 triplex
754 3061 940 3116 exereitus
973 3071 1001 3116 et
1023 3067 1038 3130 ᾖ
1063 3061 1127 3136 13),
1162 3061 1320 3126 redierunt;

256 3164 360 3220 deinde
384 3161 583 3236 Capenatibus
614 3172 641 3218 et
669 3163 793 3221 Faliscis
819 3165 890 3239 fuga
920 3166 1092 3224 abeuntibus
1119 3167 1168 3223 alii
1195 3166 1321 3224 Romani

257 3289 294 3328 ex
317 3270 441 3326 adverso
464 3279 665 3337 occurrerunt,
699 3269 748 3342 qui
775 3271 914 3326 haetenus
944 3289 1045 3346 agrum
1069 3271 1246 3346 Capenatem
1270 3290 1321 3346 po·

257 3375 349 3451 palati
372 3382 463 3442 erant,
487 3371 586 3445 (eine.
603 3375 679 3444 12‚5
703 3375 739 3430 de
760 3375 855 3445 simili,
877 3375 946 3432 ditm
969 3377 1036 3433 Veii
1060 3376 1236 3446 obsidentur,
1261 3375 1320 3450 agri

257 3480 416 3556 Capenatis
430 3477 641 3554 populatione)
657 3478 853 3553 reliquiasque
869 3498 973 3554 pugnae
991 3481 1220 3556 absumpserunt.
1258 3483 1319 3538 Iam

256 3587 326 3643 illud
339 3603 454 3658 qnoque
473 3591 605 3658 apparet,
626 3583 739 3658 opinor,
761 3585 965 3659 palantium
987 3585 1220 3662 appellationem,
1244 3587 1320 3660 quod

255 3691 319 3766 ipse
348 3687 483 3746 vocabuli
511 3687 682 3762 palantes
712 3688 793 3745 locus
823 3699 890 3746 ante
921 3709 1057 3748 occursus
1086 3693 1260 3748 mentionem
1293 3705 1321 3747 et

255 3795 399 3871 particula
431 3794 502 3849 iam
532 3793 671 3864 ostendit,
703 3795 845 3868 pertinere
875 3797 912 3851 ad
936 3795 1099 3872 Capenates
1129 3808 1157 3852 et
1180 3797 1320 3866 Faliscos,

256 3899 307 3973 qui
328 3917 363 3956 eo
385 3897 498 3954 facilins
515 3897 602 3954 deleti
619 3899 684 3954 siut.
717 3899 785 3954 Non
808 3899 896 3973 igitur
917 3901 986 3958 iam
1009 3902 1182 3976 palantes
1203 3902 1320 3958 oblati

255 4015 353 4075 sunt,
384 4003 435 4060 sed
457 4003 526 4060 iam
550 4003 767 4077 palantibus
797 4013 861 4073 aut,
892 4006 970 4078 quod
994 4005 1094 4062 Livius
1115 4007 1220 4081 saepius
1245 4007 1320 4074 dicit,
