2820 4646
217 195 224 212 ⁸
242 217 299 267 Lib.
317 217 401 266 XLV.
744 221 804 276 eoo

242 401 311 470 hnc,
343 417 408 473 que
436 409 607 457 sentenum
639 401 747 457 habent
777 417 897 475 prorsus
920 399 1044 469 nuusn,
1076 399 1237 458 orationem
1258 400 1302 470 (in

241 507 350 577 esset)
375 505 525 563 vitiosam:
555 521 742 562 commune
761 503 957 562 consilium
979 503 1103 579 gentis
1124 513 1238 570 esset,
1259 521 1302 560 ne

241 609 445 683 improbum
480 608 613 684 vulgus
634 627 654 664 a
684 617 815 666 senstu
846 607 1050 682 eliquando
1086 608 1304 666 libertatern

242 713 383 772 salubri
397 713 655 772 moderatione
668 713 789 771 detsrn
804 713 848 770 ad
863 712 1054 770 licentiam
1068 713 1302 788 pestilentem

241 819 415 876 traheret.
473 819 579 892 Itaque
610 827 661 874 sut
690 816 826 874 nullum
858 827 1072 874 essecutus
1095 816 1302 874 essetscribi

240 923 354 992 inbsnt3
377 921 407 978 id
429 941 487 978 non
508 922 643 978 videntur
664 921 913 990 animadvertisse,
940 919 1058 986 ridicule
1079 920 1184 995 vulgus
1207 921 1304 988 (cuius

241 1027 463 1102 improbitas
485 1026 547 1083 h.1.
567 1026 638 1084 satis
656 1025 752 1102 inepte
774 1025 1030 1098 commemoretur)
1053 1024 1110 1082 dici
1131 1043 1150 1082 s
1170 1033 1303 1082 senstu

242 1131 303 1206 (qui
324 1131 389 1204 quis
411 1130 464 1200 sit,
492 1129 608 1188 difficile
638 1139 682 1188 est
703 1129 871 1205 intelligere,
893 1148 982 1205 quern
1006 1129 1100 1188 nullus
1124 1139 1193 1187 ante
1214 1129 1304 1205 signi·

241 1237 342 1293 ficetm
364 1234 414 1311 sit)
441 1235 602 1294 libertatem
634 1235 673 1292 sd
703 1233 847 1292 licentiam
881 1235 1011 1304 trahere3
1043 1252 1110 1290 nem
1140 1232 1304 1290 libertstem

241 1339 270 1396 in
296 1339 440 1398 licentiam
473 1339 588 1396 trabere
617 1355 653 1396 ec
682 1347 795 1396 vertere
826 1338 896 1412 quid
917 1339 964 1408 sit,
995 1339 1118 1412 scimus;
1143 1338 1181 1395 sb
1204 1337 1303 1413 sliquo

241 1445 403 1502 libertatem
425 1445 455 1502 in
480 1443 625 1502 licentiam
647 1443 763 1500 trahere
784 1443 855 1500 nihil
876 1451 921 1498 est
941 1442 1068 1500 omnino.
1116 1443 1232 1514 Aderit,
1254 1445 1303 1518 qui

135 1545 137 1553 ’
241 1567 287 1605 me
311 1566 430 1624 prorsus
453 1548 597 1606 coecutire
627 1547 782 1616 occlamet,
815 1546 864 1620 qui
896 1565 956 1603 non
977 1547 1092 1604 videam
1113 1547 1305 1622 coniungite

242 1663 368 1710 senatu
399 1654 535 1724 datam,
573 1652 652 1728 quod
682 1661 715 1708 ut
744 1651 836 1728 magis
864 1651 1008 1720 eluceret,
1039 1652 1304 1722 Weissenbornius‚

242 1775 330 1831 quum
352 1758 381 1814 in
404 1758 503 1816 codice
527 1767 604 1815 esset
628 1759 841 1826 adsentitur,
871 1755 986 1831 scripsit
1016 1757 1062 1814 ab
1083 1766 1214 1814 senetu
1237 1759 1303 1816 Ro-

241 1881 357 1922 meno.
413 1863 521 1920 Verum
553 1863 597 1937 (ut
619 1863 751 1920 omittam
775 1881 879 1936 parum
906 1871 974 1936 epte
995 1862 1021 1920 h.
1046 1861 1075 1930 l.,
1099 1862 1164 1936 quis
1186 1862 1303 1918 liberta·

242 1976 299 2023 tem
327 1966 453 2036 dederit,
484 1967 514 2024 in
546 1967 716 2024 memorium
744 1966 890 2032 revocari)
913 1965 1084 2042 interposita
1104 1978 1172 2024 ante
1193 1967 1304 2024 liber-

241 2080 352 2126 tatem
380 2088 440 2126 vox
470 2070 678 2146 aliquando
718 2069 876 2128 certissime
905 2070 1030 2144 pertinet
1060 2072 1098 2128 ad
1126 2072 1305 2128 traheret

242 2175 402 2249 eodemque
423 2183 455 2231 ut
476 2174 620 2234 referatur
641 2194 660 2232 e
682 2183 829 2244 senatu,
850 2173 1002 2232 inivitabili
1024 2175 1195 2232 necessitate
1216 2175 1305 2250 cogit

240 2279 349 2337 Videat
371 2297 447 2338 nunc
469 2278 539 2336 mihi
561 2278 665 2352 aliquis
687 2278 829 2354 integram
851 2279 958 2338 codicis
979 2280 1167 2355 scripturam,
1201 2299 1218 2336 e
1246 2297 1306 2354 qus

240 2385 429 2460 Kreyssigius
440 2403 528 2442 unum
539 2383 609 2440 illud
624 2383 825 2440 adsenstor
846 2383 1012 2452 adnotavit3
1035 2393 1078 2440 est
1092 2393 1189 2441 autem
1205 2383 1306 2441 huius·

240 2490 333 2546 modis
369 2507 555 2546 commune
590 2489 786 2546 consilium
820 2489 950 2564 gentis
980 2497 1076 2546 esset
1097 2489 1305 2564 improbum

191 2637 193 2642 ,
241 2593 345 2670 vulgi
367 2595 444 2665 (non
465 2591 609 2667 vulgus)
640 2593 840 2650 sdsenstor
867 2593 1071 2668 aliquando
1093 2591 1306 2650 libertatern

240 2699 381 2756 salubri
414 2696 665 2754 moderationi
702 2697 822 2754 datam
859 2707 913 2755 cet.
983 2698 1146 2773 Scripserat
1189 2697 1306 2756 Livius:

241 2822 425 2862 commune
460 2801 660 2860 concilium
683 2802 806 2876 gentis
839 2820 934 2872 esse,
963 2803 1223 2882 lnprsbstn,
1262 2821 1307 2862 ee

310 3153 374 3205 sibi
393 3163 625 3219 perpetueque
650 3157 709 3216 (pro
732 3153 1003 3218 perpetuumque)
1028 3153 1086 3201 sub
1105 3152 1211 3201 tutela
1230 3165 1307 3201 esse

310 3255 356 3296 cet.
394 3246 494 3296 Deinde
513 3245 677 3296 scribendum
696 3246 809 3293 videtnrs
836 3254 881 3308 et,
900 3257 970 3308 que
988 3244 1044 3292 sub
1064 3243 1199 3306 regibus
1217 3243 1307 3293 rire·

310 3346 390 3398 rent,
411 3345 443 3386 et
461 3339 494 3386 in
513 3351 658 3402 presens
677 3345 804 3400 tempus
829 3336 977 3384 mitiores
996 3349 1051 3384 eos
1071 3336 1308 3400 iustioresque

310 3437 462 3491 respectu
481 3429 598 3493 populi
622 3427 759 3478 Romsni
786 3427 906 3476 habere
925 3441 959 3476 ss
978 3428 1151 3477 crederent
1169 3427 1217 3492 (sic
1236 3430 1307 3486 eod„

309 3536 331 3569 v.
351 3521 476 3569 omittitur
501 3518 702 3580 crederent),
730 3525 774 3578 et,
801 3519 964 3582 siquando
990 3518 1111 3568 bellum
1138 3533 1206 3568 cnm
1231 3534 1307 3584 pop.

310 3613 343 3662 R.
362 3613 497 3675 regibus
526 3609 651 3659 inisset
675 3609 758 3668 scis,
789 3609 916 3660 exitum
944 3612 1015 3660 eius
1043 3610 1220 3660 victorium
1245 3609 1308 3660 Bo—

310 3705 411 3753 manis
431 3703 636 3762 adlaturum,
655 3701 719 3750 sibi
738 3700 939 3750 libertatem.
975 3701 1055 3765 (Cod.
1074 3701 1231 3750 Romanis
1250 3703 1309 3750 ad·

308 3795 450 3843 laturum
485 3794 664 3843 crederent
694 3793 757 3842 sibi
776 3791 966 3843 edicturum
1001 3793 1070 3846 sibi
1100 3791 1308 3841 libertstem.

310 3883 440 3932 Metalli
459 3893 508 3936 cet.
549 3883 735 3934 crederent
753 3899 767 3932 e
787 3885 960 3948 superioribus
978 3883 1115 3948 repetitum
1133 3881 1197 3933 alies
1214 3883 1309 3934 turbu

309 3974 436 4036 peperisse
454 3975 573 4032 videtur.)
