<?xml version="1.0" encoding="UTF-8"?>
<!DOCTYPE html PUBLIC "-//W3C//DTD XHTML 1.0 Transitional//EN"
    "http://www.w3.org/TR/xhtml1/DTD/xhtml1-transitional.dtd">
<html xmlns="http://www.w3.org/1999/xhtml" xml:lang="en" lang="en">
 <head>
  <title>
</title>
<meta http-equiv="Content-Type" content="text/html;charset=utf-8" />
  <meta name='ocr-system' content='tesseract 3.04.00' />
  <meta name='ocr-capabilities' content='ocr_page ocr_carea ocr_par ocr_line ocrx_word'/>
</head>
<body>
  <div class='ocr_page' id='page_1' title='image "./emendationesliv02madvgoog_0552.png"; bbox 0 0 2826 4640; ppageno 0'>
   <div class='ocr_carea' id='block_1_1' title="bbox 614 221 1175 308">
    <p class='ocr_par' dir='ltr' id='par_1_1' title="bbox 614 221 1175 308">
     <span class='ocr_line' id='line_1_1' title="bbox 614 221 1175 308; baseline -0.007 0"><span class='ocrx_word' id='word_1_1' title='bbox 614 252 672 308; x_wconf 76' lang='lat' dir='ltr'><strong>tls</strong></span> <span class='ocrx_word' id='word_1_2' title='bbox 1013 250 1070 300; x_wconf 78' lang='lat' dir='ltr'><strong>me.</strong></span> <span class='ocrx_word' id='word_1_3' title='bbox 1089 221 1175 305; x_wconf 80' lang='lat' dir='ltr'><strong>xnu.</strong></span> 
     </span>
    </p>
   </div>
   <div class='ocr_carea' id='block_1_2' title="bbox 91 427 1177 4082">
    <p class='ocr_par' dir='ltr' id='par_1_2' title="bbox 110 427 1172 1656">
     <span class='ocr_line' id='line_1_2' title="bbox 111 427 1172 509; baseline 0.008 -25"><span class='ocrx_word' id='word_1_4' title='bbox 111 427 282 502; x_wconf 74' lang='lat' dir='ltr'>scripserat:</span> <span class='ocrx_word' id='word_1_5' title='bbox 305 429 381 491; x_wconf 74' lang='lat' dir='ltr'><strong>leel</strong></span> <span class='ocrx_word' id='word_1_6' title='bbox 403 437 611 500; x_wconf 78' lang='lat' dir='ltr'><strong>armaturae,</strong></span> <span class='ocrx_word' id='word_1_7' title='bbox 642 429 795 488; x_wconf 73' lang='lat' dir='ltr'>Cretenses</span> <span class='ocrx_word' id='word_1_8' title='bbox 822 431 984 508; x_wconf 86' lang='lat' dir='ltr'><strong>intelligens</strong></span> <span class='ocrx_word' id='word_1_9' title='bbox 1006 451 1113 509; x_wconf 89' lang='lat' dir='ltr'><strong>eosque</strong></span> <span class='ocrx_word' id='word_1_10' title='bbox 1134 435 1172 492; x_wconf 91' lang='lat' dir='ltr'><strong>ab</strong></span> 
     </span>
     <span class='ocr_line' id='line_1_3' title="bbox 111 531 1172 610; baseline 0.009 -23"><span class='ocrx_word' id='word_1_11' title='bbox 111 531 257 605; x_wconf 89' lang='lat' dir='ltr'><strong>equitibus</strong></span> <span class='ocrx_word' id='word_1_12' title='bbox 290 551 442 609; x_wconf 89' lang='lat' dir='ltr'><strong>separans.</strong></span> <span class='ocrx_word' id='word_1_13' title='bbox 494 535 590 592; x_wconf 90' lang='lat' dir='ltr'><strong>Paulo</strong></span> <span class='ocrx_word' id='word_1_14' title='bbox 622 541 690 610; x_wconf 83' lang='lat' dir='ltr'><strong>post</strong></span> <span class='ocrx_word' id='word_1_15' title='bbox 712 535 740 608; x_wconf 71' lang='grc' dir='ltr'><strong>(ξ</strong></span> <span class='ocrx_word' id='word_1_16' title='bbox 767 540 825 608; x_wconf 82' lang='grc'>10),</span> <span class='ocrx_word' id='word_1_17' title='bbox 859 538 909 596; x_wconf 92' lang='lat' dir='ltr'><strong>ubi</strong></span> <span class='ocrx_word' id='word_1_18' title='bbox 941 539 971 596; x_wconf 90' lang='lat' dir='ltr'><strong>in</strong></span> <span class='ocrx_word' id='word_1_19' title='bbox 1002 539 1100 596; x_wconf 90' lang='lat' dir='ltr'><strong>codiee</strong></span> <span class='ocrx_word' id='word_1_20' title='bbox 1130 541 1172 598; x_wconf 87' lang='lat' dir='ltr'><strong>eie</strong></span> 
     </span>
     <span class='ocr_line' id='line_1_4' title="bbox 111 637 1171 718; baseline 0.01 -25"><span class='ocrx_word' id='word_1_21' title='bbox 111 637 263 694; x_wconf 80' lang='lat' dir='ltr'>scribitur:</span> <span class='ocrx_word' id='word_1_22' title='bbox 285 637 649 714; x_wconf 77' lang='lat' dir='ltr'><strong>Quadringentorum</strong></span> <span class='ocrx_word' id='word_1_23' title='bbox 666 659 791 700; x_wconf 90' lang='lat' dir='ltr'><strong>manus</strong></span> <span class='ocrx_word' id='word_1_24' title='bbox 812 651 969 718; x_wconf 88' lang='lat' dir='ltr'><strong>utraque</strong></span> <span class='ocrx_word' id='word_1_25' title='bbox 990 663 1171 704; x_wconf 89' lang='lat' dir='ltr'><strong>numerum</strong></span> 
     </span>
     <span class='ocr_line' id='line_1_5' title="bbox 111 743 1171 827; baseline 0.007 -27"><span class='ocrx_word' id='word_1_26' title='bbox 111 743 472 819; x_wconf 87' lang='lat' dir='ltr'><strong>explebatrationem</strong></span> <span class='ocrx_word' id='word_1_27' title='bbox 506 745 839 804; x_wconf 85' lang='lat' dir='ltr'><strong>tessalonicensem</strong></span> <span class='ocrx_word' id='word_1_28' title='bbox 864 757 898 804; x_wconf 90' lang='lat' dir='ltr'><strong>et</strong></span> <span class='ocrx_word' id='word_1_29' title='bbox 929 749 1171 827; x_wconf 87' lang='lat' dir='ltr'><strong>eertimanop·</strong></span> 
     </span>
     <span class='ocr_line' id='line_1_6' title="bbox 110 848 1172 930; baseline 0.008 -25"><span class='ocrx_word' id='word_1_30' title='bbox 110 848 333 923; x_wconf 88' lang='lat' dir='ltr'><strong>tolopemum</strong></span> <span class='ocrx_word' id='word_1_31' title='bbox 377 849 424 907; x_wconf 87' lang='lat' dir='ltr'><strong>iis</strong></span> <span class='ocrx_word' id='word_1_32' title='bbox 459 850 641 925; x_wconf 77' lang='lat' dir='ltr'><strong>praefecit,</strong></span> <span class='ocrx_word' id='word_1_33' title='bbox 686 850 777 909; x_wconf 89' lang='lat' dir='ltr'><strong>latere</strong></span> <span class='ocrx_word' id='word_1_34' title='bbox 814 852 941 910; x_wconf 86' lang='lat' dir='ltr'><strong>videtur:</strong></span> <span class='ocrx_word' id='word_1_35' title='bbox 985 854 1172 930; x_wconf 78' lang='lat' dir='ltr'><strong>explebat3</strong></span> 
     </span>
     <span class='ocr_line' id='line_1_7' title="bbox 112 949 1171 1037; baseline 0.007 -26"><span class='ocrx_word' id='word_1_36' title='bbox 112 953 323 1012; x_wconf 77' lang='lat' dir='ltr'><strong>Stratonem</strong></span> <span class='ocrx_word' id='word_1_37' title='bbox 338 949 709 1014; x_wconf 77' lang='lat' dir='ltr'><strong>Thessalonicensem</strong></span> <span class='ocrx_word' id='word_1_38' title='bbox 726 965 760 1013; x_wconf 90' lang='lat' dir='ltr'><strong>et</strong></span> <span class='ocrx_word' id='word_1_39' title='bbox 775 959 980 1014; x_wconf 91' lang='lat' dir='ltr'><strong>Artemona</strong></span> <span class='ocrx_word' id='word_1_40' title='bbox 994 959 1171 1037; x_wconf 85' lang='lat' dir='ltr'><strong>Dolopem</strong></span> 
     </span>
     <span class='ocr_line' id='line_1_8' title="bbox 110 1055 1172 1136; baseline 0.005 -19"><span class='ocrx_word' id='word_1_41' title='bbox 110 1059 158 1117; x_wconf 90' lang='lat' dir='ltr'><strong>iis</strong></span> <span class='ocrx_word' id='word_1_42' title='bbox 178 1056 353 1135; x_wconf 76' lang='lat' dir='ltr'><strong>praefecit.</strong></span> <span class='ocrx_word' id='word_1_43' title='bbox 400 1058 461 1114; x_wconf 91' lang='lat' dir='ltr'><strong>Pro</strong></span> <span class='ocrx_word' id='word_1_44' title='bbox 478 1055 615 1117; x_wconf 77' lang='lat' dir='ltr'><strong>Stratone</strong></span> <span class='ocrx_word' id='word_1_45' title='bbox 630 1071 747 1136; x_wconf 83' lang='lat' dir='ltr'><strong>poterat</strong></span> <span class='ocrx_word' id='word_1_46' title='bbox 768 1061 855 1118; x_wconf 88' lang='lat' dir='ltr'><strong>etiam</strong></span> <span class='ocrx_word' id='word_1_47' title='bbox 876 1061 905 1118; x_wconf 89' lang='lat' dir='ltr'><strong>in</strong></span> <span class='ocrx_word' id='word_1_48' title='bbox 928 1072 1052 1120; x_wconf 88' lang='lat' dir='ltr'><strong>mentem</strong></span> <span class='ocrx_word' id='word_1_49' title='bbox 1074 1065 1172 1122; x_wconf 86' lang='lat' dir='ltr'><strong>venire</strong></span> 
     </span>
     <span class='ocr_line' id='line_1_9' title="bbox 110 1162 1172 1246; baseline 0.005 -23"><span class='ocrx_word' id='word_1_50' title='bbox 110 1164 286 1235; x_wconf 88' lang='lat' dir='ltr'><strong>Pration,</strong></span> <span class='ocrx_word' id='word_1_51' title='bbox 318 1162 459 1220; x_wconf 87' lang='lat' dir='ltr'><strong>Doricum</strong></span> <span class='ocrx_word' id='word_1_52' title='bbox 482 1181 588 1222; x_wconf 89' lang='lat' dir='ltr'><strong>nornen</strong></span> <span class='ocrx_word' id='word_1_53' title='bbox 613 1164 730 1242; x_wconf 86' lang='lat' dir='ltr'><strong>(Polyb.</strong></span> <span class='ocrx_word' id='word_1_54' title='bbox 758 1167 912 1236; x_wconf 83' lang='lat' dir='ltr'><strong>XXVIII,</strong></span> <span class='ocrx_word' id='word_1_55' title='bbox 939 1169 984 1238; x_wconf 84' lang='lat'><strong>19,</strong></span> <span class='ocrx_word' id='word_1_56' title='bbox 1012 1170 1049 1242; x_wconf 88' lang='grc'><strong>1).</strong></span> <span class='ocrx_word' id='word_1_57' title='bbox 1095 1169 1172 1246; x_wconf 72' lang='lat' dir='ltr'><strong>Gry·</strong></span> 
     </span>
     <span class='ocr_line' id='line_1_10' title="bbox 111 1267 1172 1333; baseline 0.007 -7"><span class='ocrx_word' id='word_1_58' title='bbox 111 1287 192 1326; x_wconf 78' lang='lat' dir='ltr'><strong>naeus</strong></span> <span class='ocrx_word' id='word_1_59' title='bbox 219 1271 340 1327; x_wconf 90' lang='lat' dir='ltr'><strong>lonem</strong></span> <span class='ocrx_word' id='word_1_60' title='bbox 374 1277 403 1324; x_wconf 89' lang='lat' dir='ltr'><strong>et</strong></span> <span class='ocrx_word' id='word_1_61' title='bbox 433 1267 636 1326; x_wconf 86' lang='lat' dir='ltr'><strong>Timanora</strong></span> <span class='ocrx_word' id='word_1_62' title='bbox 665 1268 769 1333; x_wconf 77' lang='lat' dir='ltr'><strong>effecit.</strong></span> <span class='ocrx_word' id='word_1_63' title='bbox 822 1271 1075 1331; x_wconf 86' lang='lat' dir='ltr'><strong>Weissenbornius</strong></span> <span class='ocrx_word' id='word_1_64' title='bbox 1097 1273 1172 1333; x_wconf 85' lang='lat' dir='ltr'><strong>falsa</strong></span> 
     </span>
     <span class='ocr_line' id='line_1_11' title="bbox 111 1373 1171 1453; baseline 0.006 -22"><span class='ocrx_word' id='word_1_65' title='bbox 111 1375 208 1450; x_wconf 88' lang='lat' dir='ltr'><strong>specie</strong></span> <span class='ocrx_word' id='word_1_66' title='bbox 238 1375 375 1449; x_wconf 89' lang='lat' dir='ltr'><strong>deeeptus</strong></span> <span class='ocrx_word' id='word_1_67' title='bbox 405 1373 643 1447; x_wconf 77' lang='lat' dir='ltr'><strong>Neoptolemi</strong></span> <span class='ocrx_word' id='word_1_68' title='bbox 674 1392 779 1432; x_wconf 88' lang='lat' dir='ltr'><strong>nomen</strong></span> <span class='ocrx_word' id='word_1_69' title='bbox 809 1394 844 1432; x_wconf 91' lang='lat' dir='ltr'><strong>eo</strong></span> <span class='ocrx_word' id='word_1_70' title='bbox 877 1376 941 1433; x_wconf 91' lang='lat' dir='ltr'><strong>loco</strong></span> <span class='ocrx_word' id='word_1_71' title='bbox 974 1378 1087 1453; x_wconf 89' lang='lat' dir='ltr'><strong>posuit,</strong></span> <span class='ocrx_word' id='word_1_72' title='bbox 1122 1380 1171 1438; x_wconf 90' lang='lat' dir='ltr'><strong>ubi</strong></span> 
     </span>
     <span class='ocr_line' id='line_1_12' title="bbox 112 1477 1171 1556; baseline 0.007 -22"><span class='ocrx_word' id='word_1_73' title='bbox 112 1477 238 1534; x_wconf 84' lang='lat' dir='ltr'><strong>civitatis</strong></span> <span class='ocrx_word' id='word_1_74' title='bbox 267 1497 372 1535; x_wconf 91' lang='lat' dir='ltr'><strong>nomeu</strong></span> <span class='ocrx_word' id='word_1_75' title='bbox 400 1498 419 1534; x_wconf 90' lang='lat' dir='ltr'><strong>a</strong></span> <span class='ocrx_word' id='word_1_76' title='bbox 450 1478 534 1535; x_wconf 90' lang='lat' dir='ltr'><strong>Livio</strong></span> <span class='ocrx_word' id='word_1_77' title='bbox 566 1480 693 1554; x_wconf 85' lang='lat' dir='ltr'><strong>positum</strong></span> <span class='ocrx_word' id='word_1_78' title='bbox 722 1478 813 1537; x_wconf 84' lang='lat' dir='ltr'><strong>fuisse</strong></span> <span class='ocrx_word' id='word_1_79' title='bbox 845 1489 978 1556; x_wconf 86' lang='lat' dir='ltr'><strong>apparet.</strong></span> <span class='ocrx_word' id='word_1_80' title='bbox 1030 1482 1087 1540; x_wconf 86' lang='lat' dir='ltr'><strong>Sed</strong></span> <span class='ocrx_word' id='word_1_81' title='bbox 1109 1493 1171 1542; x_wconf 88' lang='lat' dir='ltr'><strong>tota</strong></span> 
     </span>
     <span class='ocr_line' id='line_1_13' title="bbox 110 1583 509 1656; baseline 0.003 -16"><span class='ocrx_word' id='word_1_82' title='bbox 110 1600 158 1640; x_wconf 87' lang='lat' dir='ltr'><strong>ras</strong></span> <span class='ocrx_word' id='word_1_83' title='bbox 179 1583 276 1656; x_wconf 80' lang='lat' dir='ltr'><strong>exigui</strong></span> <span class='ocrx_word' id='word_1_84' title='bbox 298 1585 435 1640; x_wconf 77' lang='lat' dir='ltr'><strong>momenti</strong></span> <span class='ocrx_word' id='word_1_85' title='bbox 457 1593 509 1641; x_wconf 87' lang='lat' dir='ltr'><strong>est.</strong></span> 
     </span>
    </p>

    <p class='ocr_par' dir='ltr' id='par_1_3' title="bbox 91 1687 1177 4082">
     <span class='ocr_line' id='line_1_14' title="bbox 195 1687 1171 1768; baseline 0.005 -23"><span class='ocrx_word' id='word_1_86' title='bbox 195 1687 268 1763; x_wconf 89' lang='lat' dir='ltr'><strong>Cap.</strong></span> <span class='ocrx_word' id='word_1_87' title='bbox 292 1692 339 1758; x_wconf 84' lang='lat'><strong>59,</strong></span> <span class='ocrx_word' id='word_1_88' title='bbox 364 1697 374 1746; x_wconf 96' lang='lat' dir='ltr'><strong>l</strong></span> <span class='ocrx_word' id='word_1_89' title='bbox 401 1689 452 1758; x_wconf 85' lang='lat' dir='ltr'><strong>(de</strong></span> <span class='ocrx_word' id='word_1_90' title='bbox 466 1690 577 1764; x_wconf 89' lang='lat' dir='ltr'><strong>proelio</strong></span> <span class='ocrx_word' id='word_1_91' title='bbox 600 1689 724 1765; x_wconf 80' lang='lat' dir='ltr'><strong>equestri</strong></span> <span class='ocrx_word' id='word_1_92' title='bbox 744 1689 818 1746; x_wconf 89' lang='lat' dir='ltr'><strong>inter</strong></span> <span class='ocrx_word' id='word_1_93' title='bbox 832 1690 943 1746; x_wconf 88' lang='lat' dir='ltr'><strong>Persea</strong></span> <span class='ocrx_word' id='word_1_94' title='bbox 958 1692 1171 1768; x_wconf 86' lang='lat' dir='ltr'><strong>etRomanos):</strong></span> 
     </span>
     <span class='ocr_line' id='line_1_15' title="bbox 112 1794 1170 1857; baseline 0.006 -6"><span class='ocrx_word' id='word_1_95' title='bbox 112 1795 153 1852; x_wconf 94' lang='lat' dir='ltr'><strong>In</strong></span> <span class='ocrx_word' id='word_1_96' title='bbox 175 1794 419 1852; x_wconf 87' lang='lat' dir='ltr'><strong>huncmodum</strong></span> <span class='ocrx_word' id='word_1_97' title='bbox 440 1795 595 1852; x_wconf 88' lang='lat' dir='ltr'><strong>maxime</strong></span> <span class='ocrx_word' id='word_1_98' title='bbox 616 1794 806 1852; x_wconf 80' lang='lat' dir='ltr'><strong>instructa</strong></span> <span class='ocrx_word' id='word_1_99' title='bbox 836 1794 937 1852; x_wconf 88' lang='lat' dir='ltr'><strong>acies</strong></span> <span class='ocrx_word' id='word_1_100' title='bbox 965 1838 994 1856; x_wconf 87' lang='lat'><strong>..</strong></span> <span class='ocrx_word' id='word_1_101' title='bbox 1022 1815 1170 1857; x_wconf 88' lang='lat' dir='ltr'><strong>concur·</strong></span> 
     </span>
     <span class='ocr_line' id='line_1_16' title="bbox 110 1899 1171 1977; baseline 0.003 -19"><span class='ocrx_word' id='word_1_102' title='bbox 110 1900 209 1970; x_wconf 87' lang='lat' dir='ltr'><strong>run&#39;t,</strong></span> <span class='ocrx_word' id='word_1_103' title='bbox 230 1919 249 1957; x_wconf 88' lang='lat' dir='ltr'><strong>a</strong></span> <span class='ocrx_word' id='word_1_104' title='bbox 272 1899 525 1958; x_wconf 73' lang='lat' dir='ltr'><strong>funditoribus</strong></span> <span class='ocrx_word' id='word_1_105' title='bbox 546 1899 911 1974; x_wconf 78' lang='lat' dir='ltr'><strong>iaculatoribusque,</strong></span> <span class='ocrx_word' id='word_1_106' title='bbox 941 1901 1001 1976; x_wconf 91' lang='lat' dir='ltr'><strong>qui</strong></span> <span class='ocrx_word' id='word_1_107' title='bbox 1024 1921 1171 1977; x_wconf 79' lang='lat' dir='ltr'><strong>praeees-</strong></span> 
     </span>
     <span class='ocr_line' id='line_1_17' title="bbox 91 2003 1174 2089; baseline 0.005 -26"><span class='ocrx_word' id='word_1_108' title='bbox 91 2015 251 2089; x_wconf 35' lang='lat' dir='ltr'><strong>·sernnt,</strong></span> <span class='ocrx_word' id='word_1_109' title='bbox 283 2005 428 2081; x_wconf 90' lang='lat' dir='ltr'><strong>proelio</strong></span> <span class='ocrx_word' id='word_1_110' title='bbox 461 2013 553 2062; x_wconf 90' lang='lat' dir='ltr'><strong>orto.</strong></span> <span class='ocrx_word' id='word_1_111' title='bbox 615 2003 710 2064; x_wconf 89' lang='lat' dir='ltr'><strong>Scrib.</strong></span> <span class='ocrx_word' id='word_1_112' title='bbox 745 2015 1027 2080; x_wconf 63' lang='lat' dir='ltr'><strong>praecesseram</strong></span> <span class='ocrx_word' id='word_1_113' title='bbox 1057 2017 1174 2084; x_wconf 85' lang='lat' dir='ltr'><strong>poterat</strong></span> 
     </span>
     <span class='ocr_line' id='line_1_18' title="bbox 113 2109 1174 2186; baseline 0.004 -18"><span class='ocrx_word' id='word_1_114' title='bbox 113 2111 200 2169; x_wconf 88' lang='lat' dir='ltr'><strong>etiam</strong></span> <span class='ocrx_word' id='word_1_115' title='bbox 230 2110 285 2170; x_wconf 87' lang='lat' dir='ltr'><strong>dici</strong></span> <span class='ocrx_word' id='word_1_116' title='bbox 313 2110 578 2186; x_wconf 76' lang='lat' dir='ltr'><strong>praecedebant3</strong></span> <span class='ocrx_word' id='word_1_117' title='bbox 611 2109 770 2184; x_wconf 87' lang='lat' dir='ltr'><strong>perlectum</strong></span> <span class='ocrx_word' id='word_1_118' title='bbox 807 2112 836 2166; x_wconf 91' lang='lat' dir='ltr'><strong>in</strong></span> <span class='ocrx_word' id='word_1_119' title='bbox 867 2111 1010 2168; x_wconf 89' lang='lat' dir='ltr'><strong>sententia</strong></span> <span class='ocrx_word' id='word_1_120' title='bbox 1033 2111 1174 2172; x_wconf 86' lang='lat' dir='ltr'><strong>eiusmodi</strong></span> 
     </span>
     <span class='ocr_line' id='line_1_19' title="bbox 112 2213 1173 2291; baseline 0.002 -19"><span class='ocrx_word' id='word_1_121' title='bbox 112 2216 262 2274; x_wconf 86' lang='lat' dir='ltr'><strong>interiecta</strong></span> <span class='ocrx_word' id='word_1_122' title='bbox 294 2234 417 2291; x_wconf 84' lang='lat' dir='ltr'><strong>pravum</strong></span> <span class='ocrx_word' id='word_1_123' title='bbox 448 2224 492 2272; x_wconf 86' lang='lat' dir='ltr'><strong>est</strong></span> <span class='ocrx_word' id='word_1_124' title='bbox 552 2215 650 2272; x_wconf 90' lang='lat' dir='ltr'><strong>Medio</strong></span> <span class='ocrx_word' id='word_1_125' title='bbox 680 2215 775 2289; x_wconf 88' lang='lat' dir='ltr'><strong>capite</strong></span> <span class='ocrx_word' id='word_1_126' title='bbox 799 2213 826 2289; x_wconf 72' lang='grc' dir='ltr'><strong>(ς</strong></span> <span class='ocrx_word' id='word_1_127' title='bbox 850 2219 882 2286; x_wconf 89' lang='grc'><strong>6)</strong></span> <span class='ocrx_word' id='word_1_128' title='bbox 910 2234 998 2290; x_wconf 89' lang='lat' dir='ltr'><strong>quum</strong></span> <span class='ocrx_word' id='word_1_129' title='bbox 1020 2216 1050 2274; x_wconf 90' lang='lat' dir='ltr'><strong>in</strong></span> <span class='ocrx_word' id='word_1_130' title='bbox 1073 2217 1173 2274; x_wconf 90' lang='lat' dir='ltr'><strong>codice</strong></span> 
     </span>
     <span class='ocr_line' id='line_1_20' title="bbox 110 2319 1173 2394; baseline 0.004 -17"><span class='ocrx_word' id='word_1_131' title='bbox 110 2320 150 2377; x_wconf 91' lang='lat' dir='ltr'><strong>sit</strong></span> <span class='ocrx_word' id='word_1_132' title='bbox 173 2329 273 2377; x_wconf 89' lang='lat' dir='ltr'><strong>certo</strong></span> <span class='ocrx_word' id='word_1_133' title='bbox 297 2321 544 2378; x_wconf 86' lang='lat' dir='ltr'><strong>candentibus</strong></span> <span class='ocrx_word' id='word_1_134' title='bbox 570 2320 699 2394; x_wconf 84' lang='lat' dir='ltr'><strong>gradu,</strong></span> <span class='ocrx_word' id='word_1_135' title='bbox 729 2319 911 2378; x_wconf 84' lang='lat' dir='ltr'><strong>scribendum</strong></span> <span class='ocrx_word' id='word_1_136' title='bbox 934 2329 992 2378; x_wconf 85' lang='lat' dir='ltr'><strong>est:</strong></span> <span class='ocrx_word' id='word_1_137' title='bbox 1021 2338 1096 2380; x_wconf 89' lang='lat' dir='ltr'><strong>eum</strong></span> <span class='ocrx_word' id='word_1_138' title='bbox 1119 2340 1173 2381; x_wconf 92' lang='lat' dir='ltr'><strong>or·</strong></span> 
     </span>
     <span class='ocr_line' id='line_1_21' title="bbox 112 2425 1173 2500; baseline 0.004 -17"><span class='ocrx_word' id='word_1_139' title='bbox 112 2425 252 2483; x_wconf 89' lang='lat' dir='ltr'><strong>dinatis</strong></span> <span class='ocrx_word' id='word_1_140' title='bbox 281 2435 315 2482; x_wconf 93' lang='lat' dir='ltr'><strong>et</strong></span> <span class='ocrx_word' id='word_1_141' title='bbox 336 2436 434 2484; x_wconf 86' lang='lat' dir='ltr'><strong>certo</strong></span> <span class='ocrx_word' id='word_1_142' title='bbox 462 2425 677 2484; x_wconf 89' lang='lat' dir='ltr'><strong>cedentibus</strong></span> <span class='ocrx_word' id='word_1_143' title='bbox 699 2425 823 2500; x_wconf 82' lang='lat' dir='ltr'><strong>gradu.</strong></span> <span class='ocrx_word' id='word_1_144' title='bbox 865 2426 1048 2484; x_wconf 86' lang='lat' dir='ltr'><strong>Incedere</strong></span> <span class='ocrx_word' id='word_1_145' title='bbox 1070 2427 1107 2486; x_wconf 87' lang='lat' dir='ltr'><strong>de</strong></span> <span class='ocrx_word' id='word_1_146' title='bbox 1127 2447 1173 2487; x_wconf 85' lang='lat' dir='ltr'><strong>re·</strong></span> 
     </span>
     <span class='ocr_line' id='line_1_22' title="bbox 111 2530 1172 2608; baseline 0.005 -21"><span class='ocrx_word' id='word_1_147' title='bbox 111 2531 284 2606; x_wconf 82' lang='lat' dir='ltr'><strong>cipiantibus</strong></span> <span class='ocrx_word' id='word_1_148' title='bbox 315 2549 347 2587; x_wconf 89' lang='lat' dir='ltr'><strong>se</strong></span> <span class='ocrx_word' id='word_1_149' title='bbox 379 2531 473 2588; x_wconf 83' lang='lat' dir='ltr'><strong>miuus</strong></span> <span class='ocrx_word' id='word_1_150' title='bbox 506 2539 606 2606; x_wconf 90' lang='lat' dir='ltr'><strong>aptum</strong></span> <span class='ocrx_word' id='word_1_151' title='bbox 637 2539 688 2590; x_wconf 89' lang='lat' dir='ltr'><strong>est.</strong></span> <span class='ocrx_word' id='word_1_152' title='bbox 749 2530 862 2587; x_wconf 89' lang='lat' dir='ltr'><strong>Deinde</strong></span> <span class='ocrx_word' id='word_1_153' title='bbox 896 2530 925 2586; x_wconf 92' lang='lat' dir='ltr'><strong>in</strong></span> <span class='ocrx_word' id='word_1_154' title='bbox 948 2534 963 2599; x_wconf 62' lang='grc' dir='ltr'><strong><em>ᾖ</em></strong></span> <span class='ocrx_word' id='word_1_155' title='bbox 989 2535 1005 2589; x_wconf 89' lang='grc'><strong>7</strong></span> <span class='ocrx_word' id='word_1_156' title='bbox 1043 2531 1172 2608; x_wconf 80' lang='lat' dir='ltr'><strong>(Quum</strong></span> 
     </span>
     <span class='ocr_line' id='line_1_23' title="bbox 110 2635 1173 2711; baseline 0.003 -18"><span class='ocrx_word' id='word_1_157' title='bbox 110 2637 234 2695; x_wconf 85' lang='lat' dir='ltr'><strong>victor</strong></span> <span class='ocrx_word' id='word_1_158' title='bbox 261 2636 428 2711; x_wconf 88' lang='lat' dir='ltr'><strong>equestri</strong></span> <span class='ocrx_word' id='word_1_159' title='bbox 457 2635 605 2711; x_wconf 88' lang='lat' dir='ltr'><strong>proelio</strong></span> <span class='ocrx_word' id='word_1_160' title='bbox 626 2656 689 2694; x_wconf 87' lang='lat' dir='ltr'><strong>rex</strong></span> <span class='ocrx_word' id='word_1_161' title='bbox 719 2654 835 2711; x_wconf 85' lang='lat' dir='ltr'><strong>parvo</strong></span> <span class='ocrx_word' id='word_1_162' title='bbox 857 2645 1040 2694; x_wconf 72' lang='lat' dir='ltr'><strong>aucmento</strong></span> <span class='ocrx_word' id='word_1_163' title='bbox 1062 2638 1092 2704; x_wconf 82' lang='lat' dir='ltr'><strong>si</strong></span> <span class='ocrx_word' id='word_1_164' title='bbox 1114 2640 1173 2696; x_wconf 89' lang='lat' dir='ltr'><strong>ad·</strong></span> 
     </span>
     <span class='ocr_line' id='line_1_24' title="bbox 110 2741 1173 2815; baseline 0.004 -17"><span class='ocrx_word' id='word_1_165' title='bbox 110 2741 284 2811; x_wconf 86' lang='lat' dir='ltr'><strong>iuvisset,</strong></span> <span class='ocrx_word' id='word_1_166' title='bbox 316 2741 540 2799; x_wconf 88' lang='lat' dir='ltr'><strong>debellatum</strong></span> <span class='ocrx_word' id='word_1_167' title='bbox 574 2749 685 2810; x_wconf 88' lang='lat' dir='ltr'><strong>esset,</strong></span> <span class='ocrx_word' id='word_1_168' title='bbox 719 2749 925 2815; x_wconf 91' lang='lat' dir='ltr'><strong>opportuna</strong></span> <span class='ocrx_word' id='word_1_169' title='bbox 955 2741 1173 2802; x_wconf 77' lang='lat' dir='ltr'><strong>adhortanti</strong></span> 
     </span>
     <span class='ocr_line' id='line_1_25' title="bbox 110 2843 1174 2923; baseline 0.003 -19"><span class='ocrx_word' id='word_1_170' title='bbox 110 2846 329 2923; x_wconf 81' lang='lat' dir='ltr'><strong>supervenit</strong></span> <span class='ocrx_word' id='word_1_171' title='bbox 353 2846 529 2923; x_wconf 83' lang='lat' dir='ltr'><strong>phalanx)</strong></span> <span class='ocrx_word' id='word_1_172' title='bbox 554 2845 688 2903; x_wconf 90' lang='lat' dir='ltr'><strong>mendum</strong></span> <span class='ocrx_word' id='word_1_173' title='bbox 711 2845 851 2916; x_wconf 87' lang='lat' dir='ltr'><strong>subesse,</strong></span> <span class='ocrx_word' id='word_1_174' title='bbox 883 2843 1067 2906; x_wconf 76' lang='lat' dir='ltr'><strong>manifestum</strong></span> <span class='ocrx_word' id='word_1_175' title='bbox 1090 2857 1134 2906; x_wconf 88' lang='lat' dir='ltr'><strong>eet</strong></span> <span class='ocrx_word' id='word_1_176' title='bbox 1155 2867 1174 2906; x_wconf 78' lang='lat' dir='ltr'><strong>a</strong></span> 
     </span>
     <span class='ocr_line' id='line_1_26' title="bbox 111 2950 1173 3028; baseline -0.001 -16"><span class='ocrx_word' id='word_1_177' title='bbox 111 2952 266 3028; x_wconf 88' lang='lat' dir='ltr'><strong>multisque</strong></span> <span class='ocrx_word' id='word_1_178' title='bbox 286 2953 470 3012; x_wconf 90' lang='lat' dir='ltr'><strong>intellectum.</strong></span> <span class='ocrx_word' id='word_1_179' title='bbox 513 2953 593 3010; x_wconf 89' lang='lat' dir='ltr'><strong>Nam</strong></span> <span class='ocrx_word' id='word_1_180' title='bbox 616 2959 644 3006; x_wconf 90' lang='lat' dir='ltr'><strong>et</strong></span> <span class='ocrx_word' id='word_1_181' title='bbox 658 2950 853 3008; x_wconf 82' lang='lat' dir='ltr'><strong>nominativus</strong></span> <span class='ocrx_word' id='word_1_182' title='bbox 877 2950 1014 3025; x_wconf 80' lang='lat' dir='ltr'><strong>(vietor</strong></span> <span class='ocrx_word' id='word_1_183' title='bbox 1030 2997 1038 3012; x_wconf 89' lang='lat'><strong>.</strong></span> <span class='ocrx_word' id='word_1_184' title='bbox 1052 2995 1080 3016; x_wconf 84' lang='lat'><strong>..</strong></span> <span class='ocrx_word' id='word_1_185' title='bbox 1099 2954 1173 3028; x_wconf 83' lang='lat' dir='ltr'><strong>rex)</strong></span> 
     </span>
     <span class='ocr_line' id='line_1_27' title="bbox 110 3054 1174 3134; baseline 0.003 -20"><span class='ocrx_word' id='word_1_186' title='bbox 110 3058 154 3114; x_wconf 89' lang='lat' dir='ltr'><strong>sic</strong></span> <span class='ocrx_word' id='word_1_187' title='bbox 174 3058 352 3134; x_wconf 82' lang='lat' dir='ltr'><strong>praeponitur</strong></span> <span class='ocrx_word' id='word_1_188' title='bbox 372 3055 567 3114; x_wconf 87' lang='lat' dir='ltr'><strong>coniunctioni</strong></span> <span class='ocrx_word' id='word_1_189' title='bbox 599 3055 629 3112; x_wconf 89' lang='lat' dir='ltr'><strong>si</strong></span> <span class='ocrx_word' id='word_1_190' title='bbox 661 3064 690 3112; x_wconf 91' lang='lat' dir='ltr'><strong>et</strong></span> <span class='ocrx_word' id='word_1_191' title='bbox 710 3054 861 3112; x_wconf 83' lang='lat' dir='ltr'><strong>subiicitur·</strong></span> <span class='ocrx_word' id='word_1_192' title='bbox 882 3056 1031 3132; x_wconf 72' lang='lat' dir='ltr'><strong>particula</strong></span> <span class='ocrx_word' id='word_1_193' title='bbox 1053 3077 1174 3134; x_wconf 91' lang='lat' dir='ltr'><strong>quum,</strong></span> 
     </span>
     <span class='ocr_line' id='line_1_28' title="bbox 110 3161 1175 3238; baseline 0 -18"><span class='ocrx_word' id='word_1_194' title='bbox 110 3171 145 3220; x_wconf 91' lang='lat' dir='ltr'><strong>ut</strong></span> <span class='ocrx_word' id='word_1_195' title='bbox 167 3163 205 3220; x_wconf 87' lang='lat' dir='ltr'><strong>ad</strong></span> <span class='ocrx_word' id='word_1_196' title='bbox 227 3181 292 3220; x_wconf 91' lang='lat' dir='ltr'><strong>eum</strong></span> <span class='ocrx_word' id='word_1_197' title='bbox 312 3161 526 3220; x_wconf 86' lang='lat' dir='ltr'><strong>accommodari</strong></span> <span class='ocrx_word' id='word_1_198' title='bbox 544 3161 710 3219; x_wconf 88' lang='lat' dir='ltr'><strong>necessario</strong></span> <span class='ocrx_word' id='word_1_199' title='bbox 728 3161 849 3218; x_wconf 84' lang='lat' dir='ltr'><strong>verbum</strong></span> <span class='ocrx_word' id='word_1_200' title='bbox 872 3179 891 3218; x_wconf 90' lang='lat' dir='ltr'><strong>a</strong></span> <span class='ocrx_word' id='word_1_201' title='bbox 913 3179 1018 3235; x_wconf 90' lang='lat' dir='ltr'><strong>quum</strong></span> <span class='ocrx_word' id='word_1_202' title='bbox 1044 3163 1175 3238; x_wconf 87' lang='lat' dir='ltr'><strong>pendeus</strong></span> 
     </span>
     <span class='ocr_line' id='line_1_29' title="bbox 111 3264 1174 3342; baseline -0.002 -16"><span class='ocrx_word' id='word_1_203' title='bbox 111 3269 218 3326; x_wconf 90' lang='lat' dir='ltr'><strong>debeat</strong></span> <span class='ocrx_word' id='word_1_204' title='bbox 232 3269 423 3342; x_wconf 85' lang='lat' dir='ltr'><strong>(quapropter</strong></span> <span class='ocrx_word' id='word_1_205' title='bbox 436 3264 589 3324; x_wconf 81' lang='lat' dir='ltr'><strong>Gronovio</strong></span> <span class='ocrx_word' id='word_1_206' title='bbox 611 3265 868 3324; x_wconf 88' lang='lat' dir='ltr'><strong>debellaturus</strong></span> <span class='ocrx_word' id='word_1_207' title='bbox 891 3274 1002 3336; x_wconf 84' lang='lat' dir='ltr'><strong>esset,</strong></span> <span class='ocrx_word' id='word_1_208' title='bbox 1024 3266 1174 3324; x_wconf 86' lang='lat' dir='ltr'><strong>Weissen-</strong></span> 
     </span>
     <span class='ocr_line' id='line_1_30' title="bbox 111 3369 1174 3447; baseline -0.004 -15"><span class='ocrx_word' id='word_1_209' title='bbox 111 3373 216 3432; x_wconf 90' lang='lat' dir='ltr'><strong>bornio</strong></span> <span class='ocrx_word' id='word_1_210' title='bbox 238 3371 464 3431; x_wconf 87' lang='lat' dir='ltr'><strong>debellasset</strong></span> <span class='ocrx_word' id='word_1_211' title='bbox 492 3370 602 3445; x_wconf 87' lang='lat' dir='ltr'><strong>placuit</strong></span> <span class='ocrx_word' id='word_1_212' title='bbox 626 3390 680 3447; x_wconf 92' lang='lat' dir='ltr'><strong>pro</strong></span> <span class='ocrx_word' id='word_1_213' title='bbox 703 3369 928 3428; x_wconf 88' lang='lat' dir='ltr'><strong>debellatum</strong></span> <span class='ocrx_word' id='word_1_214' title='bbox 952 3379 1063 3442; x_wconf 87' lang='lat' dir='ltr'><strong>esset,</strong></span> <span class='ocrx_word' id='word_1_215' title='bbox 1096 3371 1174 3446; x_wconf 88' lang='lat' dir='ltr'><strong>quod</strong></span> 
     </span>
     <span class='ocr_line' id='line_1_31' title="bbox 110 3471 1175 3552; baseline -0.003 -15"><span class='ocrx_word' id='word_1_216' title='bbox 110 3481 142 3537; x_wconf 92' lang='lat' dir='ltr'><strong>in</strong></span> <span class='ocrx_word' id='word_1_217' title='bbox 163 3478 227 3536; x_wconf 90' lang='lat' dir='ltr'><strong>eod.</strong></span> <span class='ocrx_word' id='word_1_218' title='bbox 248 3478 383 3536; x_wconf 85' lang='lat' dir='ltr'><strong>scribitur</strong></span> <span class='ocrx_word' id='word_1_219' title='bbox 410 3475 639 3534; x_wconf 86' lang='lat' dir='ltr'><strong>debellatum</strong></span> <span class='ocrx_word' id='word_1_220' title='bbox 670 3493 751 3532; x_wconf 89' lang='lat' dir='ltr'><strong>esse</strong></span> <span class='ocrx_word' id='word_1_221' title='bbox 786 3471 853 3552; x_wconf 92' lang='lat' dir='ltr'><strong>et),</strong></span> <span class='ocrx_word' id='word_1_222' title='bbox 885 3483 928 3544; x_wconf 90' lang='lat' dir='ltr'><strong>et,</strong></span> <span class='ocrx_word' id='word_1_223' title='bbox 961 3485 993 3534; x_wconf 88' lang='lat' dir='ltr'><strong>ut</strong></span> <span class='ocrx_word' id='word_1_224' title='bbox 1021 3495 1096 3534; x_wconf 90' lang='lat' dir='ltr'><strong>nune</strong></span> <span class='ocrx_word' id='word_1_225' title='bbox 1122 3485 1175 3548; x_wconf 84' lang='lat' dir='ltr'><strong>est,</strong></span> 
     </span>
     <span class='ocr_line' id='line_1_32' title="bbox 111 3580 1174 3659; baseline -0.002 -17"><span class='ocrx_word' id='word_1_226' title='bbox 111 3584 330 3642; x_wconf 86' lang='lat' dir='ltr'><strong>adhortanti</strong></span> <span class='ocrx_word' id='word_1_227' title='bbox 353 3599 444 3658; x_wconf 85' lang='lat' dir='ltr'><strong>prave</strong></span> <span class='ocrx_word' id='word_1_228' title='bbox 465 3581 592 3657; x_wconf 88' lang='lat' dir='ltr'><strong>ponitur,</strong></span> <span class='ocrx_word' id='word_1_229' title='bbox 621 3581 701 3638; x_wconf 84' lang='lat' dir='ltr'><strong>nulle</strong></span> <span class='ocrx_word' id='word_1_230' title='bbox 722 3580 904 3656; x_wconf 77' lang='lat' dir='ltr'><strong>praecedente</strong></span> <span class='ocrx_word' id='word_1_231' title='bbox 924 3581 1096 3640; x_wconf 88' lang='lat' dir='ltr'><strong>hortationis</strong></span> <span class='ocrx_word' id='word_1_232' title='bbox 1117 3583 1174 3659; x_wconf 84' lang='lat' dir='ltr'><strong>sig·</strong></span> 
     </span>
     <span class='ocr_line' id='line_1_33' title="bbox 111 3686 1176 3764; baseline 0 -17"><span class='ocrx_word' id='word_1_233' title='bbox 111 3689 277 3748; x_wconf 84' lang='lat' dir='ltr'><strong>nificatione</strong></span> <span class='ocrx_word' id='word_1_234' title='bbox 307 3688 365 3764; x_wconf 85' lang='lat' dir='ltr'><strong>(cui</strong></span> <span class='ocrx_word' id='word_1_235' title='bbox 397 3687 440 3745; x_wconf 90' lang='lat' dir='ltr'><strong>rei</strong></span> <span class='ocrx_word' id='word_1_236' title='bbox 468 3686 723 3745; x_wconf 88' lang='lat' dir='ltr'><strong>Weissenbomius</strong></span> <span class='ocrx_word' id='word_1_237' title='bbox 754 3695 783 3745; x_wconf 93' lang='lat' dir='ltr'><strong>et</strong></span> <span class='ocrx_word' id='word_1_238' title='bbox 815 3687 865 3744; x_wconf 90' lang='lat' dir='ltr'><strong>alii</strong></span> <span class='ocrx_word' id='word_1_239' title='bbox 894 3687 936 3746; x_wconf 89' lang='lat' dir='ltr'><strong>sic</strong></span> <span class='ocrx_word' id='word_1_240' title='bbox 959 3697 1122 3760; x_wconf 87' lang='lat' dir='ltr'><strong>occurrunt,</strong></span> <span class='ocrx_word' id='word_1_241' title='bbox 1144 3697 1176 3747; x_wconf 93' lang='lat' dir='ltr'><strong>nt</strong></span> 
     </span>
     <span class='ocr_line' id='line_1_34' title="bbox 110 3791 1175 3871; baseline -0.001 -18"><span class='ocrx_word' id='word_1_242' title='bbox 110 3797 206 3871; x_wconf 87' lang='lat' dir='ltr'><strong>ipsum</strong></span> <span class='ocrx_word' id='word_1_243' title='bbox 230 3793 463 3863; x_wconf 90' lang='lat' dir='ltr'><strong>adhortanti,</strong></span> <span class='ocrx_word' id='word_1_244' title='bbox 486 3792 532 3850; x_wconf 91' lang='lat' dir='ltr'><strong>cui</strong></span> <span class='ocrx_word' id='word_1_245' title='bbox 546 3791 727 3868; x_wconf 87' lang='lat' dir='ltr'><strong>aptissimum</strong></span> <span class='ocrx_word' id='word_1_246' title='bbox 744 3801 788 3850; x_wconf 90' lang='lat' dir='ltr'><strong>est</strong></span> <span class='ocrx_word' id='word_1_247' title='bbox 809 3794 1037 3869; x_wconf 84' lang='lat' dir='ltr'><strong>supervenit,</strong></span> <span class='ocrx_word' id='word_1_248' title='bbox 1055 3803 1175 3865; x_wconf 88' lang='lat' dir='ltr'><strong>mutent,</strong></span> 
     </span>
     <span class='ocr_line' id='line_1_35' title="bbox 110 3897 1177 3976; baseline -0.001 -20"><span class='ocrx_word' id='word_1_249' title='bbox 110 3899 162 3958; x_wconf 87' lang='lat' dir='ltr'><strong>ille</strong></span> <span class='ocrx_word' id='word_1_250' title='bbox 184 3901 315 3976; x_wconf 84' lang='lat' dir='ltr'><strong>quidem:</strong></span> <span class='ocrx_word' id='word_1_251' title='bbox 347 3899 391 3956; x_wconf 86' lang='lat' dir='ltr'><strong>ad</strong></span> <span class='ocrx_word' id='word_1_252' title='bbox 412 3897 633 3956; x_wconf 88' lang='lat' dir='ltr'><strong>hortandum</strong></span> <span class='ocrx_word' id='word_1_253' title='bbox 667 3897 805 3976; x_wconf 86' lang='lat' dir='ltr'><strong>scribat),</strong></span> <span class='ocrx_word' id='word_1_254' title='bbox 838 3907 877 3968; x_wconf 89' lang='lat' dir='ltr'><strong>et,</strong></span> <span class='ocrx_word' id='word_1_255' title='bbox 901 3897 978 3973; x_wconf 88' lang='lat' dir='ltr'><strong>quod</strong></span> <span class='ocrx_word' id='word_1_256' title='bbox 1013 3907 1101 3972; x_wconf 89' lang='lat' dir='ltr'><strong>caput</strong></span> <span class='ocrx_word' id='word_1_257' title='bbox 1133 3906 1177 3955; x_wconf 88' lang='lat' dir='ltr'><strong>est</strong></span> 
     </span>
     <span class='ocr_line' id='line_1_36' title="bbox 113 4001 1177 4082; baseline -0.004 -18"><span class='ocrx_word' id='word_1_258' title='bbox 113 4006 250 4082; x_wconf 87' lang='lat' dir='ltr'><strong>quodque</strong></span> <span class='ocrx_word' id='word_1_259' title='bbox 281 4005 433 4064; x_wconf 86' lang='lat' dir='ltr'><strong>Walchiua</strong></span> <span class='ocrx_word' id='word_1_260' title='bbox 461 4021 578 4079; x_wconf 87' lang='lat' dir='ltr'><strong>quoque</strong></span> <span class='ocrx_word' id='word_1_261' title='bbox 610 4001 762 4072; x_wconf 83' lang='lat' dir='ltr'><strong>intellexit,</strong></span> <span class='ocrx_word' id='word_1_262' title='bbox 791 4020 850 4060; x_wconf 92' lang='lat' dir='ltr'><strong>non</strong></span> <span class='ocrx_word' id='word_1_263' title='bbox 882 4009 979 4079; x_wconf 87' lang='lat' dir='ltr'><strong>potest</strong></span> <span class='ocrx_word' id='word_1_264' title='bbox 1008 4002 1109 4060; x_wconf 86' lang='lat' dir='ltr'><strong>Livius</strong></span> <span class='ocrx_word' id='word_1_265' title='bbox 1139 4021 1177 4060; x_wconf 85' lang='lat' dir='ltr'><strong>ex</strong></span> 
     </span>
    </p>
   </div>
   <div class='ocr_carea' id='block_1_3' title="bbox 0 0 1418 4640">
    <p class='ocr_par' dir='ltr' id='par_1_4' title="bbox 0 0 1418 4640">
     <span class='ocr_line' id='line_1_37' title="bbox 0 0 1418 4640; baseline 0 0"><span class='ocrx_word' id='word_1_266' title='bbox 0 0 1418 4640; x_wconf 95' lang='lat' dir='ltr'><strong> </strong></span> 
     </span>
    </p>
   </div>
  </div>
 </body>
</html>
