2800 4646
254 253 312 304 laib-
336 253 489 304 XXXVIII.
760 254 821 312 448

255 437 498 514 terrngeticnenr,
532 455 611 494 noro
643 447 761 514 sumpto
782 436 866 494 initio
896 437 1078 512 repetitoque
1109 437 1146 494 P.
1175 434 1314 510 Scipionis

257 543 373 602 nomine
392 551 474 606 (vos
495 544 536 600 de
557 543 594 602 P.
617 541 728 620 Scip.‚
748 561 827 600 non:
852 560 919 599 vos
940 543 983 599 de
1003 539 1097 614 illo),
1120 541 1160 598 nd
1180 540 1314 616 populum

256 648 357 706 evomi.
400 649 506 724 Itnqne
537 649 580 706 sie
611 647 714 706 Livius
741 648 871 724 scripsit:
906 648 984 705 Vos
1008 648 1054 704 ‘de
1078 649 1114 706 P.
1142 647 1316 722 Scipione

256 753 412 829 pnlmem
435 755 510 829 peti
532 752 686 812 feretis?
729 754 807 812 Huic
835 753 951 811 dnum
979 753 1200 829 inmnngetioui
1221 755 1316 810 rectis·

256 859 396 918 similis
416 854 580 916 subiicitur:
612 860 785 918 Nullisne
812 859 953 916 meritis
985 858 1062 915 suis
1088 904 1117 918 ..
1145 860 1181 916 in
1203 879 1316 917 arcem

257 975 373 1022 tntum
496 966 591 1023 cleri
623 965 697 1023 viri
729 963 966 1041 pervenient?
1015 963 1047 1023 si
1082 964 1128 1022 cni
1169 965 1317 1041 dispdeeet

256 1071 351 1128 oratio
375 1071 414 1127 nd
435 1069 575 1147 populum
600 1089 720 1139 nvem,
754 1072 782 1128 ei
808 1071 991 1128 scribendum
1021 1071 1060 1128 sit
1088 1072 1132 1144 (ut
1159 1071 1256 1128 omnis
1285 1071 1317 1128 ed
1377 1145 1378 1152 ἵ

256 1176 387 1234 tribnnm
417 1177 582 1252 appellatos
612 1181 830 1240 convertetnrJ:
865 1175 978 1233 nullis
1007 1177 1148 1234 nostris
1177 1178 1318 1235 bonori-

257 1284 332 1340 bus.
365 1283 425 1340 Pro
439 1281 581 1356 recepit
598 1281 782 1339 scribendum
801 1281 906 1356 opinor
923 1281 1058 1356 recipit
1079 1281 1202 1358 (vided
1215 1283 1318 1344 XXX.

258 1391 308 1458 30,
325 1392 356 1446 ll
370 1407 399 1464 p.
413 1389 486 1458 ³54)
508 1388 564 1444 hnc
577 1387 733 1443 sententis:
755 1387 872 1444 Petitur
884 1385 1006 1444 libenter
1023 1389 1055 1447 L.
1078 1387 1179 1464 Scipio
1203 1389 1317 1447 tram
1377 1371 1378 1378 ἵ

257 1495 312 1554 sibi
334 1495 434 1571 glorie
455 1503 618 1550 consortem
647 1492 776 1567 adiungi.
877 1492 990 1550 Eodem
1019 1495 1115 1570 capite
1136 1495 1215 1551 inire
1236 1500 1266 1564 (ξ
1289 1499 1317 1556 lit

257 1601 390 1660 restitute
406 1581 440 1657 'et
460 1600 596 1675 supplete
616 1618 654 1656 ex
676 1599 709 1654 ll
730 1598 826 1654 oratio
848 1597 962 1656 deiectu
983 1607 1098 1671 temen,
1124 1601 1175 1658 sed
1205 1602 1318 1678 exigno,

258 1709 381 1766 laboret.
424 1706 473 1765 Sic
494 1706 569 1762 enim
592 1703 729 1761 scribitur
751 1703 788 1760 de
810 1704 845 1762 P.
868 1703 1018 1779 Scipione:
1056 1706 1122 1763 Vir
1150 1703 1318 1764 memore·

258 1813 359 1882 bilis3
390 1789 536 1869 bellicis
568 1819 689 1867 temen
722 1827 830 1883 quam
858 1810 960 1884 pecie
984 1813 1128 1869 nrtibns
1150 1833 1317 1870 memora·
1377 1811 1378 1824 ³

257 1919 373 1976 bilior
401 1917 516 1993 prime
549 1933 637 1991 pers
666 1915 750 1972 vitm
782 1934 886 1989 qunm
914 1927 1098 1990 postrema
1128 1918 1215 1986 fnit,
1238 1921 1318 1994 quis

258 2027 292 2082 in
314 2023 506 2080 inventute
531 2021 634 2078 belle
663 2020 811 2078 assidue
839 2033 962 2097 geste,
992 2041 1069 2080 enm
1092 2035 1244 2082 senecta
1264 2045 1318 2082 res

258 2149 406 2206 quoqne
438 2125 654 2184 defloruere
687 2143 753 2181 nec
784 2125 938 2200 praebite
961 2139 1016 2184 est
1043 2131 1198 2188 materie
1219 2132 1317 2207 inge·

259 2232 365 2302 nio.¹)
409 2233 480 2308 Qui,
502 2251 561 2290 non
582 2232 665 2300 dico,
700 2231 863 2306 diligentins
886 2235 1057 2292 sententiam
1086 2237 1319 2303 consideraverit,

258 2342 310 2400 sed
331 2341 449 2399 omnino
472 2338 510 2396 nd
531 2357 596 2394 eam
612 2337 776 2406 attenderit,
797 2337 1011 2397 animadvertet
1031 2360 1148 2400 necesse
1169 2353 1223 2410 est,
1245 2362 1319 2401 com.

258 2447 438 2524 perationem
457 2445 545 2521 plene
566 2461 736 2519 perversam
759 2453 788 2500 et
810 2443 954 2501 eduebns
978 2464 1043 2502 cum
1065 2449 1180 2506 iuteritn
1210 2459 1319 2506 senten·

259 2553 306 2610 tie
333 2552 484 2612 confusum
518 2567 596 2618 eeee;
630 2549 724 2624 prima
754 2549 830 2606 enim
860 2549 926 2608 vitae
958 2570 1027 2626 pers
1056 2571 1143 2627 qnam
1174 2565 1319 2630 postrema

259 2657 474 2716 memorabilior
488 2656 607 2723 dicitnr;
629 2673 688 2729 qun
709 2653 761 2712 re?
782 2655 974 2730 respondetur
994 2677 1072 2715 nove
1088 2662 1319 2736 comparatione:

258 2763 325 2822 belli
355 2781 443 2837 quem
466 2762 547 2838 pacis
570 2761 692 2818 artibus.
746 2760 838 2834 Atqui
872 2773 923 2818 ent
943 2783 1003 2820 nnn
1024 2766 1134 2822 reduc
1156 2769 1208 2836 (nt
1230 2768 1319 2842 loqui·

262 2887 326 2926 mur
345 2869 374 2924 in
397 2873 472 2939 erte)
493 2868 624 2926 subiecta
647 2877 699 2924 ant
721 2866 750 2922 in
771 2883 830 2922 nno
851 2866 981 2925 subiecto
1002 2869 1067 2926 dnte
1086 2889 1134 2928 res
1159 2873 1317 2949 comparari

260 2975 374 3032 debent.
428 2974 533 3047 Iteqne
566 2971 654 3029 etiem
688 2971 801 3046 reliqna
835 2989 920 3032 senen
963 2987 1070 3032 carent.
1130 2978 1216 3052 Quod
1247 2981 1316 3036 enim

258 3079 352 3156 prime
377 3097 446 3154 pers
468 3078 535 3136 vitae
557 3077 625 3135 belli
650 3079 751 3152 (quem
774 3077 867 3152 pacis)
890 3081 1000 3138 artibus
1022 3085 1240 3142 memorabilior
1260 3086 1318 3144 fnit.

258 3186 327 3262 qnid
349 3186 461 3246 obstet.
492 3183 646 3260 quominus
679 3182 760 3258 pacis
788 3183 898 3242 ortibus
930 3195 1079 3260 postremo
1105 3206 1175 3264 pers
1197 3190 1317 3246 excello·

257 3289 330 3349 erit?
352 3291 466 3366 Nempe
487 3289 517 3346 id
538 3289 661 3357 obstitit,
684 3289 763 3363 quod
779 3307 837 3346 non
853 3290 953 3367 eliqua
974 3293 1041 3350 vitoe
1063 3313 1142 3370 pers,
1164 3295 1216 3351 sed
1239 3315 1318 3353 omne

258 3397 403 3474 Scipionis
430 3395 576 3470 ingenium
611 3395 679 3453 belli
708 3395 820 3453 entibus
842 3397 935 3473 magis
967 3417 1055 3473 qnam
1078 3400 1159 3476 pecie
1181 3401 1318 3475 prestitit,

256 3503 430 3561 illicientem
458 3501 603 3576 posterior
631 3501 697 3559 vitae
724 3520 794 3576 pers
824 3503 975 3561 materiem
1006 3524 1063 3562 non
1091 3505 1222 3582 prebuit
1276 3507 1317 3564 Ne

328 3727 361 3734 ..-
380 3725 454 3733 -n-m-—a

275 3860 297 3924 ¹)
323 3861 408 3912 Ceteri
428 3863 501 3911 codd.
521 3873 546 3912 et
567 3873 627 3914 vett.
650 3865 707 3917 edd.
734 3881 780 3930 pro
804 3867 844 3915 his
865 3867 998 3916 omnibns:
1027 3869 1131 3930 prims
1155 3883 1230 3930 pers
1250 3869 1317 3915 vite

415 3957 552 4004 muteris
579 3957 717 4019 ingemo
744 3957 799 4007 bueo
827 3958 936 4008 hebent:
972 3961 1107 4024 oni·per
1136 3959 1251 4008 bnbitn
1275 3969 1317 4008 est

327 4045 466 4094 materie
489 4046 633 4108 ingenio.
