2826 4650
612 277 645 328 Η
1003 271 1059 320 Lib.
1080 271 1128 320 111.

181 454 299 531 Cap.5‚
315 457 348 513 8:
371 455 417 512 Ni
439 455 476 515 T.
502 455 695 528 Quinctius
717 456 924 530 peregrinis
946 454 1064 530 copiis
1088 473 1163 512 eum

89 561 232 618 Latino
249 561 483 635 Hernicoque
504 560 668 618 exercitu
691 561 935 618 subvenisset.
974 561 1009 618 ln
1027 562 1082 618 hac
1097 580 1164 617 ora·

89 665 184 722 tionis
203 664 307 736 forma,
328 666 405 740 qnod
422 666 480 723 iam
493 666 759 736 Drakenborchius‚
780 667 869 722 homo
884 665 1002 722 minimo
1018 665 1164 740 suspicax,

89 770 184 840 vidit,
216 769 302 826 nullis
333 769 474 826 machinis
498 769 573 827 effici
602 781 712 846 potest,
743 790 780 827 ne
809 770 1016 846 peregrinis
1047 770 1164 846 copiis

90 876 216 932 dativus
238 875 289 942 sit,
312 875 417 949 quibus
440 876 578 934 auxilium
601 877 692 934 letum
715 877 766 946 sit,
795 875 935 932 indicans.
991 875 1083 949 Atqui
1103 875 1164 932 Ro·

92 981 193 1038 munis
214 981 374 1056 peregrino
406 982 497 1058 copie
519 981 610 1057 (quod
641 993 780 1056 tanquam
809 980 890 1037 triste
918 999 953 1036 oc
976 979 1164 1037 memorabile

91 1087 195 1144 verbis
218 1086 318 1143 Livius
341 1087 458 1162 signat),
484 1090 603 1146 latinus
626 1087 826 1160 Hernicusque
848 1084 1000 1154 exercitus,
1022 1085 1164 1141 subvene-

90 1201 171 1248 runt.
216 1191 391 1250 Tollendum
413 1193 566 1269 igiturest
588 1214 678 1264 cum,
700 1191 778 1266 quod
801 1190 927 1248 oscitans
955 1188 1059 1263 aliquis
1082 1191 1161 1246 addi-

92 1297 145 1352 dit.
196 1299 274 1355 Nom
299 1299 377 1372 quod
400 1293 604 1356 Alschefskius
629 1297 812 1374 appositione
834 1295 904 1352 illud
936 1303 1003 1351 ante
1024 1296 1162 1371 praeposi·

91 1402 205 1458 tionem
230 1401 359 1459 additum
381 1413 480 1479 putat,
503 1405 646 1462 somnium
669 1412 713 1460 est
735 1401 834 1476 (quasi
856 1400 950 1457 dicas:
981 1399 1162 1475 imperitis

90 1507 304 1564 horninibus
327 1509 368 1566 de
390 1509 629 1567 Alschefskio
660 1519 695 1566 et
723 1506 933 1573 similibus);
962 1505 1092 1580 sequitur
1119 1493 1162 1561 te-

91 1631 161 1668 men
183 1612 456 1684 Weissenbornius,
491 1589 638 1691 adscripto
668 1616 755 1672 etism
785 1633 801 1670 e
834 1613 908 1670 libro
931 1611 1087 1680 XXXIX,
1115 1612 1163 1667 12:

92 1716 396 1774 Bacchanalibus
418 1718 452 1775 in
480 1737 585 1778 sacro
607 1731 800 1788 nocturno;
831 1727 947 1794 poterat
973 1715 1075 1774 eodem
1100 1717 1163 1774 iure

92 1840 284 1896 comparere:
301 1823 464 1893 'Ferenti
486 1824 521 1880 iu
546 1825 635 1882 urbe
656 1824 849 1900 locupleti3
872 1823 1162 1880 namBacchena-

93 1929 195 1986 libus
220 1928 282 1984 sine
306 1929 509 2002 praepositione
530 1931 559 1986 in
580 1941 712 2006 tempore
732 1929 887 1986 indicando
910 1927 1035 2004 ponitur.

180 2032 255 2109 Cep.
284 2036 330 2102 18,
357 2039 385 2090 l:
422 2035 555 2092 Eadem
591 2045 697 2092 nocte
724 2045 758 2090 et
785 2034 979 2090 Tusculum
1009 2032 1050 2088 dc
1080 2051 1162 2088 arce

93 2149 207 2214 capto
229 2173 262 2180 -·
288 2139 405 2196 nuntii
429 2141 589 2199 veniunt.
633 2139 713 2198 Nihil
738 2139 837 2196 Livius
860 2156 912 2193 nec
934 2146 1000 2194 ante
1022 2156 1074 2193 nec
1096 2145 1163 2212 post

94 2243 165 2300 dicit
187 2244 224 2300 de
254 2244 355 2300 iisdem
388 2245 493 2302 nuntiis
523 2245 580 2301 alio
602 2245 735 2319 perlatis,
769 2263 827 2318 quo
862 2255 896 2300 et
926 2243 1028 2300 referri
1059 2243 1161 2318 possit.

95 2348 202 2406 Ortum
229 2349 258 2406 id
281 2360 325 2406 eet
346 2370 383 2408 ex
404 2351 599 2426 geminatione
621 2351 723 2408 litterae
743 2349 931 2425 precedentis
956 2358 985 2404 et
1008 2349 1162 2421 sequentis,

96 2455 343 2529 quemadmodum
373 2457 434 2526 IV,
463 2457 496 2524 8,
529 2461 544 2514 t
575 2476 629 2532 pro
672 2455 920 2528 custodiaeque
954 2454 1161 2510 tabularum

95 2561 235 2637 scriptum
259 2580 349 2637 prave
371 2579 434 2619 esse
462 2562 711 2636 custodiaeque
742 2571 776 2617 et
809 2559 1031 2628 tabularum,
1067 2559 1161 2615 Weis-

96 2667 268 2724 senbornius
299 2667 385 2738 vidit,
422 2687 509 2742 quam
538 2667 600 2742 ipse
628 2668 823 2724 coniecturam
855 2673 922 2721 ente
943 2663 1049 2720 multos
1070 2682 1162 2720 annos

97 2773 281 2829 adnotarem.
343 2774 476 2832 Eundem
503 2793 629 2830 errorem
660 2773 689 2829 in
720 2771 822 2829 iisdem
853 2770 955 2827 litteris
977 2770 1160 2826 commissum

96 2879 197 2934 notavi
221 2877 289 2935 olim
315 2880 344 2935 in
367 2877 515 2936 Ciceronis
536 2878 675 2936 librorum
698 2879 735 2934 de
755 2879 803 2934 fin.
824 2877 971 2934 codicibus
993 2875 1161 2951 vulgaribus

96 2983 224 3052 11,25.
248 2987 285 3042 84
312 2983 506 3059 (praeclare
537 2993 570 3039 et
600 2983 768 3056 tuebere)
800 2993 828 3040 et
855 2982 883 3038 in
906 2981 1035 3040 Suetonii
1058 2981 1160 3040 Claud.

96 3106 121 3144 c.
142 3091 178 3145 37
205 3091 373 3163 (utraque
396 3100 428 3146 et
457 3089 610 3164 tophina
637 3107 692 3164 pro
714 3099 871 3165 utraque
894 3085 1067 3163 tophine).

180 3193 278 3270 ‘Cep
306 3197 352 3264 19,
381 3199 428 3251 ll:
465 3199 514 3251 At
543 3195 634 3251 enim
660 3225 694 3236 -
730 3195 845 3270 legem
876 3213 940 3250 vos
971 3195 1038 3250 hoc
1068 3214 1160 3252 anno

96 3299 307 3374 perlaturos
336 3298 532 3358 dictitatis.
588 3301 675 3356 Turn
708 3301 856 3357 hercule
889 3300 955 3357 illo
987 3301 1057 3368 die,
1092 3319 1160 3374 quo

97 3421 163 3478 ego
185 3404 312 3460 consul
333 3423 406 3460 sum
429 3415 590 3474 creatus,
620 3405 711 3462 mole
732 3415 837 3480 gesta
858 3407 1070 3481 respublica
1092 3417 1160 3472 est,

97 3508 199 3583 peius
222 3507 350 3578 multo,
373 3529 475 3584 quem
505 3529 608 3584 quum
631 3512 666 3570 P.
689 3511 863 3568 Valerius
886 3513 1013 3569 consul
1034 3511 1160 3587 periit,

97 3613 126 3670 si
156 3613 329 3672 tuleritis.
390 3617 573 3692 Ineptissime
601 3615 732 3672 condicio
761 3614 904 3690 particula
933 3625 1004 3675 tum
1032 3617 1161 3693 graviter

98 3733 127 3776 et
147 3719 273 3778 breviter
295 3723 503 3796 comprehensa
527 3731 642 3779 etcum
665 3721 898 3778 adversariorum
922 3721 1006 3778 minis
1028 3739 1161 3777 connexa

98 3827 236 3902 repetitor
256 3825 285 3882 in
310 3826 366 3882 fine
388 3825 500 3900 periodi
527 3827 574 3898 (si
597 3826 793 3900 tuleritis),
824 3826 983 3901 proeeertim
1015 3837 1081 3900 post
1109 3827 1160 3882 od·

98 3933 223 3990 iunctam
238 3931 492 4006 amplificationem
511 3931 604 3988 illam:
627 3931 729 4007 peius
751 3931 863 3988 multo
889 3963 926 3972 -
949 3931 1074 4006 periit,
1096 3941 1160 3988 ton·

99 4056 182 4112 quam
205 4037 242 4094 ed
265 4057 330 4094 eam
352 4037 483 4094 condicio
505 4037 656 4112 pertineat.
698 4037 829 4094 Prsvum
852 4037 938 4094 etiem
960 4037 1081 4094 verbum
1097 4055 1160 4094 esse
