2810 4644
260 287 426 343 [dcxxix.
517 325 521 334 ·
762 291 821 348 3⁴2

261 473 354 531 monis
380 474 481 550 regula
512 492 601 548 qnam
621 482 795 532 nostrorum.
842 472 1029 533 Scribendum
1060 473 1161 548 igitur:
1192 474 1231 530 In
1253 471 1314 529 ali-

261 589 431 654 quantum
454 580 524 638 iam
547 579 771 650 altitudinis3
797 579 942 638 intercidit
961 579 1127 654 praepositio
1149 580 1186 636 ob
1207 597 1313 655 praece-

261 685 331 742 dens
346 685 554 756 voluerunt3
576 686 733 760 itidemque
748 685 849 755 XLII,
875 689 922 755 15,
938 689 955 742 5
972 685 1161 754 retinendum,
1181 683 1259 758 quod
1274 692 1315 740 est

260 789 290 846 iu
311 789 424 848 codice:
453 791 489 848 in
520 791 750 868 aliquantum
781 790 991 849 altitudinis
1022 791 1141 848 diruta
1168 801 1261 860 erat,
1289 799 1316 845 et

261 896 338 971 apud
361 894 492 954 Curtium
514 897 570 967 VI,
596 901 643 967 li,
665 899 722 954 21:
745 897 822 954 Iam
844 896 879 952 in
901 896 1129 970 aliquantum
1151 894 1315 953 eltitudi-

260 1001 315 1058 nis
336 1020 427 1077 opus
449 997 658 1075 creverat¹)
733 1001 768 1059 In
782 1001 922 1077 proximis
937 1002 1070 1072 verbis(§
1086 1001 1151 1074 tut:
1172 1009 1317 1058 nostras

261 1105 843 1184 iniuriasnecpotestnecpossit
864 1107 1103 1164 aliusnlcisci
1124 1123 1226 1180 qnam
1244 1123 1319 1174 vos,

260 1229 296 1268 ne
321 1213 390 1287 quid
404 1231 442 1270 ex
455 1233 548 1290 prava
569 1213 751 1271 enarratione
763 1215 912 1272 turbarum
932 1224 1077 1276 nascatur,
1099 1211 1252 1268 dicendum
1267 1219 1319 1279 est,

262 1317 381 1392 possit
402 1320 535 1396 optative.
552 1319 622 1396 poni
644 1321 773 1394 (atquc
794 1319 929 1376 utinam
948 1338 991 1376 ne
1011 1317 1147 1394 possit,
1180 1315 1318 1391 quoniam

259 1442 324 1481 eam
346 1433 519 1499 potestatem
540 1445 625 1484 nemo
643 1425 793 1482 habiturus
808 1435 852 1482 cst
871 1425 927 1482 nisi
947 1425 1050 1482 vestris
1072 1424 1175 1500 opibus
1190 1421 1319 1492 uacum
1385 1471 1386 1474 ,

259 1526 363 1588 Grrecc
383 1530 538 1589 diceretur:
566 1522 644 1593 οὔτε
667 1522 808 1592 δύναται
829 1521 916 1612 μήτε
940 1519 1104 1596 δύναιτο).

345 1633 418 1712 Cep.
444 1638 492 1710 22,
518 1642 554 1696 10
578 1637 640 1714 (ubi
663 1636 825 1712 exponitur,
850 1637 918 1710 quid
943 1635 1062 1695 Clodius
1083 1635 1200 1692 Licinus
1223 1635 1261 1692 de
1284 1635 1320 1708 Q.

260 1739 403 1800 Pleminio
426 1743 614 1811 narraret-itt:
636 1741 824 1819 patefacto
847 1743 927 1800 dein
954 1742 1092 1800 scelere
1113 1739 1318 1815 delegatum

258 1845 293 1902 in
315 1847 527 1906 Tullianum
549 1868 591 1906 ex
613 1848 643 1908 S.
665 1847 699 1906 C.
742 1849 819 1922 Quid
849 1847 1032 1924 significetur,
1063 1855 1176 1905 constat
1197 1855 1230 1902 ct
1252 1845 1319 1903 dicit

261 1951 381 2027 proprio
402 1955 492 2012 verbo
517 1955 619 2012 Livius
639 1953 794 2024 XXXIV,
817 1959 870 2012 tt:
900 1953 936 2012 in
956 1953 1168 2012 inferiorem
1190 1951 1320 2009 demis-

259 2074 321 2113 sus
343 2075 526 2116 carcerem
548 2069 603 2116 est
623 2067 861 2135 necatusque,
883 2079 942 2135 qno
963 2060 1031 2116 item
1054 2058 1142 2115 utitur
1164 2056 1319 2116 Sallustius

259 2161 296 2219 de
320 2163 445 2221 Lentulo
467 2162 550 2235 (Cat.
575 2170 628 2224 55:
650 2167 684 2224 in
707 2185 782 2223 eum
803 2165 935 2237 locum,
965 2167 994 2222 h.
1017 2185 1041 2222 e.
1063 2165 1242 2234 Tullianum,
1265 2165 1319 2220 de·

260 2266 414 2349 missus).
460 2269 519 2329 Sed
540 2271 712 2346 delegare
732 2291 786 2347 pro
808 2271 998 2329 demittere
1019 2271 1080 2328 sine
1101 2270 1159 2328 ullo
1181 2271 1318 2346 exemplo

261 2373 378 2445 dicitur;
409 2377 487 2451 quod
520 2387 616 2434 autem
639 2378 821 2454 suspicent-ur
842 2377 976 2452 qnidam,
1008 2376 1122 2434 Livium
1144 2375 1173 2431 id
1195 2377 1316 2433 verbum

259 2499 278 2537 a
300 2479 404 2539 Clodio
425 2481 591 2557 sumpsisse,
616 2484 669 2540 etsi
681 2483 781 2540 Livius
799 2483 964 2541 huiusmodi
986 2481 1116 2540 obsoleta
1136 2481 1228 2538 verba
1252 2499 1318 2538 ver·

259 2585 420 2660 bonumque
448 2586 670 2661 significationes
702 2597 814 2646 tantum
855 2590 883 2647 in
918 2587 1108 2646 formularum
1140 2589 1316 2646 carminibus

258 2687 399 2746 interdum
423 2692 543 2765 retinet,
573 2713 631 2751 non
659 2695 689 2752 in
720 2695 882 2760 narrando,
912 2693 969 2750 dici
999 2702 1096 2750 tumen
1123 2711 1186 2750 cum
1217 2694 1315 2768 alique

259 2794 354 2868 specie
375 2807 483 2870 posset,
502 2799 526 2856 si
548 2799 636 2858 ullum
659 2811 735 2858 essct
756 2801 909 2876 vestigium
930 2799 1015 2856 huius
1038 2800 1120 2857 verbi
1141 2799 1219 2876 apud
1241 2800 1315 2857 euti·

258 2899 374 2973 quiores
407 2902 448 2959 sic
480 2905 549 2980 poni
581 2907 675 2976 soliti;
709 2907 760 2964 sed
791 2905 901 2964 nullum
933 2915 985 2962 est.
1042 2905 1141 2963 Livius
1165 2905 1315 2981 scripsisse

258 3003 373 3062 videtur
395 3006 588 3082 deiectum3
621 3032 658 3070 ex
677 3032 712 3070 eo
733 3011 853 3082 lactum,
874 3021 906 3069 ut
926 3010 1097 3087 sepissime,
1126 3011 1315 3079 delectum,

258 3157 453 3167 -a-—-—.„

276 3249 298 3316 ¹)
326 3255 409 3304 Panlo
427 3263 486 3305 ante
504 3255 533 3320 (ξ
554 3255 596 3321 lt)
615 3259 715 3308 mirifici
733 3259 854 3323 loquendi
867 3259 974 3322 generis,
994 3273 1045 3322 quc
1063 3258 1203 3308 Pleminius
1223 3259 1315 3307 dicitnr

326 3347 442 3398 tribunos
460 3348 569 3398 rnilitum
587 3352 737 3402 omnibns
757 3351 938 3418 suppliciis
962 3352 1145 3401 trucidatos
1164 3353 1314 3401 crucien-

325 3439 366 3488 do
390 3440 574 3501 occidisse,
605 3441 700 3494 frustra
731 3447 816 3495 socius
844 3446 984 3494 advocetur
1009 3443 1108 3494 Seneca
1139 3444 1239 3504 rhetor,
1270 3445 1312 3508 qui

325 3533 435 3583 hominis
459 3534 595 3584 crudeliter
620 3537 699 3586 occisi
728 3537 785 3601 ipse
807 3535 920 3586 membra
951 3537 1068 3600 (sensim)
1095 3539 1221 3586 trucidata
1240 3539 1311 3587 dixit

325 3621 414 3672 Nihilo
434 3633 519 3674 umen
537 3627 637 3687 melius,
656 3631 725 3693 quod
745 3627 889 3680 Gronovius
907 3629 989 3690 fiuxit,
1008 3629 1207 3678 trucidando
1226 3630 1312 3678 ccci·

325 3715 409 3775 dere,
428 3718 501 3780 quari
520 3717 611 3782 uliquis
630 3720 782 3770 trucidando
800 3736 851 3770 non
870 3723 952 3770 occidi
974 3722 1062 3786 possit
1099 3721 1170 3776 Unus
1189 3721 1312 3784 Sigonius

325 3820 410 3856 verum
429 3809 509 3868 vidit,
536 3812 579 3873 qui
599 3812 750 3876 simpliciter
768 3813 941 3863 cruciatos
960 3815 1089 3864 occidit
1106 3815 1221 3879 scripsit3
1252 3829 1309 3863 nam

324 3914 401 3963 quum
420 3915 504 3951 errore
523 3904 713 3956 trucidatos
739 3905 862 3970 scripturn
881 3915 947 3956 estet
973 3917 998 3956 et
1016 3907 1091 3956 simul
1109 3921 1168 3955 vera
1187 3907 1312 3970 scripture

324 3991 455 4053 adnotate,
473 3995 600 4058 posterior
618 4011 668 4045 vox
692 4007 822 4062 utcunque
846 3999 879 4047 ed
903 3997 1026 4063 reliquam
1051 4000 1191 4049 cretionem
1209 4013 1309 4047 accom—

323 4083 426 4131 modata
444 4093 490 4133 est.
