2826 4650
605 221 643 278 29

89 403 268 462 consulto
295 405 326 462 in
356 403 402 462 ed.
423 403 519 480 prima
540 404 685 474 Romana,
706 403 762 470 vl,
787 403 834 472 12,
860 406 871 460 1
897 403 1022 462 induci
1046 404 1158 466 indic·

89 521 162 569 tum
188 511 218 568 in
239 511 323 580 aliis,
353 511 382 568 in
404 511 468 568 aliis
494 509 669 568 indictum
696 509 833 578 induci,
866 509 943 580 vll,
966 511 1005 580 2,
1032 515 1086 583 11,
1107 514 1158 574 ubi

89 619 121 676 Μ
142 618 237 675 habet
258 617 351 674 unda
373 616 506 674 exodia
527 634 596 690 que
617 615 784 685 exordia,
803 615 833 672 in
852 615 916 674 aliis
933 635 1052 691 prorsus
1069 617 1157 690 idem,

88 725 119 782 iu
141 725 211 782 aliis
232 725 325 781 unde
347 723 494 793 exodia,
524 739 598 796 quse
624 720 765 784 exodia.
831 720 960 796 Quoque
981 723 1044 791 IV⁴
1066 725 1115 794 32,
1141 728 1153 782 1

88 831 118 888 in
140 831 206 889 MR
227 841 271 888 est
292 829 443 888 adnotatio
473 848 510 886 ex
537 827 667 902 margine
689 836 824 902 suscepta
854 828 1035 900 (hostibus
1063 830 1157 906 posi·

88 937 139 994 tis
161 937 207 994 ad
229 937 410 1002 Fidenam„
433 935 504 1004 VII,
529 933 649 1002 luein
666 933 698 990 Μ
714 933 958 1009 (prohibitum
981 965 1018 978 -·
1042 933 1157 1006 ferri),

87 1061 192 1100 earum
222 1053 348 1117 uaeque
380 1041 411 1098 in
439 1040 564 1115 antiquis
594 1039 766 1115 quibasdam
800 1039 972 1098 editionibus
1004 1043 1155 1117 reperitur.

88 1148 337 1224 (Neapolitanum
352 1165 468 1222 quoque
483 1147 580 1204 Latini
591 1145 698 1204 Latinii
714 1145 843 1202 codicem
866 1145 998 1220 queedam
1020 1148 1156 1207 habuisse

87 1273 126 1311 ex
146 1252 202 1324 iis,
235 1271 301 1328 quse
323 1251 453 1328 alioquin
474 1252 506 1310 M
527 1249 648 1327 propria
668 1258 751 1318 sunt,
780 1260 903 1325 apparet
922 1252 952 1308 in
974 1253 1032 1324 111,
1056 1257 1104 1326 35,
1128 1259 1156 1327 5,

87 1359 127 1430 V,
155 1361 205 1429 17,
232 1365 259 1428 1,
281 1359 353 1429 v11,
375 1359 404 1428 2,
431 1358 488 1430 ll.)

174 1464 335 1522 Proximus
364 1464 488 1522 Medieci
518 1460 684 1520 auctoritati
710 1461 884 1520 Parisiensis
915 1473 973 1536 est,
1008 1466 1054 1524 cui
1078 1484 1155 1542 eaepe

87 1570 220 1628 adhaeret
242 1569 433 1638 Klockianus‚
453 1580 579 1628 ceterum
601 1587 639 1626 ex
660 1566 859 1638 deterioribus,
882 1570 1020 1646 cuiusque
1035 1573 1155 1632 insecta

87 1677 213 1734 llertzio
244 1676 371 1752 ponendi
402 1676 536 1734 videntur
564 1675 629 1734 cod.
651 1675 876 1748 Bambergensis
901 1675 931 1733 in
962 1677 1038 1736 libro
1060 1678 1154 1754 primo

87 1783 125 1840 ab
149 1782 368 1858 Heerwagenio
395 1780 518 1838 collatus
548 1791 577 1838 et
604 1780 811 1840 Einsiedlensie
831 1791 929 1856 partes
958 1783 1024 1841 libri
1045 1785 1077 1854 Ι,
1098 1785 1154 1858 Ν,

87 1888 143 1958 VI,
166 1887 274 1944 librum
297 1888 327 1944 V
348 1888 491 1962 integrum
509 1887 711 1962 complectens,
733 1886 814 1944 euius
838 1887 995 1964 scripturas
1016 1892 1153 1952 Hertzius

87 1997 125 2053 ab
152 1995 289 2071 Hauptio
319 1993 445 2068 accepit;
481 1992 543 2067 ipse
574 1993 610 2050 de
636 1991 671 2050 iis
701 2011 756 2068 pro
778 2001 857 2068 certo
879 1993 1007 2054 iudicare
1030 2017 1153 2074 nequeo,

87 2121 181 2177 quum
192 2099 397 2175 Heerwagenii
410 2097 537 2156 libellum
558 2117 616 2154 nou
640 2098 772 2168 viderim,
794 2099 911 2158 alterius
932 2121 1041 2178 paucas
1063 2106 1153 2182 scrip·

86 2221 170 2264 turae
194 2206 335 2264 noverim.
379 2206 410 2262 Is
432 2203 525 2262 codex
542 2203 592 2280 (P)
615 2203 757 2262 interdum
779 2220 845 2263 cum
867 2206 900 2264 M
924 2207 965 2278 (et
973 2203 1011 2282 R)
1033 2210 1154 2284 propius

87 2313 292 2388 coniungitur,
322 2311 402 2368 velut
428 2310 457 2366 in
489 2309 583 2380 vul,
612 2312 646 2368 31
678 2310 703 2368 is
731 2329 846 2386 quoque
877 2315 954 2386 (cum
975 2311 1153 2390 chckiano)

86 2419 116 2476 in
136 2424 152 2490 §
182 2424 210 2488 5,
232 2417 347 2476 omissis
369 2415 622 2491 quinqueremis,
644 2435 661 2472 e
682 2419 697 2485 ς
721 2420 736 2472 7
760 2435 812 2474 sex
833 2418 892 2476 alie
913 2419 1004 2476 verba
1024 2421 1154 2497 praecipit

85 2537 244 2582 eteorum
268 2525 334 2581 loco
355 2522 472 2591 inserit,
505 2521 586 2578 cuius
607 2523 840 2597 transpositionis
863 2524 971 2582 nullum
996 2525 1025 2582 in
1050 2526 1153 2584 ceteris

84 2631 241 2690 codicibus
261 2629 415 2704 vestigium
435 2635 479 2684 est
502 2625 565 2701 (sed
587 2636 671 2684 tenuo
693 2628 811 2703 aliquod
833 2629 862 2686 in
884 2631 1029 2688 veteribus
1050 2632 1153 2690 editio·

84 2737 176 2794 uibus
199 2757 238 2793 ex
257 2736 381 2792 obscuro
402 2734 452 2790 illo
473 2731 570 2802 fonte,
603 2751 688 2807 quem
716 2736 805 2809 poulo
833 2745 900 2792 aute
927 2736 1152 2811 demonstravi);

84 2843 136 2898 sed
160 2841 244 2898 solus
266 2842 298 2898 M
320 2838 390 2914 (R?)
414 2839 521 2896 omissa
542 2839 621 2914 prius
642 2841 733 2896 verba
753 2849 857 2916 postea
879 2841 1007 2912 illorum,
1029 2861 1093 2918 quae
1115 2863 1152 2902 ex

85 2953 103 3018 S
129 2951 146 3005 7
174 2946 354 3022 transposita
374 2953 449 3014 suut,
471 2944 536 3000 loco
558 2943 677 3015 inserit,
698 2947 724 3002 P
750 2957 778 3002 et
799 2947 903 3008 Klock,
925 2967 1044 3024 prorsus
1067 2950 1151 3008 omit-

84 3063 162 3113 tunt.
233 3051 368 3111 Ceterum
393 3061 421 3108 et
442 3051 480 3108 ab
499 3050 532 3108 M
553 3059 582 3106 at
603 3051 640 3107 ab
662 3051 709 3108 Hl
726 3050 768 3106 Ll
795 3051 953 3127 seiungitur
974 3056 1000 3112 P
1021 3075 1080 3112 nou
1101 3075 1151 3114 so-

83 3157 157 3230 lum,
182 3159 262 3233 quod
283 3159 314 3214 iu
336 3176 371 3214 ao
392 3176 450 3214 uon
472 3166 552 3224 sunt,
574 3175 639 3231 quae
659 3157 700 3214 illi
721 3157 751 3214 in
772 3156 900 3228 lacunis,
920 3161 1151 3236 transpositioni·

85 3265 163 3328 bas,
185 3263 348 3339 duplicibus
369 3262 533 3338 scripturis,
560 3263 795 3320 adnotationibus
823 3283 839 3322 e
867 3265 998 3340 margine
1027 3268 1151 3343 receptis

84 3369 211 3444 propria
239 3369 360 3437 habent,
393 3367 443 3424 sad
472 3367 559 3426 etiem
587 3369 648 3426 suis
676 3367 925 3445 peculiaribusqus
947 3373 1092 3432 erroribus
1113 3375 1151 3432 ad

84 3476 227 3534 indicium
249 3475 408 3550 perspicuis
429 3473 580 3544 mcertis,
612 3473 661 3549 qui
696 3475 832 3548 quoniam
861 3477 891 3534 iu
914 3478 1070 3536 deteriores
1091 3499 1149 3537 non

84 3582 274 3652 munierunt,
297 3581 327 3637 hi
349 3599 464 3656 quoque
485 3581 523 3638 ab
544 3579 620 3638 illius
641 3580 730 3656 stirpe
752 3595 950 3658 segregentur.
993 3585 1150 3662 (Exempla

85 3687 203 3745 alibro
228 3687 259 3744 X
282 3697 444 3757 rumentum
475 3687 505 3744 in
536 3705 560 3743 c.
586 3687 641 3756 37,
675 3691 710 3743 10
739 3697 768 3744 et
798 3693 830 3746 11
861 3699 970 3765 septem
994 3692 1085 3749 verbo
1105 3692 1150 3750 bis

85 3793 269 3864 scribuntur;
292 3811 318 3850 e.
341 3795 390 3862 40,
414 3796 430 3848 5
453 3811 556 3850 novem
579 3793 670 3850 verba
690 3793 874 3865 omittuntur3
898 3815 922 3856 c.
947 3801 995 3868 45,
1019 3801 1035 3856 9
1059 3807 1087 3856 et
1113 3802 1148 3858 10

86 3898 254 3972 quindecim
276 3905 396 3974 propter
416 3898 680 3956 Herculaneum
705 3900 749 3958 bis
770 3901 910 3976 positum;
932 3921 956 3964 c.
980 3913 1076 3964 autem
1102 3909 1149 3978 14,

88 4005 192 4062 6-10
216 4015 340 4080 apparet
359 4013 411 4062 aut
431 4003 556 4062 defuisse
577 4005 606 4062 iu
627 4023 663 4062 eo
686 4005 803 4077 codice,
825 4007 901 4066 unde
922 4008 1082 4086 descriptus
1103 4012 1151 4070 hic
