2826 4650
283 282 341 332 Lib.
362 281 409 332 111.
762 283 800 338 70

247 475 326 525 recta
337 465 489 523 Bekherus
501 473 530 522 et
541 462 796 520 Weissenbornius
808 464 992 524 sustulerunt.
1028 463 1182 530 XXXVI,
1200 464 1244 532 14,
1260 465 1270 518 l
1284 464 1294 516 l
1312 477 1322 518 τ

249 571 465 640 Pharsalus,
487 569 665 628 Scotusae
687 577 722 624 et
742 569 877 626 Pherae.
919 571 1009 628 Recte
1031 569 1115 626 iidem
1134 587 1150 624 e
1171 567 1321 624 Bamher·

249 677 346 752 gensi:
368 675 572 734 Pharsalus
594 683 628 730 et
643 674 821 732 Scotusae
837 677 1018 732 etPherae.
1056 674 1212 742 XXXIX,
1222 674 1271 742 3³,
1286 676 1297 728 1
1312 691 1323 728 r

250 783 287 855 Q.
310 780 495 850 Caecilius,
520 781 562 836 M.
584 780 730 836 Baebius
752 789 787 836 et
808 779 860 840 Ti.
878 779 1122 856 Sempronius.
1170 777 1321 852 Copulam

250 888 279 944 iu
304 885 537 961 ed.Moguntina
557 895 587 941 et
608 884 735 960 quinque
750 884 985 943 Drakenborohii
1007 887 1154 944 codicibus
1176 883 1321 940 omissam

249 991 504 1050 Weissenbornins
526 990 646 1059 delevit,
677 999 776 1046 natam
800 997 870 1051 ext
893 991 1033 1065 sequenti.
1086 991 1134 1047 Ita
1154 989 1184 1046 in
1206 987 1324 1044 deusde

250 1107 356 1172 quarta
378 1096 472 1153 nullus
494 1095 664 1169 relinquitur
685 1093 769 1151 huius
784 1095 898 1169 generis
913 1097 1003 1168 locus,
1028 1113 1185 1171 quemnon
1201 1091 1325 1150 codices

249 1203 306 1278 ipsi
328 1203 508 1260 subtrahant.
559 1201 595 1258 In
627 1200 729 1274 quinta
758 1201 868 1258 decade
892 1199 970 1267 (cod.
993 1199 1225 1272 vindobonensi)
1255 1200 1325 1255 haec

250 1309 437 1366 obiiciuntur:
469 1307 576 1376 XLII,
600 1309 648 1374 53,
672 1310 705 1364 6:
737 1305 931 1364 descendit
965 1305 1007 1360 ad
1037 1305 1219 1380 (Tripolin
1252 1323 1324 1360 vo-

250 1413 347 1485 cant)
384 1414 557 1480 Azorum,
597 1413 767 1487 Pythium
809 1419 842 1467 at
875 1409 1057 1466 Dolichen
1100 1409 1320 1468 incolentes.

250 1518 362 1578 Omitto
384 1537 460 1574 nuno
482 1517 572 1572 verba
591 1517 816 1590 transpositione
838 1516 969 1584 turbata3
991 1516 1056 1590 ipsa
1076 1515 1196 1572 nomina
1216 1514 1245 1570 in
1267 1533 1324 1570 co-

250 1625 314 1681 dice
336 1624 378 1680 sic
399 1623 577 1680 scribuntur:
597 1621 1115 1697 adzovispytolumetdoscem
1138 1629 1269 1696 apparet,
1289 1621 1323 1676 in

251 1739 333 1787 tanta
355 1729 534 1803 reliquorum
556 1726 766 1801 depravat-ione
784 1727 872 1783 etiam
894 1736 928 1783 et
949 1727 1146 1784 incertissimas
1162 1726 1228 1782 fidei
1242 1743 1321 1784 esse.

251 1835 352 1904 XLII,
377 1837 426 1902 65,
454 1837 502 1890 lt:
539 1831 712 1890 Consulis
741 1831 862 1888 latera
883 1840 1011 1906 tegunt
1033 1832 1225 1902 Eumenes,
1250 1833 1325 1888 At—

250 1938 348 1996 talus
370 1947 405 1995 et
428 1938 648 2012 Misagenes,
671 1935 819 2011 regulus
839 1938 1084 1994 Numidarum.
1127 1937 1322 2012 Perspicuum

251 2052 296 2102 est
316 2045 497 2118 Misagenem
525 2061 543 2097 a
563 2042 754 2114 Pergamenis
784 2044 928 2118 separari3
961 2043 1012 2100 sed
1041 2043 1106 2099 illos
1132 2041 1231 2098 Livius
1259 2061 1322 2098 non

251 2137 441 2216 α’συνδέτως
463 2148 674 2205 nominaverat.
723 2149 828 2208 Utrum
846 2148 1069 2222 Attalusque
1091 2167 1128 2204 an
1150 2157 1184 2203 et
1207 2151 1325 2204 Atta-

250 2255 309 2312 lus
332 2255 489 2329 scripserit,
509 2273 567 2310 non
590 2273 697 2328 quaero.
734 2255 832 2324 XLV,
849 2255 897 2324 26,
918 2254 966 2310 12:
989 2253 1161 2328 praesidia
1182 2271 1224 2308 ex
1244 2270 1324 2308 om-

251 2360 358 2417 nibus
379 2359 539 2435 oppidis,
561 2359 709 2416 arcibus
731 2368 765 2416 et
785 2359 945 2435 (arcivus
967 2359 1033 2432 est)
1050 2356 1217 2414 castellis
1238 2374 1324 2412 sese

252 2465 500 2524 deducturum.
545 2466 646 2522 Livius
666 2465 738 2521 nihil
759 2465 916 2540 scripserat
936 2463 991 2520 nisi
1014 2482 1055 2519 ex
1077 2462 1240 2519 omnibus
1265 2481 1322 2519 ar·

252 2570 353 2626 cibus
376 2577 410 2626 et
431 2571 613 2640 castellis3
639 2570 680 2628 ibi
702 2570 778 2626 enim
800 2569 938 2645 imposita
959 2569 1094 2645 presidia
1116 2568 1225 2642 oppida
1246 2585 1323 2624 con-

252 2676 397 2744 tinebant;
428 2675 520 2732 lector
549 2677 653 2750 aliquis
682 2675 819 2751 oppida
845 2674 986 2750 praesidiis
1014 2684 1157 2750 occupata
1178 2675 1322 2749 praeteriri

252 2798 310 2836 non
333 2779 438 2836 debere
459 2781 582 2854 putavit.
630 2780 687 2854 Qui
714 2781 776 2836 haec
798 2779 897 2836 omnia
917 2779 1010 2836 libero
1032 2780 1131 2836 animo
1152 2780 1322 2838 considers-

253 2884 335 2946 verit.
358 2884 465 2958 quique
487 2885 731 2955 animadverterit,
754 2885 783 2940 in
802 2885 844 2954 X,
857 2886 914 2953 9,8
938 2903 974 2940 ex
997 2884 1131 2942 arduus
1153 2897 1261 2960 atque
1277 2919 1321 2928 —-

251 3006 413 3065 praeceps
436 2989 535 3046 addito
557 2990 814 3066 interpretamento
836 2988 944 3046 factum
964 3007 1027 3046 esse
1049 2991 1197 3060 arduus,
1221 2990 1323 3047 altus

252 3105 363 3168 atque
384 3123 424 3136 -
447 3113 607 3170 praeceps
629 3095 702 3163 (vid.
726 3113 755 3170 p.
779 3095 842 3166 28),
866 3113 925 3151 non
952 3114 1066 3162 vercor,
1095 3114 1131 3152 ne
1159 3103 1266 3168 temore
1288 3093 1319 3149 in

252 3199 444 3274 suspicionem
473 3219 537 3257 enm
563 3219 694 3274 quoque,
725 3219 744 3257 a
776 3219 849 3274 qno·
866 3219 948 3258 orsus
976 3219 1055 3270 snm,
1090 3200 1185 3256 locum
1216 3199 1321 3255 vocari

251 3313 348 3379 putet,
383 3305 412 3361 in
440 3323 498 3380 quo
520 3306 617 3381 potius
649 3306 891 3381 propinquam
923 3307 960 3362 ad
992 3314 1233 3382 opportunam
1265 3306 1320 3360 ad-

252 3408 391 3484 scriptum
414 3412 452 3468 ab
475 3411 573 3484 aliquo
595 3411 700 3480 iudico,
730 3410 780 3484 qui
801 3411 950 3468 declarare
971 3411 1067 3480 vellet,
1090 3411 1118 3466 in
1142 3429 1199 3484 qno
1221 3411 1322 3486 posita

251 3525 328 3571 esset
349 3516 567 3591 opportunitas,
600 3535 688 3590 quam
719 3515 746 3571 in
775 3515 919 3591 particula
946 3515 1011 3591 ipsa
1038 3525 1089 3572 aut
1111 3517 1244 3572 addenda
1266 3529 1319 3574 aut

251 3619 343 3676 altero
365 3619 430 3677 loco
453 3622 632 3679 detrahenda
651 3622 799 3679 turbatum
817 3640 880 3678 esse
927 3621 1182 3678 Weissenbomius
1200 3621 1318 3696 quidem

251 3726 494 3801 propinquam
522 3746 659 3803 separare
686 3745 704 3782 a
733 3727 846 3784 duobus
868 3726 986 3800 reliquis
1008 3726 1158 3783 adiectivis
1181 3737 1321 3798 conatur;

251 3832 303 3888 sed
324 3832 354 3888 id
380 3832 526 3889 necorde
554 3833 709 3888 verborum
732 3833 842 3907 petitur
866 3833 999 3908 (urbem
1023 3843 1152 3889 extremo
1173 3832 1239 3890 loco
1262 3851 1320 3908 po-

250 3937 334 4010 sito),
369 3957 423 3995 nec
444 3937 524 3994 notio
546 3937 771 4013 propinquitatis
793 3947 823 3994 et
844 3937 1068 4013 opportunitatis
1097 3938 1217 4013 propius
1246 3957 1320 4014 cog-

249 4052 321 4100 nata
343 4063 431 4119 quam
453 4043 679 4119 opportunitatis
701 4051 730 4100 et
751 4043 887 4100 maritimi
910 4043 991 4100 situs.
