2800 4646
618 248 674 305 421
981 245 1039 295 Lib.
1055 243 1183 298 XXXVI.

115 429 321 500 ditabatur,
343 429 396 488 Ti.
421 428 636 506 Sempronio
659 430 789 506 Longo
816 429 1099 505 oppugnandam
1126 429 1184 486 de·

112 534 170 592 dit
192 535 391 612 regionem
422 553 441 591 e
462 534 544 592 sinn
568 533 809 593 Maliaco'etc.
866 536 1003 612 Apparet
1029 534 1059 591 in
1079 533 1184 590 illustri

115 641 250 717 exemplo
288 642 394 716 (eaque
429 641 495 717 ipsa
531 657 620 698 causa
653 639 724 697 mihi
762 638 817 698 fuit
848 640 906 698 loci
936 638 1185 698 commemorandi

115 747 367 823 suspicionemque
389 746 528 804 incertam
550 763 609 801 non
628 745 809 821 premendi),
843 764 931 820 quam
962 745 1115 802 molestum
1137 744 1183 814 sit,

114 851 197 928 quod
217 869 313 927 neque
340 852 370 909 in
393 851 514 928 singulis
542 849 614 907 loeis
636 850 744 908 codicis
766 849 798 908 M
820 851 936 926 plenem
959 850 1184 924 continuamque

115 957 290 1033 scripturam
315 965 396 1014 certa
417 957 474 1014 fide
506 963 653 1014 enotatam
685 957 845 1028 habemus,
879 955 1029 1026 indicatis,
1062 955 1088 1014 si
1120 973 1184 1031 quse

117 1061 266 1138 ambigua,
290 1079 385 1132 erasa,
407 1079 497 1138 supra
519 1061 645 1136 scripta,
678 1071 809 1120 correcta
830 1060 957 1132 fuerunt,
978 1079 1074 1136 neque
1095 1061 1184 1118 totius

116 1166 225 1225 codicis
258 1168 488 1243 mendorumque
526 1167 628 1225 forman
668 1168 852 1243 perspicuam
893 1166 1049 1241 imaginem
1086 1163 1183 1224 animo

115 1273 363 1350 comprehendere
384 1290 549 1349 possumus.

223 1375 297 1453 Cap.
332 1379 390 1450 2³,
440 1381 474 1436 10
519 1377 568 1454 (de
601 1377 701 1435 eadem
741 1376 895 1434 Heracleae
939 1376 1185 1452 oppugnatione):

117 1481 240 1540 AEtoli
271 1523 336 1553 ...‚
368 1482 430 1540 ubi
463 1483 636 1542 Romanis
671 1483 791 1540 datum
832 1481 1004 1556 receptui
1039 1481 1184 1558 signum

117 1593 237 1656 esset,
259 1585 361 1642 velut
384 1586 457 1662 ipsi
479 1605 622 1662 queque
642 1588 709 1644 hec
730 1586 914 1658 revocati,
941 1605 1008 1663 pro
1029 1603 1067 1643 se
1089 1587 1185 1661 quis·

114 1709 186 1766 que
218 1709 260 1748 ex
294 1692 526 1750 stationibus
559 1692 810 1750 discedebant.
864 1691 933 1748 Non
955 1692 1038 1762 hoc,
1070 1691 1185 1748 sedeo

115 1794 206 1852 scribi
228 1797 392 1871 oportebat,
415 1797 468 1854 etsi
490 1805 583 1856 totum
598 1815 759 1874 pronomen
781 1797 884 1854 abesse
907 1806 1032 1873 poterat.
1076 1797 1135 1856 Sed
1156 1798 1185 1854 in

117 1901 144 1958 B
168 1905 249 1968 (nam
272 1901 308 1958 de
330 1902 362 1958 M
384 1893 508 1975 tacetur)
530 1903 572 1960 sic
593 1901 739 1960 scribitur:
761 1902 866 1959 velut
895 1919 957 1978 spe
984 1905 1051 1962 hac
1082 1921 1185 1960 revo-

113 2006 202 2064 cati.
247 2004 361 2082 Opinon
382 2006 485 2066 fuisse:
507 2008 608 2065 velut
628 2007 699 2084 ipsi
726 2009 840 2064 etiarn
874 2007 966 2083 (ipse
990 2008 1052 2081 tis)
1081 2025 1186 2064 revo-

115 2107 237 2182 eati.¹)

205 2215 278 2294 Cap.
301 2219 351 2289 25,
375 2222 402 2277 7.
451 2215 561 2276 Consul
582 2219 733 2276 Romanus
747 2217 915 2294 Philippum
929 2235 1027 2293 regern
1050 2217 1186 2274 Lamiam

119 2331 337 2398 oppugnant-em
367 2331 397 2379 et
417 2321 453 2379 dc
482 2323 628 2381 deditione
649 2341 715 2380 cum
738 2323 891 2399 oppidanis
914 2331 1047 2399 egentem
1070 2322 1108 2378 ab
1135 2340 1188 2397 op·

119 2428 300 2503 pugnatione
322 2426 460 2484 desistere
481 2427 578 2486 iussit:
609 2407 746 2502 aequius
780 2445 861 2484 esse
882 2429 1064 2486 Romanos
1096 2425 1187 2482 mili·

118 2543 194 2604 tes,
216 2533 277 2608 qui
298 2533 377 2590 acie
400 2531 640 2590 dimicassent
671 2551 747 2590 eum
771 2531 925 2602 AEtolis‚
946 2529 1093 2607 praemia
1115 2529 1186 2586 vic·

120 2638 223 2695 torisa
245 2639 391 2698 habere.
445 2637 515 2695 Non
543 2646 655 2696 tantum
679 2655 744 2695 cum
766 2637 886 2707 AEtolia
913 2637 974 2708 sed,
996 2636 1075 2711 quod
1098 2643 1187 2711 caput

117 2742 314 2800 dimicationis
343 2751 373 2800 et
401 2742 531 2800 victoriae
555 2752 633 2814 erat,
670 2761 734 2801 cnm
768 2741 927 2802 Antioche.
986 2742 1022 2799 In
1057 2741 1092 2798 Μ
1123 2749 1187 2797 erat

119 2865 225 2922 quam
248 2848 409 2918 AEtolos‚
436 2865 586 2923 perverse3
609 2848 734 2906 debebat
765 2848 840 2904 enim
862 2847 918 2905 dici
941 2865 1046 2921 quam
1069 2847 1184 2905 Mace·

120 2951 243 3010 donas.
297 2952 355 3011 Sed
386 2973 423 3011 ex
446 2971 538 3029 pravo
560 2951 611 3009 illo
625 2951 827 3027 supplemento
849 2952 888 3010 ad
910 2951 1085 3028 explendam
1107 2971 1186 3010 com·

116 3057 302 3133 parationem
325 3059 425 3118 addito
447 3066 542 3116 ortum
564 3057 693 3128 videtur,
722 3058 800 3133 quod
817 3058 911 3116 >ceteri
931 3057 1047 3116 codices
1069 3057 1186 3124 habent,

120 3161 281 3237 Liuiusque
302 3172 415 3222 tentum
437 3162 601 3238 scripsisse:
633 3163 769 3238 aequius
792 3180 886 3232 esse,
923 3164 1105 3221 Romanos
1126 3163 1187 3219 mi·

118 3264 219 3336 dites,
241 3266 301 3341 qui
320 3269 400 3327 scie
423 3268 672 3337 dimicassent,
687 3268 837 3342 praemia
859 3267 1186 3326 victorioehabere.

138 3567 161 3632 ¹)
191 3570 220 3624 Ο.
241 3577 318 3634 ²⁴2²
345 3575 468 3639 quoniam
495 3589 584 3624 eorum
604 3575 731 3628 codicum.
758 3572 801 3636 qni
819 3579 1058 3636 exspectantes
1083 3571 1188 3632 habent,

192 3664 310 3729 princeps
324 3664 368 3728 (Β)
379 3672 470 3730 aperto
481 3667 575 3716 mendo
586 3667 687 3716 iussit
707 3665 809 3726 omittit,
825 3665 970 3728 sequendus
986 3661 1023 3722 M,
1033 3663 1076 3727 qui
1095 3663 1188 3714 habet:

191 3757 239 3806 Ti.
274 3756 506 3821 Sempronium
533 3765 647 3808 tenere
674 3759 825 3807 intentos
848 3755 974 3806 milites
994 3757 1188 3819 signumque

192 3855 389 3912 exspectare
407 3849 509 3898 iussit
528 3852 632 3916 (ipsum,
648 3858 683 3910 ut,
692 3864 770 3913 quum
780 3849 928 3913 accepisset,
937 3861 1085 3914 procurrere
1096 3847 1189 3896 milites

191 3939 313 4003 iuberet).
356 3939 475 3990 Intentus
498 3949 524 3990 et
547 3950 652 4006 paratus
680 3945 779 3993 tenetur
804 3941 892 4000 miles,
930 3949 1082 4004 exspectans
1102 3925 1189 3990 ‘uncti

190 4033 233 4082 vix
252 4041 320 4082 recte
345 4033 445 4082 dicitur.
