2820 4646
246 281 302 332 Lib.
321 280 417 330 XLIV.
750 282 808 338 586

246 475 424 526 mntrsotum
446 462 564 522 narret?
617 463 713 537 Quum
744 463 871 521 decrevit
889 463 1048 538 imperator
1068 481 1208 538 pugnare,
1244 479 1310 518 orn-

246 573 329 632 nibus
353 571 543 648 preparatis,
581 580 641 627 tum
664 569 779 628 demum
798 569 912 645 signum
946 569 1082 645 proponit
1113 567 1191 626 etin
1213 569 1310 624 aciem

246 679 315 738 exit.
362 677 477 736 Deinde
499 677 564 752 quis
585 695 714 751 unquam
737 675 779 732 sio
802 675 914 734 loeutus
936 685 989 746 est,
1004 685 1036 732 ut
1056 675 1196 751 signum
1218 693 1266 750 pu
1273 691 1310 749 g·

245 805 295 844 nae
330 785 374 842 ad
406 784 605 842 exeundum
638 783 674 839 in
706 782 821 839 aciem
855 781 964 840 diceret
994 799 1048 857 pro
1069 801 1123 852 eo,
1161 781 1241 856 quod
1263 789 1312 838 est

246 892 385 968 signum
423 887 583 946 exeundi
620 892 686 960 (aut
716 887 760 944 ad
782 888 999 956 exeundum)
1036 887 1073 944 iu
1107 888 1221 944 aciem
1256 895 1313 943 aut

246 998 389 1073 signum
411 993 560 1071 pugnas?
622 993 812 1070 Perspicuum
835 1003 898 1064 est,
920 993 949 1050 in
981 993 1098 1051 consule
1129 1011 1204 1063 non,
1227 991 1311 1067 quod

246 1103 354 1162 lactum
380 1109 476 1170 esset,
510 1099 561 1157 sed
589 1098 668 1174 quod
702 1095 866 1154 faciendum
888 1099 991 1158 fuisset
1019 1119 1071 1158 neo
1091 1098 1199 1157 facturn
1222 1109 1312 1166 esset,

246 1211 450 1286 reprehensum
473 1205 586 1263 narrari
609 1203 726 1281 (quum
745 1248 772 1260 ..
791 1204 999 1262 exeundum
1019 1205 1053 1261 in
1076 1207 1194 1264 aciem
1216 1203 1311 1261 iuis·

246 1317 324 1382 set).
372 1313 477 1388 itaque
501 1321 552 1369 aut
583 1312 611 1368 in
634 1309 862 1388 propositum
885 1319 1022 1385 corrupta
1047 1311 1191 1388 participii
1212 1309 1312 1368 formu

247 1429 291 1478 est
312 1428 341 1477 et
362 1419 403 1476 sio
425 1419 620 1477 scribendum:
655 1435 759 1493 quum
798 1415 882 1472 luce
910 1415 1028 1491 prima
1055 1418 1198 1494 signum
1222 1438 1312 1499 prs-

246 1525 450 1609 perandum
481 1543 608 1600 pugnas
639 1528 749 1603 atque
779 1521 982 1579 exeundum
1019 1523 1054 1580 in
1076 1525 1192 1582 aciem
1214 1523 1310 1581 luis-

246 1643 309 1704 set,
331 1641 383 1690 aut
403 1649 488 1690 casus
512 1631 632 1688 lioenter
654 1639 791 1699 mutatus,
814 1639 847 1686 ut
866 1629 923 1684 hoc
935 1629 1047 1686 restitui
1062 1629 1182 1688 debeat:
1203 1649 1310 1705 quum

246 1741 326 1797 luoe
346 1737 479 1814 prima,
508 1735 619 1815 algu
653 1736 847 1816 propulit
871 1752 1016 1810 pugnae,
1045 1736 1249 1793 exeundum
1271 1737 1311 1792 in

247 1845 358 1904 aoiern
380 1843 524 1902 fuisset.
568 1841 638 1899 Non
660 1841 794 1912 decerno,
818 1841 847 1898 in
870 1849 964 1897 utrum
986 1849 1099 1916 partem
1114 1843 1227 1900 maiora
1239 1861 1311 1917 pro-

246 2032 404 2093 babilitatis
425 2041 574 2090 momenta
595 2031 739 2092 inclinent.
810 2028 925 2102 (Codex
954 1966 1113 2106 sigudsm
1143 2050 1197 2106 pro
1234 2031 1312 2107 sig-

247 2139 351 2208 num.)
408 2137 537 2208 (Livium
559 2157 617 2196 uno
640 2146 668 2194 et
693 2136 786 2194 altero
809 2136 874 2193 loco
896 2135 1211 2212 plusquamperfectum
1240 2155 1312 2195 oon-

248 2245 366 2304 iunetivi
389 2245 606 2322 hypotheticum
638 2243 795 2301 subiecisse
823 2242 1017 2300 coniunctioni
1045 2262 1098 2319 per
1118 2261 1149 2300 se
1173 2243 1312 2300 ooniuno—

247 2353 336 2410 tivum
359 2351 526 2428 postulanti,
549 2349 776 2407 commemoravi
788 2349 825 2406 ad
838 2349 1038 2420 XLIl,59,l;
1059 2350 1115 2420 hio,
1139 2349 1315 2407 siooninno-

248 2459 289 2517 tio
316 2459 447 2526 abesset,
480 2464 558 2513 recte
589 2455 744 2512 diceretur:
781 2455 977 2512 exeundum
1007 2455 1163 2528 luerat).
1251 2455 1314 2514 Ex·

248 2575 341 2626 trenm
367 2565 462 2640 capite
489 2567 504 2632 ξ
531 2563 587 2632 13,
620 2561 671 2618 ubi
705 2561 811 2618 editur:
850 2563 943 2620 Post
970 2579 1156 2619 sermones
1193 2572 1315 2619 tamen

248 2668 380 2728 oonsul
402 2667 611 2726 orationem
634 2667 776 2736 habuit,
798 2668 827 2724 in
849 2667 948 2725 codiee
969 2667 1077 2725 nullum
1100 2667 1315 2743 prepositiouis

249 2776 357 2853 (post)
386 2775 540 2849 vestigium
568 2783 612 2832 est
639 2774 782 2850 nimisque
806 2775 915 2832 infinite
937 2774 1113 2832 utbreviter
1135 2783 1315 2848 postser-

248 2900 373 2940 mones
396 2881 501 2938 dicitur
531 2879 567 2936 de
596 2880 807 2938 consultatione
837 2880 1017 2956 aliquamdiu
1038 2880 1155 2950 habita,
1177 2879 1310 2936 videtur-

250 3007 307 3062 que
328 2987 429 3046 Livius
451 2987 530 3044 aliud
553 2987 703 3062 scripsisse
732 2986 838 3059 (velun
860 2987 951 3044 Tum
974 2994 1104 3043 contra
1125 2986 1314 3044 huiusmo-

249 3095 285 3152 di
307 3096 530 3166 sermones);
552 3093 623 3150 illud
637 3093 753 3168 quidem
767 3102 892 3162 constat,
909 3093 1090 3150 scribendum
1103 3109 1179 3150 esse:
1202 3091 1313 3154 talen

249 3199 379 3258 consul
416 3199 621 3256 orationem
654 3199 795 3256 habuit.
850 3199 985 3256 Tamen
1017 3199 1160 3274 particula
1192 3217 1314 3274 prorsus

249 3307 347 3384 inepta
369 3315 413 3364 ast
434 3305 472 3362 ad
493 3305 676 3365 sententiam.

333 3411 407 3488 Cap.
431 3412 487 3481 39,
524 3417 534 3468 t
571 3411 612 3480 (iu
647 3411 779 3470 oratione
800 3409 914 3470 AEmilii
936 3409 1078 3479 consulis,
1108 3410 1157 3468 ubi
1178 3410 1316 3478 ostendit,

250 3537 337 3593 quam
366 3517 466 3593 iniqua
493 3517 659 3576 conditione
683 3517 810 3576 Romani
832 3517 981 3593 superiore
1004 3517 1051 3574 die
1071 3517 1227 3592 pugnaturi
1249 3515 1313 3574 fue-

250 3625 335 3700 rint):
367 3627 415 3682 At
437 3626 585 3682 heruulo
613 3625 729 3682 soient
753 3622 894 3697 quidem
918 3621 1146 3680 inconditam
1168 3621 1316 3678 inordi-

251 3739 444 3805 natamque
475 3731 756 3799 habuissemus,
785 3739 909 3787 castra
938 3727 1091 3798 munita,
1122 3727 1312 3804 provisam

251 3834 498 3910 aquationem,
520 3847 636 3894 tutum
659 3837 702 3892 ad
726 3854 801 3892 eam
819 3835 890 3892 iter
910 3833 1096 3910 presidiis
1117 3833 1315 3908 impositis,

251 3940 446 4014 explorata
470 3941 569 3999 cirea
605 3941 740 4008 omuia;
778 3961 821 3998 an
852 3941 945 3998 nihil
978 3941 1097 3998 nostri
1128 3941 1314 3998 habentes

251 4053 386 4117 praeter
407 4047 538 4102 nudum
560 4065 744 4122 oampnm,
771 4047 807 4104 in
829 4065 899 4121 quo
921 4044 1188 4123 pugnaremus?
1232 4044 1315 4104 Scire
