2826 4640
628 265 688 321 ⁵23
1035 265 1092 314 Lib.
1105 265 1190 315 XLII.

122 445 267 502 ceteras
283 447 377 504 satia
392 445 499 517 fidas,
520 445 936 505 Rhodiosiluctucntos.
964 448 1011 505 Ex
1024 448 1191 506 Rhodios

123 547 234 606 factum
256 551 388 612 socios.
488 590 492 598 ι

209 651 282 731 Cap.
305 657 365 726 27,
399 660 417 714 4
441 665 470 713 et
499 660 526 716 5.
571 655 750 716 coniecturis
783 655 989 713 abstinuissent
1020 655 1190 716 Gronovius

124 757 242 832 aliique,
263 760 289 816 si
310 761 473 819 orationem
494 760 536 818 sic
556 761 766 837 interpunctam
790 760 971 830 habuissent3
1004 762 1109 820 Hunc
1131 761 1189 818 rni-

125 863 226 922 litem
250 865 311 940 qui
333 865 539 923 Brundusii
561 866 766 942 acciperet,
883 869 922 924 A.
947 866 1087 925 Atilius
1109 867 1190 927 Ser·

124 986 252 1055 ranna,
286 971 349 1044 qui
385 972 510 1047 priore
537 989 630 1028 enno
659 980 793 1045 praetor
829 970 970 1041 fuerat,
1003 973 1190 1047 deligitur,

124 1072 184 1131 Cn.
208 1072 370 1133 Sicinius
390 1085 537 1152 pretor,
560 1076 620 1150 qui
642 1075 842 1134 exercitum
864 1084 1035 1151 paratum
1058 1078 1101 1134 ad
1118 1087 1189 1135 tra·

124 1177 325 1236 iicisndntn
347 1183 524 1252 heberet;
553 1181 587 1240 C.
608 1181 773 1256 Popillio
795 1182 939 1240 consuli
961 1193 1015 1244 oet.
1063 1183 1113 1240 Ad
1135 1181 1190 1240 Cn.

124 1283 225 1345 Sicinii
247 1304 353 1344 nomen
375 1287 491 1345 auditur
513 1287 710 1362 deligitnr3
745 1286 775 1342 in
801 1287 901 1344 codice
922 1289 998 1362 (qui
1023 1297 1061 1346 nt
1083 1307 1190 1345 exer·

124 1390 249 1464 citum)
280 1400 319 1448 ut
350 1392 558 1468 interpretandi
585 1409 675 1450 causa
707 1391 883 1467 adscriptum
915 1403 965 1451 est.
1023 1393 1100 1450 Tum
1123 1398 1137 1462 5
1161 1397 1189 1464 5,

123 1495 175 1552 ubi
197 1496 310 1554 editurz
342 1507 377 1556 et
405 1499 529 1556 socios
558 1496 684 1555 Latini
715 1497 870 1553 nominis
896 1497 943 1554 IV
967 1497 1069 1554 milia
1090 1497 1188 1572 pedi·

123 1611 213 1672 tum,
243 1600 413 1662 Gronovius
435 1612 532 1661 autern
553 1601 721 1677 requirebat
741 1601 893 1671 socium,
916 1603 1009 1660 codex
1030 1602 1132 1660 habet:
1154 1610 1190 1658 et

123 1707 233 1778 socia,
255 1726 293 1764 cx
315 1727 373 1782 qno
394 1711 441 1767 fit:
463 1717 499 1766 et
521 1727 537 1765 e
558 1706 677 1764 sociis.

210 1809 1190 1890 Cap.28,8:Eodemdiedocrevitsenatus,C.Popilliua

123 1935 197 1976 cos.
232 1918 339 1976 ludos
369 1938 432 1995 per
456 1918 532 1975 dies
557 1919 588 1975 X
609 1917 692 1974 lovi
715 1914 751 1975 0.
773 1917 814 1974 M.
839 1926 996 1974 voveret
1020 1917 1190 1992 doneque

122 2023 225 2081 circa
246 2024 366 2083 omnia
388 2022 602 2100 pulvinaria
622 2022 713 2092 deri,
734 2021 765 2078 si
785 2020 1001 2098 respublica
1022 2023 1054 2080 X
1075 2039 1188 2079 annos

122 2129 160 2186 in
183 2130 310 2187 eodem
332 2138 432 2186 statu
454 2127 597 2188 inisset.
658 2129 731 2198 Ita,
754 2135 792 2185 ut
813 2136 1046 2197 censuerant,
1067 2127 1102 2184 in
1124 2125 1190 2184 Ca·

122 2234 266 2311 pitolio
297 2234 404 2292 vovit
438 2233 568 2290 consul
597 2233 702 2290 ludos
736 2231 822 2290 fieri
844 2232 1076 2308 donariaque
1098 2231 1190 2298 dari,

123 2349 265 2415 quanta
287 2359 330 2398 ex
351 2339 508 2416 pecunie
532 2339 720 2397 decresset
746 2347 915 2408 senatus,
948 2348 1002 2397 cet.
1060 2336 1138 2394 Mira
1158 2335 1189 2392 in

122 2443 223 2520 priore
246 2445 390 2502 sententie
412 2443 594 2519 inequalitas
616 2453 676 2501 est:
706 2443 811 2501 ludos
838 2485 867 2505 ..
901 2451 1059 2500 voveret
1079 2440 1189 2498 dona·

125 2567 194 2624 que
215 2549 306 2620 dari,
328 2550 436 2608 omisso
459 2549 537 2625 apud
559 2549 681 2606 alterurn
704 2567 819 2620 nomen,
841 2548 940 2606 addito
965 2547 1044 2624 apud
1065 2545 1188 2604 alterurn

123 2656 231 2726 verbo;
264 2657 294 2713 in
316 2655 409 2714 ultera
433 2655 508 2716 enirn
530 2654 673 2712 sententia
695 2653 733 2711 sd
754 2663 909 2729 utrumqne
923 2653 1041 2712 additur
1062 2650 1189 2730 (ludos

123 2760 210 2818 lieri
231 2762 458 2836 denarioque
479 2761 580 2832 dari).
629 2761 664 2818 In
686 2761 785 2818 codice
807 2769 868 2818 est:
898 2761 1065 2834 donaque
1086 2757 1189 2815 circa

123 2867 245 2924 omnic
265 2867 482 2944 pulvinaria
507 2865 586 2923 dari
616 2884 639 2921 r.
661 2885 690 2941 p.
713 2867 746 2924 X
767 2883 882 2924 annos
907 2873 960 2925 cet
993 2863 1114 2939 (omisso
1136 2861 1188 2932 si).

123 2972 334 3032 Scribendnm:
356 2971 585 3048 pulvinaria,
607 2971 654 3038 εἰς
687 2989 755 3029 nem
777 2973 861 3031 dari
882 2991 919 3030 ex
941 2971 997 3029 asi
1018 2978 1113 3028 ortum
1136 2977 1189 3025 est.

123 3076 216 3135 Aliud
236 3077 267 3135 in
289 3078 382 3136 altere
402 3077 545 3136 sententia
567 3075 701 3134 mendum
724 3086 778 3136 est.
848 3078 927 3136 Nem
952 3078 1047 3136 dona
1068 3076 1113 3133 dis
1136 3094 1188 3132 vo·
1242 3131 1245 3137 ,

123 3192 229 3240 ventur
249 3193 279 3241 et
299 3183 422 3254 dantur,
443 3201 503 3241 non
522 3181 699 3251 donaria,
730 3183 808 3257 quod
829 3201 935 3241 nornen
957 3191 986 3240 et
1005 3183 1071 3258 ipsa
1093 3179 1191 3238 forma

124 3285 191 3362 (Gr.
215 3289 281 3348 Lat.
306 3293 322 3359 5
347 3290 424 3360 180,
447 3287 478 3364 3)
501 3295 530 3345 et
552 3285 711 3344 auotoritas
733 3287 849 3363 Virgilii
870 3297 899 3345 et
920 3287 1032 3345 Lucani
1055 3286 1186 3362 deloco,

124 3393 174 3450 nbi
195 3393 274 3451 dona
293 3404 474 3470 reponentur
504 3394 685 3467 (thesauro),
717 3393 774 3450 dici
797 3392 972 3463 ostendunt3
1008 3410 1076 3449 narn
1110 3391 1189 3468 epod

123 3499 259 3557 Taciturn
282 3501 361 3562 Ann.
389 3504 421 3571 1,
445 3503 483 3557 44
505 3499 564 3556 iem
591 3498 703 3575 pridem
734 3497 909 3555 intellectum
939 3506 999 3568 est,
1032 3496 1190 3554 donaria

123 3605 306 3664 militaria
326 3625 381 3682 pro
405 3603 488 3664 donis
510 3603 700 3674 militaribus,
734 3621 798 3678 que
829 3602 972 3661 constanti
1004 3610 1033 3659 et
1059 3600 1190 3676 legitimo

123 3711 240 3769 nomine
261 3711 502 3788 appellabantur,
524 3719 590 3768 orta
613 3729 678 3768 esse
699 3717 843 3767 rectracte
865 3727 901 3765 cx
924 3707 1068 3766 adiectivo
1090 3705 1189 3764 termi-

123 3817 251 3878 natione.
319 3816 420 3875 Livius
442 3815 577 3890 quidem,
609 3816 660 3892 qui
688 3815 781 3874 tribus
812 3824 879 3872 ante
906 3813 1038 3872 versibus
1059 3819 1138 3871 recto
1161 3820 1190 3868 et

122 3922 232 3980 usitato
264 3921 381 3980 nomine
408 3937 478 3978 usna
511 3931 587 3980 asset
616 3921 733 3996 (ludos
762 3962 790 3982 ..
818 3919 948 3988 dona),
980 3937 1039 3976 non
1064 3925 1190 3994 poterat,

124 4046 213 4104 quum
238 4028 360 4086 eundem
382 4045 444 4086 rem
465 4027 567 4085 iterum
590 4027 767 4102 signiticaret
789 4025 871 4097 (ita,
893 4033 933 4082 ut
954 4031 1190 4090 consuerent,
