2800 4646
296 306 354 356 Lib.
371 305 461 355 XXII.
763 310 823 366 246
1390 355 1391 410 q

260 497 322 547 tate
345 499 374 548 et
394 489 499 546 vitiose
521 489 591 547 dici:
613 501 917 566 praeoccupatum
940 491 1119 550 inferiore
1140 493 1219 549 loco
1240 511 1328 550 suc·

261 595 392 652 cedens
414 595 588 652 tumulum
611 613 665 668 pro
688 613 741 661 eo,
765 595 842 668 quod
871 605 932 654 est:
954 617 998 654 ex
1021 597 1201 654 inferiore
1224 597 1329 664 loco;

261 719 328 756 nam
351 717 445 773 neque
466 699 592 756 tumulus
615 699 753 757 interiore
773 698 1329 778 locopreoccupaiurnequeinferiore

260 804 326 860 loco
355 803 536 862 succedimus
563 805 715 862 tumulum.
780 804 916 863 Ceterum
944 807 1050 878 miror,
1081 825 1132 864 our
1152 805 1253 863 Livius
1284 807 1329 863 sic
1390 815 1391 820 ’

261 909 387 966 scribere
408 908 547 966 voluerit:
568 909 662 965 levis
684 919 875 967 armatura
980 912 1178 970 succedens
1211 919 1328 968 tumu-

261 1013 342 1082 lum,
363 1012 470 1088 pulsa
492 1013 716 1088 detrusaque
739 1023 916 1072 terrorem
942 1015 976 1072 in
998 1019 1250 1074 succedentem
1275 1016 1329 1072 in·

261 1117 348 1174 tulit
369 1119 536 1192 equitem,
557 1137 646 1192 quum
668 1119 777 1189 liceret,
792 1120 885 1178 vitata
908 1122 1328 1197 repetitionesubsequen-

262 1235 333 1280 tem
354 1223 500 1288 scribere,
527 1224 606 1298 quod
635 1224 730 1298 ipsum
752 1225 789 1281 de
813 1227 914 1282 ordine
936 1226 1059 1300 agminis
1081 1236 1110 1284 et
1130 1227 1239 1284 itineris
1262 1228 1329 1302 (qui

261 1347 335 1386 unus
357 1329 553 1404 significatur,
583 1348 641 1385 non
669 1329 796 1404 equitem
827 1331 899 1388 levis
921 1340 1076 1388 armaturae
1105 1331 1171 1388 loco
1194 1349 1328 1407 pugnam

261 1431 422 1509 excepisse)
445 1433 532 1507 longe
554 1441 598 1489 est
620 1433 764 1493 usitatius.

344 1533 444 1614 *Cap
468 1540 517 1606 30,
540 1539 574 1606 9,
607 1537 657 1593 ubi
678 1539 785 1596 editur:
816 1539 919 1596 cuius
940 1540 1144 1598 terribilem
1167 1560 1241 1598 eam
1264 1540 1328 1598 fe-

260 1661 347 1700 mam
371 1662 389 1699 a
410 1642 584 1718 patribus
607 1643 865 1717 accepissent,
895 1645 1078 1702 scribendum
1097 1657 1141 1702 est
1164 1646 1329 1703 terribi-

260 1747 326 1804 lem
348 1747 489 1805 famam.
538 1749 627 1805 Recte
649 1749 724 1804 enim
746 1748 891 1806 diceretur
904 1751 934 1806 in
958 1751 1183 1808 demonstranda
1197 1771 1229 1808 re
1242 1751 1329 1808 clara

260 1851 465 1908 terribilem
488 1849 590 1908 illam
613 1851 762 1922 famam3
791 1854 821 1910 is
852 1873 1011 1929 pronomen
1033 1856 1103 1931 poni
1124 1856 1165 1912 ita
1189 1875 1247 1912 non
1269 1875 1327 1932 po·

260 1964 325 2014 test.
373 1957 435 2014 Pro
456 1956 528 2014 fam
550 1958 689 2032 scriptum
714 1968 758 2015 est
779 1977 873 2029 eam,
906 1959 1009 2017 deinde
1031 1979 1084 2029 eo,
1107 1980 1165 2036 quo
1189 1960 1328 2036 proxime

260 2060 330 2130 dixi,
354 2061 441 2118 modo
463 2061 593 2120 additum
616 2082 717 2120 verum
738 2063 826 2132 fam3
848 2065 890 2121 sie
911 2075 1011 2121 natum
1035 2062 1291 2138 samiamam.¹)

345 2165 419 2241 Cap.
443 2167 492 2237 32,
518 2170 549 2224 l:
573 2165 822 2228 Consules
851 2169 1060 2226 Minuciano
1081 2169 1245 2226 exercitu
1269 2191 1326 2228 ac·

260 2279 382 2346 cepto,
418 2271 673 2330 hibernaculis
709 2283 850 2331 mature
872 2275 1122 2344 communitis,
1154 2274 1322 2349 (medium

260 2377 424 2433 autumni
447 2381 554 2450 erat‚)
585 2379 692 2436 Fabii
714 2379 857 2436 artibus
888 2397 966 2436 cum
1001 2397 1136 2436 summa
1165 2379 1264 2436 inter
1285 2399 1325 2437 sc

259 2482 458 2539 concordis
485 2483 618 2540 bellum
641 2494 846 2559 gesserunt.
901 2485 949 2540 Ita
976 2503 992 2540 e
1014 2485 1179 2541 coniectura
1200 2483 1323 2542 Grono-

260 2586 300 2643 vii
321 2586 469 2658 scribitur3
492 2608 559 2645 nam
581 2589 611 2646 in
633 2589 781 2645 codicibus
801 2588 927 2662 antiquis
949 2597 1024 2646 erat:
1049 2608 1153 2663 quom
1176 2589 1251 2664 (Pu
1274 2591 1321 2647 1³2

259 2690 317 2749 CM
340 2711 425 2763 cum,
449 2694 694 2768 quemadmodum
716 2690 880 2749 coniunctio
902 2693 990 2751 etiam
1013 2694 1042 2750 in
1065 2695 1091 2752 P
1113 2712 1228 2770 semper
1249 2695 1323 2752 scri·

286 3035 313 3106 ¹)
333 3041 464 3107 Principio
483 3044 574 3107 ospitis
594 3043 636 3106 (l)
654 3043 741 3106 potius
759 3057 818 3106 per
836 3043 1027 3103 (dictatoris
1046 3047 1165 3099 castra)
1184 3056 1262 3104 quom
1282 3045 1324 3092 ad

330 3134 483 3184 addendum.
528 3135 559 3184 In
578 3135 626 3196 §5
659 3135 770 3183 tenenda
788 3141 843 3183 erat
868 3149 927 3182 vers
946 3131 1069 3183 Gronovii
1095 3135 1244 3183 coniectura
1264 3136 1323 3198 (me

327 3227 555 3288 magisterium
574 3228 733 3288 equitum,
759 3227 817 3276 hos
843 3225 978 3276 ordines
1001 3241 1076 3275 suos
1100 3239 1257 3289 quemque
1277 3235 1325 3274 te·

328 3333 403 3366 ncre
425 3319 564 3378 iubeas),
584 3333 634 3368 non
653 3317 814 3367 efficiendum
834 3319 977 3368 inauditum
997 3327 1022 3366 ct
1040 3317 1187 3366 incredibile
1195 3317 1321 3382 loquendi

328 3425 416 3473 genus,
436 3421 465 3460 ut
482 3411 607 3472 magister
624 3410 747 3471 equitnm,
767 3411 861 3472 quibus
880 3411 981 3458 ordines
999 3425 1058 3458 suos
1077 3419 1174 3467 servat,
1202 3425 1246 3459 eos
1266 3413 1324 3462 suis

328 3502 461 3552 ordinibus
480 3510 567 3551 unere
585 3503 702 3560 dicatur,
727 3515 806 3563 quum
832 3502 969 3565 prasertim
996 3515 1047 3549 non
1065 3501 1186 3562 magister
1203 3503 1321 3566 equitum

326 3593 353 3642 id
372 3593 457 3644 iacere
476 3595 601 3644 iubendus
618 3601 699 3650 esset,
723 3594 767 3642 sed
786 3609 803 3640 s
820 3595 943 3642 dictatore
962 3593 1015 3656 ipse
1030 3593 1126 3656 primus
1153 3594 1187 3657 (si
1205 3595 1245 3643 dis
1263 3595 1324 3659 pla·
1390 3589 1391 3596 ’

328 3687 379 3746 oet)
399 3701 446 3735 suo
465 3687 553 3734 ordine
572 3685 707 3745 tenendus,
726 3687 819 3734 deinde
838 3686 915 3734 ceteri
934 3695 1025 3735 essent.
1060 3684 1152 3747 Neque
1171 3701 1193 3734 c.
1214 3691 1264 3744 ³1,
1287 3693 1322 3737 10

325 3777 513 3827 interfuisse
538 3785 563 3826 et
587 3777 777 3826 obtinuisse
803 3776 934 3826 serendum
963 3785 1014 3826 est
1038 3778 1063 3824 in
1091 3791 1118 3824 re
1137 3776 1217 3826 nihilo
1235 3779 1323 3840 magis

329 3875 407 3928 certa,
427 3882 504 3930 qnam
524 3867 622 3932 reliqna
640 3877 726 3926 erant,
751 3883 798 3917 nco
818 3870 899 3932 magis
918 3869 967 3918 isto
986 3869 1063 3916 modo
1082 3885 1127 3932 pro
1146 3877 1216 3917 certo
1234 3870 1323 3934 posita

325 3973 401 4022 qusm
421 3960 447 4008 in
466 3960 547 4008 altera
564 3961 688 4024 scriptura
708 3959 863 4021 (Caelium
882 3959 1014 4022 ingit-
1033 3961 1201 4009 decursum
1221 3963 1322 4023 esse).

326 4048 433 4100 infinita
447 4049 595 4100 huiusmodi
613 4051 752 4114 finguntur.
