2800 4646
255 260 311 312 Lib.
323 259 467 310 xxxvn'.
758 263 817 320 434

255 444 283 518 (ς
309 447 326 502 3
350 455 379 502 et
402 447 433 520 l)
468 465 526 503 non
559 445 654 516 video,
687 463 775 521 quum
809 446 851 504 sie
886 445 1014 504 dieatur:
1047 444 1210 514 Cariam,
1245 467 1323 524 qun

256 550 418 628 Hydrela
442 551 668 627 appellatur,
690 551 740 626 qui
761 551 854 627 possit
875 551 1011 621 dubitari,
1038 551 1117 628 quin,
1139 571 1320 630 quamquam

255 657 387 734 Hydrela
408 656 547 733 oppidum
559 655 649 714 fuisse
660 665 783 726 constat,
806 676 843 714 ex
865 677 924 733 quo
946 677 1018 734 agor
1039 658 1321 732 Hydrelstanns

254 763 418 839 appelletur
440 761 498 838 (vel
513 763 610 837 potius
627 763 655 819 H
662 761 915 838 ydrelitanus,
937 753 956 824 d
979 761 1047 824 τῶν
1067 753 1321 845 Ὑδρηλειτῶν),

254 879 350 926 tamen
374 867 482 928 Caris
511 865 677 942 Hydrela
705 857 741 947 (η’
771 857 914 949 ὖδρηλή)
949 870 1029 946 regio
1053 870 1173 946 intelligi
1203 870 1320 935 debeat,

253 994 368 1044 nomen,
390 973 502 1050 opinor,
525 972 628 1030 sortito
651 975 689 1032 ab
713 992 758 1044 eo,
781 975 860 1048 quod
884 976 979 1034 fluviis
992 977 1104 1051 irrigua
1120 987 1205 1036 esset,
1250 977 1320 1034 Hoc

252 1083 278 1139 si
298 1082 340 1139 ita
362 1089 414 1149 est,
436 1098 501 1154 quse
522 1079 625 1136 deinde
655 1080 855 1138 nominantur:
889 1091 924 1138 et
950 1082 1109 1140 castella
1139 1083 1319 1156 vicosque

252 1185 588 1246 transMaeandrum
612 1205 747 1243 emnem
770 1197 805 1244 et
826 1187 977 1262 oppida,
1000 1187 1073 1244 nisi
1097 1207 1173 1262 qun
1196 1187 1318 1245 libers

253 1304 337 1352 snte
372 1292 506 1350 bellurn
545 1291 724 1360 luissent,
762 1291 857 1350 Coria
897 1292 987 1352 fuisse
1020 1293 1163 1352 videntur.
1222 1294 1317 1367 Atqui

253 1399 342 1459 Coria
376 1411 456 1457 trans
483 1395 664 1455 Maesndrum
696 1397 819 1456 Rhodiis
850 1399 921 1457 date
953 1408 997 1457 est
1019 1401 1048 1472 (ξ
1072 1402 1104 1466 ὃς
1135 1397 1188 1455 efr.
1210 1397 1316 1474 Polyb.

252 1507 359 1572 xxn.
383 1507 437 1563 27:
467 1493 619 1572 Ῥοδίοις
650 1496 902 1586 ἐχρημάτισαν,
925 1495 1078 1572 διδόντες
1099 1499 1238 1567 Λυκίαν
1259 1503 1315 1564 καὶ

252 1607 386 1691 Καρίας
407 1599 449 1671 ud
472 1610 568 1691 μέχρι
594 1599 824 1690 Μαιάνδρου);
854 1631 889 1669 eo
911 1610 1004 1686 magis
1032 1629 1152 1667 moveor
1173 1610 1317 1672 codicum,

252 1725 373 1794 exeepto
395 1717 437 1786 M,
452 1715 605 1792 scriptura,
630 1715 681 1792 qui
701 1718 858 1776 castelle
880 1716 924 1774 ad
946 1717 1167 1774 Maeandrum
1193 1717 1316 1784 habent;

252 1834 280 1882 et
301 1843 353 1900 per
373 1841 405 1880 se
425 1821 578 1898 probabile
603 1831 656 1891 est,
678 1823 818 1881 Eumenis
840 1825 912 1880 finos
934 1841 953 1880 a
974 1823 1168 1898 septentrione
1193 1821 1231 1878 ad
1253 1841 1315 1878 rne-

251 1929 353 1988 ridiem
375 1945 476 1984 versus
498 1937 649 2004 promotos
665 1929 834 1988 terminatos
857 1947 919 1986 esse
931 1899 1097 1999 Maesndrm·
1114 1947 1172 1984 non
1194 1926 1316 1984 costells

252 2045 280 2093 et
301 2033 410 2110 oppida
431 2041 511 2091 trans
533 2035 652 2092 fluvium
676 2034 842 2111 (quousque
851 2035 876 2106 i)
908 2035 934 2092 ei
967 2034 1106 2092 subieots.
1149 2033 1212 2091 Nee
1246 2033 1316 2091 huie

251 2141 398 2200 sententia
430 2140 528 2197 obstat
558 2141 628 2198 data
650 2140 774 2198 Eumeni
795 2140 1011 2199 nominatim
1035 2139 1196 2198 Telmissos
1226 2141 1314 2206 urbs;

251 2267 287 2306 ea
315 2247 390 2304 euim
414 2246 442 2302 in
467 2247 557 2323 Lyeis
583 2247 620 2304 nd
641 2265 723 2304 more
745 2255 825 2316 erat,
857 2246 943 2322 louge
975 2266 993 2303 a
1015 2247 1165 2304 Menandro
1187 2245 1315 2322 regioni·

249 2356 370 2428 busque,
392 2369 465 2427 ques
487 2349 512 2407 is
534 2351 692 2420 dividebat,
722 2359 843 2420 remma,
878 2353 1016 2430 expetita,
1047 2353 1160 2429 opinor,
1191 2351 1229 2410 ab
1252 2351 1317 2410 Eu·

249 2479 349 2528 mene,
377 2468 408 2515 ut
435 2466 552 2532 portum
578 2456 608 2514 in
630 2457 791 2516 meridiane
822 2458 903 2516 Asis]
932 2469 1016 2535 perte
1040 2459 1169 2516 haberet.
1222 2459 1258 2516 In
1285 2459 1315 2516 M

249 2579 351 2624 trans
385 2563 606 2621 Maesndrum
640 2583 677 2620 ex
711 2563 846 2620 inferiore
877 2564 942 2622 loeo
974 2564 1003 2622 in
1034 2565 1109 2622 hune
1139 2562 1315 2621 translatum

249 2667 363 2748 puto.¹)

332 2773 405 2850 Cap.
432 2776 480 2843 58,
517 2777 534 2832 8
571 2773 639 2845 (ubi
668 2784 855 2851 eomparatur
877 2775 1020 2852 proelium
1043 2775 1080 2832 ad
1100 2777 1318 2852 Thermopylas

250 2900 315 2940 eum
337 2879 413 2938 bello
433 2879 464 2936 in
478 2879 554 2937 Asia
575 2898 594 2936 e
608 2879 643 2936 L.
656 2877 792 2956 Scipione
813 2886 926 2956 gesto):
949 2881 1070 2954 Quota
1091 2881 1185 2940 enim
1206 2892 1316 2958 psrte

248 2987 384 3044 virium
407 3003 553 3042 suarum
576 2983 627 3042 ibi
650 2985 948 3064 (adThermopylas)
970 2987 1165 3046 dimicavit
1186 2989 1316 3048 Antio-

249 3089 356 3149 chus?
388 3089 430 3148 Iu
462 3089 554 3148 Asia
586 3090 788 3166 (probabiliter
809 3091 1077 3151 Weissenbornins:
1101 3093 1313 3169 Magnesiae)

248 3195 472 3254 totiusAsiae
494 3205 680 3253 steterunt
701 3196 812 3266 vires,
836 3197 879 3254 ab
902 3197 1042 3256 ultimis
1066 3199 1223 3258 orientis
1245 3219 1313 3258 orn-

247 3302 344 3360 nium
366 3301 528 3377 gentium
551 3301 757 3360 contractis
779 3303 945 3364 auxiliis.
981 3303 1030 3362 Sie
1045 3305 1156 3380 primus
1172 3305 1315 3364 Gelenius

249 3407 347 3478 edidit,
371 3425 459 3481 quum
483 3415 550 3464 ante
565 3406 812 3466 circumferretur:
833 3409 876 3466 ab
899 3409 1018 3468 ultimi
1039 3409 1211 3470 Orientis
1234 3431 1315 3489 par·

249 3515 365 3583 tibus,
395 3520 517 3570 testatus
549 3505 741 3588 ”partibus
770 3513 800 3570 in
830 3515 920 3572 veteri
951 3516 1094 3592 seriptum
1127 3537 1183 3574 non
1215 3517 1314 3586 addi”;

248 3630 344 3678 cetera
373 3619 481 3696 ipsisne
512 3619 557 3676 his
585 3617 686 3676 litteris
717 3621 746 3676 in
768 3620 800 3676 M
825 3620 939 3688 fuerint,
961 3641 1018 3679 non
1041 3621 1119 3680 dicit.
1165 3627 1211 3680 Ae
1233 3643 1314 3698 per-

251 3785 445 3796 σ-υ-ὺ--ι-

268 3881 291 3944 ι)
318 3883 380 3950 Cap.
395 3889 435 3938 57.
451 3891 489 3942 le,
510 3885 615 3932 multu
633 3884 817 3946 congiaria,
838 3901 894 3949 qum
905 3888 950 3935 M!
968 3887 1066 3936 Acilius
1085 3885 1194 3938 Glabrio
1214 3889 1312 3938 babu-

317 3977 383 4024 isse
402 3976 500 4032 dleitur,
521 3989 576 4038 qum
596 3975 653 4027 sint.
674 3991 724 4025 non
742 3977 873 4038 intelligo;
899 3979 942 4026 sed
962 3979 1037 4031 nihil.
1067 3981 1135 4042 quod
1161 3980 1250 4030 molius
1270 3983 1310 4037 sit,

317 4065 461 4126 excogitare
482 4081 596 4130 possum.
