2826 4640
232 236 292 290 Lib.
311 235 397 288 ma
743 237 802 296 648

319 418 393 498 Cap.
416 422 466 492 65,
490 422 508 480 6
531 419 584 492 (de
596 419 800 478 Romanorum
815 418 951 495 prasidio
972 418 1003 475 in
1028 419 1140 476 tumulo
1163 438 1184 475 a
1204 417 1313 476 Maee-

234 526 360 586 ‹lombus
376 525 497 584 obesam
512 533 541 582 et
560 525 760 602 oppugnato):
781 525 916 602 Ingens
938 525 997 596 (-
1011 523 1054 582 sio
1066 523 1177 598 optime
1193 524 1314 600 Kreye

235 631 326 708 aigius
346 649 385 690 ox
405 630 560 706 religer,
587 629 617 688 id
639 639 685 688 est
706 629 819 705 liges;
841 647 910 686 nam
938 648 979 688 re
999 648 1038 686 ox
1060 629 1232 704 ingerere
1254 631 1314 687 ad-

236 737 400 808 hesic-t
419 738 604 796 Romanos
630 744 754 794 terror
777 733 1061 804 circumstabat3
1082 753 1166 792 nam
1188 753 1315 810 neque

236 841 400 903 conferti
421 859 586 920 pugnare
607 849 762 918 propter
782 856 859 910 eos,
887 840 1005 915 quiin
1026 839 1203 899 tumulum
1225 859 1312 900 con·

236 949 454 1008 nitebantur
484 947 539 1021 (eie
561 947 677 1022 egregie
697 944 952 1004 Weissenbornius
977 964 994 1004 e
1017 946 1124 1004 codicis
1146 946 1312 1022 scripture:

237 1053 356 1131 quiin
378 1051 554 1111 tumulum
576 1051 831 1125 conabantur),
860 1060 1037 1127 poterant
1058 1061 1107 1122 et,
1129 1053 1190 1110 ubi
1211 1053 1312 1110 ordi-

236 1178 299 1220 nas
319 1157 577 1236 procursando
613 1156 836 1228 solvissent,
876 1159 1057 1234 petebant
1086 1157 1222 1216 iaculis
1254 1177 1311 1216 sa·

236 1264 404 1344 gittisve.
463 1263 571 1322 Mirum
602 1281 693 1333 voro,
722 1281 782 1320 non
814 1263 944 1338 potuisse
974 1265 1125 1322 Romanos
1158 1259 1312 1320 confertos

237 1389 370 1448 pugnare
390 1378 511 1446 propter
533 1387 600 1439 eos,
632 1367 683 1443 qui
713 1375 817 1425 contra
847 1368 1037 1444 eniterentnr;
1068 1386 1136 1426 nam
1168 1365 1312 1426 confertae

237 1495 343 1553 pugnoe
364 1476 420 1534 boc
442 1473 514 1532 nihil
529 1471 648 1531 omniuo
662 1471 775 1530 oberat.
824 1471 883 1532 sed
905 1473 988 1531 verbi
1009 1491 1174 1548 pugnare
1195 1472 1310 1530 nullum

238 1581 268 1639 in
295 1581 396 1640 codice
422 1556 577 1655 vestigium
598 1586 658 1647 eet,
689 1576 719 1634 in
751 1595 810 1652 quo
833 1577 875 1636 sio
904 1577 1054 1636 scribitur:
1084 1595 1165 1636 nam
1186 1595 1311 1652 neque

239 1685 401 1745 conferti
434 1693 587 1762 propter
617 1701 690 1741 eos.
749 1683 851 1741 Livius
883 1691 1035 1759 posuerat:
1070 1683 1161 1741 Nem
1189 1701 1311 1758 neque

239 1789 403 1848 conferti
424 1789 642 1871 propellere
665 1805 741 1860 eos,
766 1788 828 1863 qui
849 1788 869 1846 i.
892 1799 914 1850 t.
936 1807 1022 1858 coru,
1045 1797 1230 1864 poterant.
1266 1789 1310 1847 Ut

239 1894 367 1970 undique
399 1893 586 1952 recondentes
619 1912 673 1970 per
705 1893 865 1970 precipitio
904 1893 1119 1970 propellerent,
1149 1893 1312 1951 solvendus

240 2009 304 2058 erat
322 2000 411 2070 orbis,
436 2018 494 2075 quo
516 1999 643 2058 medium
676 1997 817 2056 tumulum
840 1998 963 2058 conferti
985 1994 1183 2074 oingebenffl)

324 2103 399 2181 Cep.
432 2107 489 2178 66,
513 2108 547 2164 3:
578 2106 726 2175 (Perseus,
747 2103 875 2162 universi
903 2103 1068 2163 certaminis
1089 2121 1188 2162 casum
1209 2105 1311 2162 subire

240 2207 384 2285 peratum)
413 2211 474 2284 qui
495 2209 717 2288 phalangem
740 2219 993 2278 arcesserent,
1018 2228 1176 2286 propere
1198 2211 1314 2277 misit;

240 2333 311 2390 qua
332 2323 366 2372 et
387 2315 521 2386 serius,
543 2335 646 2391 quam
668 2332 727 2372 res
749 2315 982 2390 postulabat,
1003 2323 1040 2372 et
1060 2315 1194 2392 raptim
1218 2325 1311 2384 eote,

240 2420 384 2478 turbati
415 2439 524 2480 cursu
554 2419 635 2499 (cod.
665 2419 799 2494 raptim
830 2428 982 2496 aptetur
1004 2419 1147 2477 turbati
1168 2422 1311 2492 cursus)

241 2524 423 2584 adversus
446 2527 652 2586 instructos
675 2534 710 2582 et
731 2533 964 2600 praeperetos
986 2535 1090 2582 erant
1111 2523 1310 2582 adventuri

241 2629 320 2707 (cod.
341 2631 574 2697 adventura).
606 2631 718 2706 Magne
730 2641 774 2688 eet
784 2630 814 2688 in
828 2649 860 2688 re
874 2629 953 2688 facili
964 2637 993 2686 et
1004 2639 1115 2706 aperta,
1126 2629 1152 2686 si
1164 2630 1311 2698 attendas,

240 2734 389 2794 sententiar
417 2737 609 2812 perversitae3
643 2755 713 2794 nam
745 2745 776 2792 ut
807 2751 884 2792 nuno
920 2736 1015 2794 oratio
1047 2733 1232 2794 conformata
1266 2745 1313 2793 est

242 2839 327 2916 (qua
352 2881 383 2902 ..
415 2845 526 2912 acta),
556 2840 688 2916 phalanx
708 2841 795 2899 simul
824 2852 853 2900 et
873 2841 975 2912 scrius,
999 2860 1088 2916 quam
1110 2859 1157 2898 res
1177 2841 1311 2917 postula·

240 2944 325 3014 verit,
356 2953 386 3002 et
408 2945 516 3020 reptirn
538 2956 607 3004 acta
628 2947 746 3018 dicitur,
781 2965 846 3022 quae
866 2955 1030 3022 repugnent
1050 2947 1126 3006 inter
1148 2965 1194 3018 se;
1216 2947 1310 3006 omni·

240 3067 338 3123 noque
353 3067 412 3108 non
434 3068 501 3108 saro
516 3051 613 3127 agitur
627 3070 743 3128 agmen,
756 3053 808 3110 sed
823 3052 908 3113 lente.
950 3055 1087 3128 Apparet
1108 3053 1159 3110 illa
1180 3053 1309 3122 serius,

242 3173 347 3231 quam
375 3175 400 3217 r.
430 3163 523 3232 post
554 3173 612 3214 uon
638 3159 677 3215 ad
698 3158 754 3215 iter
776 3159 895 3230 (nota),
925 3157 977 3214 sed
998 3157 1037 3214 ed
1058 3157 1216 3216 adventum
1239 3159 1307 3232 (aal-

241 3259 402 3340 venturi)
423 3261 568 3337 pertinere
590 3271 619 3320 ot
641 3262 779 3340 coniungi
799 3281 864 3322 cum
888 3261 1005 3320 alterius
1022 3263 1199 3322 incommodi
1220 3263 1308 3338 signi-

241 3366 376 3426 ficatione
411 3367 567 3442 (turbati
598 3385 624 3426 c.
657 3367 734 3428 adv.
767 3367 1000 3440 instructos);
1035 3385 1103 3426 narn
1126 3368 1257 3444 phalanx
1280 3379 1308 3426 et

241 3472 333 3532 serius
361 3481 391 3530 et
419 3473 538 3530 turbata
569 3471 681 3550 proelio
715 3490 873 3532 occursura
913 3472 1030 3543 dicisum
1072 3472 1143 3530 illud
1174 3475 1307 3550 raptim

241 3587 325 3637 acta
359 3578 402 3636 ita
432 3577 638 3652 interponitur,
682 3588 713 3637 ut
742 3597 861 3638 eausam
894 3578 1120 3656 perturbationis
1153 3580 1307 3638 contineat

261 3808 286 3876 ι)
313 3811 589 3863 Connitebsntur
612 3827 659 3878 pro
687 3815 798 3862 conari
828 3813 967 3878 repositum
995 3815 1021 3863 in
1041 3815 1189 3864 memoriam
1208 3823 1309 3864 revocet

314 3903 419 3956 Seneca
439 3903 525 3953 locum
545 3905 572 3953 in
590 3919 629 3970 sp.
650 3909 692 3964 su,
706 3909 731 3966 6,
750 3905 795 3956 ubi
813 3907 890 3956 scribi
909 3907 1001 3958 debet:
1023 3905 1092 3956 Non
1110 3914 1224 3972 potest
1242 3914 1310 3957 toto

312 3994 422 4044 animo
441 3995 480 4043 ad
498 3995 640 4046 honesta
664 3998 790 4050 ranaltl
810 3997 1026 4064 (preconari).
