2800 4646
578 266 637 348 26ζ)
938 263 997 318 Lib.
1004 265 1103 315 xxm.

72 457 117 504 tes
139 447 183 504 sic
206 445 237 504 in
259 445 387 506 siciliam
409 447 606 515 mitterentur,
634 451 679 514 ut,
711 447 851 521 quamdiu
872 447 902 503 in
923 447 1011 505 Itsliu
1031 449 1138 512 bellum

73 563 168 621 esset,
209 552 383 622 militurent¹
422 552 560 626 adempto
593 549 739 607 missionis
767 550 897 626 legitimo
923 561 1054 628 tempore
1076 573 1137 630 spe,

72 657 178 713 ceteris
202 656 303 714 Livius
324 657 433 714 nullum
455 657 510 713 nisi
537 655 697 730 legitimum
720 664 749 713 et
772 673 924 714 commune
946 660 1137 732 prestitutum

71 761 184 817 milities
205 769 318 837 tempus
339 761 466 836 scripsit:
488 761 589 818 nullo
611 761 820 836 prestituto
842 761 983 819 militiae
1004 774 1137 840 tempo·

70 886 119 936 re,
140 867 214 923 nisi
236 867 333 946 qud
354 866 881 942 legitimorumstipendiorum
897 873 999 931 esset·
1033 868 1136 942 Quod

70 991 126 1046 pro
152 972 214 1046 qui
241 972 300 1029 inm
323 972 352 1028 in
375 971 583 1029 recentioribus
605 971 717 1046 aliquot
749 971 897 1028 codicibus
923 974 1136 1049 scriptumest,

69 1085 210 1150 recteque
232 1077 308 1135 bunc
341 1077 532 1152 scripturum,
568 1093 632 1150 qun
669 1084 737 1133 ente
759 1075 944 1135 Gronovium
976 1081 1136 1152 tenebatur,

69 1180 229 1238 Crevetins
249 1182 375 1257 praetulit
390 1177 417 1253 ¹)

155 1283 230 1362 Cap.
261 1289 315 1356 29,
341 1292 371 1344 7:
401 1287 534 1360 Iteqne
555 1285 656 1342 velut
687 1285 823 1358 quibus
851 1286 995 1344 reditus
1016 1288 1050 1344 in
1072 1307 1135 1364 pu-

68 1390 180 1447 triem
202 1411 243 1450 eo
265 1391 478 1450 discrimine
507 1408 634 1467 pugnus
666 1385 895 1462 verteretur,
923 1393 1133 1451 obstinave-

68 1505 152 1551 rsnt
175 1496 324 1554 vincere
349 1506 410 1554 aut
432 1495 533 1556 mori.
584 1493 666 1552 Alibi
688 1495 789 1552 Livius
821 1497 852 1553 in
881 1497 937 1554 hoc
963 1515 1069 1572 genere
1091 1499 1134 1556 lo·

67 1601 177 1674 quendi
199 1601 301 1674 (utitur
321 1610 418 1659 eutem
440 1619 475 1658 eo
498 1597 586 1675 steps)
609 1599 645 1655 in
666 1599 900 1675 praepositionem
923 1601 1004 1658 addit
1026 1603 1134 1672 (verti

66 1705 103 1760 in
124 1705 253 1780 eliqua
274 1708 340 1778 re),
368 1707 503 1780 idemque
525 1704 612 1762 ceteri
633 1704 745 1762 fuciunt
766 1706 940 1780 scriptores,
956 1723 1050 1780 neque
1072 1707 1134 1763 sine

65 1829 105 1866 eu
126 1811 249 1868 ablativi
271 1813 345 1869 ratio
366 1821 500 1868 constare
520 1811 645 1869 videtur.
694 1809 792 1869 Semel
814 1811 916 1867 Livius
939 1811 1006 1882 (ΙΙ,
1029 1811 1079 1882 27,
1103 1813 1132 1884 7)

63 1915 156 1971 dixit:
178 1925 318 1990 puncto
339 1935 432 1991 saepe
454 1915 635 1990 temporis
658 1915 897 1973 maximarum
920 1935 1037 1974 rerum
1059 1937 1133 1975 mo·

63 2029 191 2077 mente
212 2022 326 2090 verti3
359 2021 410 2078 sed
431 2022 571 2096 temporis
601 2021 682 2078 notio
703 2036 786 2075 suum
809 2020 898 2076 habet
916 2022 1133 2097 proprietatem.

62 2124 125 2182 Hic
137 2125 255 2200 quidem
264 2136 331 2202 post
340 2133 406 2201 mtp
414 2125 555 2198 ctriem]
564 2124 700 2182 facillime
710 2123 744 2180 in
755 2123 889 2182 excidere
899 2126 1003 2200 potuit.
1034 2127 1130 2185 Etiam

65 2249 134 2306 cap.
159 2232 213 2300 st,
239 2232 274 2288 tt
298 2232 455 2288 notandam
479 2231 581 2287 saltem
607 2228 789 2286 insolentiam
814 2229 927 2286 dicendi
948 2231 978 2288 in
999 2231 1044 2288 his
1065 2251 1131 2290 rer-

65 2335 376 2410 bispnto:comitis
393 2336 535 2393 consuli
554 2335 618 2392 uni
640 2333 806 2409 rogando
827 2333 862 2390 iu
883 2335 1003 2392 locum
1023 2337 1131 2395 L.Po·

64 2440 195 2497 stnmii
214 2441 415 2498 edicuntur.
459 2442 598 2498 Potestne
621 2440 677 2496 boc
702 2449 797 2496 ortum
821 2457 884 2496 esse
906 2459 943 2496 ex
964 2442 1020 2498 hec
1040 2441 1130 2518 scrip-

64 2555 149 2602 turn:
171 2545 316 2602 consuli
342 2546 585 2622 subrogando
608 2545 643 2602 in
664 2544 733 2603 loc.
756 2545 839 2618 (cos.
862 2544 1131 2622 subrogandoJ?

64 2667 137 2707 num
159 2659 189 2706 et
217 2650 278 2706 uni
305 2650 409 2708 vitiose
432 2651 561 2708 abundet
582 2669 635 2708 nec
656 2667 790 2725 rogere
812 2650 847 2706 in
870 2649 989 2709 locum
1012 2652 1130 2709 elicu-

64 2756 75 2812 i
83 2773 123 2812 us
146 2755 283 2812 usitatum
306 2765 359 2814 est.

152 2859 227 2936 Cup.
250 2862 299 2929 32,
328 2865 337 2916 1
377 2859 441 2934 (ubi
463 2860 559 2936 egitur
580 2859 616 2916 de
638 2859 818 2916 exercituum
841 2869 870 2917 et
890 2861 1076 2937 imperiorum
1100 2863 1131 2921 in

64 2985 176 3024 annom
201 2968 262 3024 215
284 2961 515 3043 distributione):
539 2964 803 3022 Terentianum
834 2967 928 3024 mitti
956 2987 1036 3026 eum
1059 2969 1131 3027 eli·

64 3091 141 3148 quo
162 3072 381 3148 legatorum.
423 3071 510 3145 Quod
532 3079 620 3146 ceput
643 3079 715 3140 eret,
739 3069 876 3128 Dukerus
900 3073 986 3146 vidit,
1009 3075 1130 3132 Terenti

64 3299 267 3311 ———-——

82 3395 105 3461 ¹)
136 3395 233 3458 'Quod
255 3413 279 3450 c.
298 3404 348 3459 26,
381 3405 412 3448 lo
441 3401 509 3464 opud
534 3398 719 3461 ingerslerium
748 3400 996 3458 emendaverumut
1013 3413 1060 3464 pro
1077 3399 1131 3450 bis:

140 3491 175 3539 in
194 3491 311 3540 collem
331 3493 569 3546 sutisurdunm,
588 3499 692 3540 tntum
712 3489 850 3539 ilnmine
869 3491 968 3540 etium
987 3492 1130 3546 obiecto.

139 3591 202 3632 tum
222 3582 334 3645 copies
352 3583 685 3634 subducitscribsrotur:
705 3583 739 3631 in
759 3582 970 3632 collemontis
988 3584 1130 3642 arduum,

139 3673 280 3724 flumine
304 3675 405 3724 etism
429 3675 556 3724 obiecto
575 3683 696 3736 tutum,
725 3674 840 3738 copies
858 3673 1026 3734 subduxit,
1045 3675 1072 3724 id
1089 3675 1130 3726 W.

138 3774 269 3830 receptum
293 3767 318 3814 iu
348 3776 494 3817 contextum
523 3767 710 3830 Heerwugcnio
732 3766 835 3826 tribuit,
864 3767 950 3816 nescio
977 3767 1021 3815 nbi
1048 3767 1082 3816 nb
1099 3782 1131 3817 co

137 3857 307 3922 propositum.
344 3857 465 3909 Notabile
484 3867 523 3908 est
541 3858 688 3924 exemplum
708 3859 911 3923 interpolationis
922 3853 1055 3920 (tutum)
1072 3867 1131 3908 unte

138 3950 196 3997 cod.
221 3947 382 4000 Puteuneurn
409 3951 503 4000 mendo
533 3951 680 4016 (obiecto
704 3959 770 3998 tum
797 3965 844 4014 pro
863 3950 998 4000 obiecto
1017 3953 1132 4010 tntum)

138 4041 336 4106 superinducta.
