2826 4640
604 301 664 354 475
1036 297 1092 366 nn
1110 298 1169 350 xn.

186 477 261 554 Cap.
284 479 339 548 42,
366 481 396 536 l:
420 477 557 535 Eodem
580 497 675 535 anno
697 478 732 536 L.
756 476 963 550 Duronius,
996 482 1055 555 qui
1077 501 1169 558 pm.

101 595 162 642 tor
183 603 278 642 anuo
299 583 492 658 superiore
523 603 568 640 ex
588 581 747 660 Illyrico
770 599 845 642 curn
873 582 993 642 decem
1015 587 1170 646 navibus

102 689 348 748 Brundusium
376 687 558 758 redierat,
581 688 683 758 inde,
711 688 877 763 inportu
899 689 1041 748 relictis
1063 693 1170 750 nevi·

102 797 182 866 bus,
216 814 328 870 quum
360 794 526 852 venisset
547 795 715 862 Romam,
826 793 921 851 haud
942 795 1050 854 dubie
1071 798 1106 856 iu
1132 842 1162 859 ..

102 902 277 962 Gentium
299 895 497 958 latrocinii
514 899 633 957 omnis
654 897 830 956 maritimi
852 916 999 958 causam
1023 904 1166 960 avertit.

102 1007 180 1066 Mire
201 1006 351 1064 Duronius
377 1014 516 1081 praetor
548 1003 741 1079 superiore
768 1022 860 1060 anno
892 1006 1034 1065 redisse
1055 1008 1169 1080 dicitur,

102 1112 189 1187 quasi
209 1111 319 1168 reditus
340 1119 472 1186 praetura
494 1129 608 1168 summe
628 1109 730 1183 suerit3
747 1129 815 1167 nnnr
837 1113 1071 1187 superioreanno
1084 1118 1168 1191 Apu·

102 1218 149 1276 liae
171 1215 343 1293 prepositus
373 1216 461 1274 etiarn
490 1215 644 1274 latrocinia
674 1215 815 1290 inspicere
846 1227 874 1274 et
898 1218 1053 1293 prohibere
1073 1219 1169 1278 iussus

103 1329 168 1380 erat
192 1321 353 1395 (e.18‚4);
374 1322 441 1380 inde
462 1322 524 1380 sine
545 1321 633 1378 dubio
654 1322 711 1378 hoe
733 1341 809 1380 anno
832 1328 900 1390 (non
913 1323 1074 1398 superiore)
1097 1325 1163 1382 red·

103 1428 155 1497 iit,
176 1437 280 1485 exacto
306 1429 486 1504 magistratu.
529 1428 634 1502 Neque
658 1425 839 1502 intelligitur,
868 1446 927 1497 cur,
952 1429 977 1485 si
997 1429 1056 1486 iarn
1076 1447 1165 1505 supe·-

102 1533 181 1592 riore
203 1551 280 1592 anno
302 1534 497 1592 Brundusium
519 1533 660 1610 redierat,
682 1533 738 1590 hoc
759 1532 874 1590 demum
897 1533 1022 1591 Romam
1050 1545 1168 1591 conten·

102 1637 188 1698 derit.
230 1639 340 1713 Arguit
361 1639 496 1696 mendum
517 1647 623 1714 prester
642 1637 813 1695 sententiani
834 1639 920 1695 etiem
933 1638 1036 1710 codex,
1056 1639 1085 1696 in
1109 1658 1168 1714 quo

105 1743 246 1802 Gelenius
267 1746 357 1802 tradit
377 1763 435 1802 non
457 1744 631 1814 redieret,
653 1744 703 1800 sed
725 1743 886 1800 redisset
908 1745 1046 1821 scripturn
1068 1744 1167 1814 luisse,
1271 1744 1275 1752 ’

103 1848 192 1924 idque
213 1849 468 1907 Weissenbornius
489 1850 605 1926 recepit,
628 1849 802 1908 coniunctivi
822 1849 963 1908 rationem
979 1850 1087 1908 nullam
1102 1851 1168 1908 red·

105 1955 193 2032 eruin
214 1975 283 2012 nam
309 1955 434 2012 causus
456 1954 627 2030 significatio
649 1953 828 2029 ineptissima
859 1967 910 2012 en.
963 1933 1081 2013 uxoren
1112 1955 1168 2013 ari-

106 2060 186 2135 quid,
208 2059 333 2118 fortasse
354 2079 411 2118 non
434 2059 500 2136 plus
523 2065 611 2116 unum
634 2060 769 2118 verbum:
790 2060 927 2118 Eodem
949 2061 1168 2119 annoL.Du·

105 2166 241 2236 nonius,
261 2166 326 2240 qui
347 2175 481 2242 preetor
503 2183 595 2223 anno
617 2167 812 2241 superiore
834 2165 992 2244 [furerat]
1016 2188 1058 2226 ex
1074 2168 1166 2244 Illy-

105 2273 184 2330 rico
206 2291 281 2330 curn
315 2273 347 2330 X
377 2271 533 2328 navibus
560 2271 807 2329 Brundusium
839 2272 969 2343 redlll3
998 2273 1096 2342 inde,
1131 2273 1167 2329 in

104 2387 215 2454 portu
239 2377 383 2436 relictis
413 2377 581 2445 navibus,
612 2394 717 2450 quum
738 2377 904 2434 venisset
934 2379 1079 2436 Romam
1112 2388 1166 2438 cet.

106 2483 280 2540 Redisset
307 2483 446 2560 scriptum
468 2483 582 2540 videtur
603 2482 679 2539 male
700 2481 843 2540 intellecto
865 2503 961 2554 cum,
993 2485 1072 2558 quod
1099 2495 1168 2542 ante

103 2589 136 2646 X
157 2587 270 2665 legitur.

188 2693 262 2770 Cap.
288 2697 338 2766 43,
361 2698 393 2752 6:
422 2693 525 2752 Tulit
554 2695 591 2752 in
613 2693 799 2769 triumpho
820 2690 873 2770 (Q.
897 2693 1018 2752 Fulvius
1042 2694 1167 2752 Flaccus

103 2819 142 2858 ex
164 2799 320 2877 Hispania)
358 2817 515 2857 coronas
552 2817 686 2858 aureas
716 2807 861 2856 centurn
895 2799 1030 2876 viginti
1065 2809 1166 2875 quet-

103 2915 189 2976 tuor,
211 2915 389 2981 praterea
410 2905 490 2962 auri
513 2905 632 2980 pondo
654 2905 811 2980 triginta
833 2925 952 2974 uuum,
968 2915 1003 2963 et
1024 2905 1167 2982 signati

103 3010 282 3069 Oscensis
313 3029 489 3068 nummum
523 3019 662 3068 eentum
693 3011 938 3086 septuaginta
968 3012 1041 3070 tria
1063 3011 1168 3069 milia

102 3115 289 3172 ducentos.
333 3116 428 3182 Nimis
461 3116 563 3174 leviter
585 3115 842 3174 Drakenborchiue
870 3120 1005 3176 tractavit
1026 3118 1167 3176 Glareani

102 3220 298 3279 dubitationes
320 3241 357 3280 ex
385 3222 548 3280 iustissimis
565 3221 661 3280 causis
678 3235 779 3292 ortnss
794 3240 868 3296 quas
885 3224 974 3308 ceteri
991 3223 1070 3280 taciti
1092 3242 1167 3298 proe·

103 3327 248 3386 teriernnt.
284 3327 362 3385 Narn
375 3327 504 3387 Oscense
530 3339 682 3403 argentum
700 3327 921 3384 commemorari
932 3327 1010 3402 epud
1022 3327 1166 3402 antiquos,

102 3452 160 3490 non
175 3451 288 3503 aarum,
309 3433 444 3491 convenit
466 3433 634 3504 (XXXIV,
649 3435 684 3490 10
695 3441 724 3489 et
736 3435 802 3503 46),
818 3451 871 3490 nec
881 3451 1008 3508 unquam
1017 3431 1068 3489 illa
1081 3441 1167 3490 atate

101 3557 236 3598 nummos
259 3557 378 3608 aureos,
400 3539 449 3614 qui
473 3541 575 3598 Roma
604 3557 721 3613 quoque
741 3537 801 3595 reri
823 3548 884 3596 tum
908 3537 1105 3608 cudebantur,
1129 3557 1166 3596 ex

101 3643 247 3722 Hispania
273 3643 378 3704 allatos
410 3645 524 3704 narrari
545 3646 574 3704 in
599 3645 810 3720 triumphorum
833 3643 1088 3721 descriptionibns3
1110 3643 1167 3700 ita·

102 3770 159 3826 que
180 3751 268 3810 etiam
290 3751 337 3809 hic
358 3751 504 3827 argenti
526 3751 620 3808 audiri
643 3749 899 3809 Drakenborohius
924 3749 995 3807 vult.
1046 3747 1104 3806 Sed
1116 3749 1166 3822 qui

101 3857 131 3916 id
154 3856 249 3914 audiri
270 3855 386 3932 potest?
417 3867 467 3914 out
498 3856 563 3931 quis
592 3875 720 3931 unquam
742 3855 904 3916 Oscense
930 3855 1062 3914 absolute
1083 3839 1178 3926 disits

100 3961 261 4042 praesertim
283 3963 463 4039 precedente
486 3963 550 4020 anri
572 3961 707 4020 nomine?
734 3962 850 4020 Deinde
870 3962 1050 4020 desideratur
1073 3960 1165 4018 omni·

98 4087 139 4128 no
163 4068 279 4145 argenti·
298 4087 357 4128 non
379 4069 484 4146 signati
505 4068 623 4166 proptio,
647 4067 809 4144 quodcum
825 4086 897 4128 auro
909 4075 1167 4127 commemoratum
