2800 4646
317 280 375 330 Lib.
394 279 471 328 XXI.
781 281 840 336 220

280 465 310 523 lo
331 478 395 542 post
420 470 448 534 (ξ
473 469 517 531 7),
538 464 586 522 ubi
608 464 716 520 editur:
739 463 800 538 qui
822 464 927 520 ambo
949 458 1067 521 saltos
1087 463 1344 537 ncnpchau-

280 573 381 630 rinos
403 573 463 629 setl
485 589 550 646 per
571 569 744 626 Salassos
766 579 958 627 montanos
982 571 1024 627 ad
1047 571 1184 628 Libuos
1205 567 1344 625 Gallos

282 678 510 737 deduxerint.
533 675 716 734 Salassorum
738 694 843 732 nomen
865 676 957 752 Lipsii
978 687 1007 733 ct
1020 675 1147 734 Cluverii
1168 675 1344 732 coniecturas

279 784 414 850 debetur;
435 784 464 841 in
487 781 636 838 codicibus
663 783 813 842 scribitur:
845 802 908 858 per
935 783 1053 840 saltus
1078 793 1289 841 montanos.
1314 781 1343 837 in

282 889 482 963 antiquissimo
505 886 655 961 (quoniam
677 888 703 944 P
725 889 887 958 caremus),
909 888 958 956 M,
989 907 1008 945 a
1028 888 1123 964 prima
1151 905 1253 944 ιιιιιιιιιι
1277 905 1345 962 per

281 995 399 1052 saltos
419 1003 622 1050 montanos.
668 991 783 1058 Livius,
805 991 925 1066 opinor,
946 994 1056 1051 nullum
1078 993 1148 1050 certi
1165 993 1265 1068 populi
1289 1011 1344 1049 no·

281 1119 347 1156 men
368 1109 521 1174 posuerat,
554 1098 619 1154 sed:
652 1096 831 1172 paralius
853 1111 1051 1159 montanos.
1104 1099 1136 1159 Si
1168 1099 1344 1156 Salassos

281 1206 468 1272 nominasset,
489 1215 679 1261 montanos
701 1223 758 1261 non
780 1203 946 1262 addidisset.
993 1205 1127 1264 Ceterum
1142 1205 1249 1262 residet
1259 1223 1344 1261 men-

284 1313 351 1368 dnm
362 1312 391 1368 in
407 1310 635 1378 deduxerint,
643 1328 708 1384 quae
718 1310 799 1367 verbi
812 1309 906 1368 forma
918 1331 1011 1387 neque
1026 1331 1090 1368 cum
1108 1311 1291 1370 dubitatione
1307 1313 1344 1367 de

282 1418 427 1494 praeterito
439 1429 568 1494 tempore
580 1435 706 1490 unquam
718 1417 896 1485 diciturtnisi
908 1419 1007 1476 addito
1030 1417 1199 1486 forsitan,
1212 1415 1342 1473 forsan

283 1537 314 1582 nt
338 1523 497 1582 forsitan
520 1521 654 1579 fecerit
682 1522 732 1578 sit:
760 1523 822 1580 fieri
844 1533 954 1599 potest,
974 1535 1007 1581 ut
1028 1523 1156 1596 secent),
1176 1540 1293 1596 neque,
1319 1521 1342 1576 si

282 1631 440 1699 diceretur,
467 1631 522 1686 boc
550 1629 615 1686 loco
636 1627 705 1703 poni
726 1628 882 1704 potuisset,
914 1631 964 1686 ubi
985 1628 1160 1687 condicionis
1183 1627 1344 1702 requiritur

282 1736 471 1810 significatio,
498 1735 634 1809 quoniam
658 1735 757 1791 Livius
788 1753 845 1791 non
867 1735 928 1810 ipse
950 1735 1079 1804 dubitat,
1108 1734 1158 1792 sed
1179 1743 1212 1790 ut
1233 1732 1341 1790 falsum

283 1843 339 1899 hoc
360 1841 515 1916 redarguit.
559 1842 662 1915 ltaque
685 1841 833 1910 audacter,
854 1841 905 1897 sed
927 1851 1023 1898 tamen
1044 1851 1122 1898 recte
1145 1849 1256 1896 veteres
1279 1837 1342 1895 edi·

284 1959 361 2005 tores
384 1948 630 2004 deduxissent
661 1947 869 2004 substituerunt
935 1949 1021 2022 Quod
1054 1947 1159 2022 negavi
1189 1945 1340 2003 fecerim

283 2055 319 2110 de
343 2053 487 2128 praeterito
509 2063 638 2128 tempore
660 2053 819 2110 dubitative
840 2054 913 2122 diei,
948 2055 1048 2110 eodem
1070 2051 1157 2110 modo
1179 2061 1295 2107 erratur
1318 2069 1342 2106 c.

285 2166 333 2228 47,
357 2164 384 2230 5,
406 2159 454 2215 ubi
476 2159 616 2216 fuerint
638 2159 806 2235 (petenda
828 2159 981 2232 fuerint)
1010 2170 1104 2216 ortum
1134 2167 1235 2215 estex
1258 2157 1339 2214 fuc-

283 2277 364 2324 runt
385 2275 505 2341 propter
529 2265 775 2334 travexerint,
804 2265 883 2340 quod
911 2265 1056 2341 praecedit.
1106 2264 1213 2336 (Aliter
1235 2263 1342 2320 dicitur

285 2374 314 2430 in
336 2371 521 2430 coneedendo
543 2381 571 2427 et
593 2371 741 2446 fingendo:
765 2369 881 2428 luerit
903 2371 1021 2430 Carbo
1043 2365 1308 2443 sceleratus.)¹)

368 2477 441 2554 Cap.
465 2482 514 2545 il,
538 2481 553 2534 7
578 2477 619 2548 (in
641 2476 815 2534 Hannibalis
833 2477 909 2552 apud
922 2477 1024 2534 milites
1038 2476 1195 2548 oratione):
1208 2477 1339 2535 Parum

282 2595 353 2656 est,
377 2585 471 2658 quod
493 2583 715 2640 veterrimas
737 2583 950 2657 provincias
971 2601 1084 2654 meas,
1107 2582 1273 2640 Siciliam
1300 2599 1340 2638 ae

283 2691 513 2758 Sardiniam,
535 2687 693 2745 adimis?
716 2689 828 2745 etiam
853 2687 1077 2764 Hispanias?
1099 2697 1132 2745 et
1153 2688 1234 2744 inde
1259 2707 1341 2745 ces·

282 2815 379 2854 sero:
401 2796 435 2852 in
458 2793 619 2853 Africam
650 2795 901 2864 transcendes3
938 2795 1178 2853 transcendes
1206 2805 1341 2862 autern,

283 2901 383 2960 dico?
427 2902 528 2958 Duos
550 2899 719 2958 consules
741 2901 846 2957 huius
878 2900 963 2956 anni
984 2919 1086 2957 unum
1108 2900 1142 2956 in
1166 2899 1341 2961 Africam.

284 3012 437 3067 alterum
465 3009 498 3064 in
521 3007 735 3082 Hispaniam
764 3006 949 3066 miserunt.
994 3006 1042 3064 Sic
1073 3007 1118 3064 bic
1147 3006 1227 3062 locus
1249 3007 1341 3063 multo

283 3135 353 3174 sane
385 3115 504 3178 melius,
541 3133 627 3188 quam
651 3123 737 3170 antea
759 3113 920 3176 ferebatur,
942 3131 960 3168 a
987 3111 1140 3170 Gronovio
1167 3112 1340 3169 constitutus

283 3233 335 3280 est.
357 3221 463 3279 codicis
486 3219 626 3278 Puteanci
648 3219 770 3294 vestigia
791 3219 942 3294 prementi,
964 3219 1018 3275 nisi
1041 3219 1118 3292 qnod
1140 3218 1267 3294 scripsit:
1292 3230 1341 3276 et.

283 3483 401 3490 -----
404 3481 480 3489 ...—

303 3601 327 3672 ι)
350 3606 414 3669 Cap.
434 3607 476 3662 ³9,
499 3607 508 3650 l
532 3615 656 3649 armare
683 3601 771 3662 (codd.
791 3601 923 3665 armari)
946 3599 1125 3648 exercitum
1144 3599 1283 3648 admodum
1304 3601 1341 3646 in·

353 3695 466 3744 solenter
486 3693 580 3740 dieitur
598 3707 648 3742 uon
667 3695 699 3741 de
718 3693 865 3742 instnteudo
884 3693 969 3750 armis,
990 3692 1034 3739 ssd
1055 3692 1086 3740 de
1105 3705 1136 3740 eo
1155 3693 1187 3740 ad
1206 3707 1277 3740 arma
1298 3707 1340 3739 vo·

353 3785 480 3834 cundoet
502 3786 637 3834 movendo.
686 3785 762 3847 (Nam
782 3787 850 3848 quod
868 3784 955 3841 XXll,
974 3787 1013 3844 ll,
1035 3789 1065 3833 ta
1084 3785 1172 3834 eodem
1192 3785 1268 3833 modo
1289 3799 1341 3834 oo·

355 3879 412 3943 pia
433 3877 549 3926 armari
569 3878 617 3926 diei
637 3878 763 3931 videntur.
782 3879 857 3941 quale
875 3878 939 3926 illud
957 3879 990 3927 sit
1008 3878 1190 3934 testimonium,
1210 3879 1340 3941 apparebit

354 3985 431 4032 quum
452 3985 482 4020 eo
501 3979 602 4020 rentum
622 3973 692 4032 erit.)
711 3972 819 4021 Fuitne:
840 3971 899 4019 scd
918 3971 955 4020 ad
976 3986 1061 4020 arma
1079 3985 1197 4020 vocare
1216 3972 1341 4022 exerei-

354 4063 435 4111 tum?
