2800 4646
219 233 277 284 Lib.
290 230 418 282 XXXVI.
722 231 782 290 ⁴22

220 415 410 476 Commodius
435 413 555 490 prede
591 423 621 470 et
652 413 754 472 ecies
787 412 921 470 universe
953 411 1027 470 inter
1058 431 1090 470 se
1111 413 1289 486 referuntur,

219 542 278 581 non
298 521 408 593 addito,
427 520 597 596 quibuscum
619 527 780 595 pugnatum
805 517 850 576 sit.
898 514 970 589 (cn.
983 519 1097 591 quaed
1114 491 1290 590 XXXVII,

221 630 310 700 30‚2
336 626 491 694 dicentur.)

304 731 376 808 Cap.
398 731 448 802 28,
473 733 491 788 6
515 729 557 802 (in
578 722 629 785 M!
650 727 739 786 Acilii
760 725 1125 786 orationeaclAEtolorum
1147 728 1291 804 legarunt:

220 839 361 913 Itaque,
382 838 417 894 ni
437 853 597 911 propere
620 831 790 908 fit‚quod
812 833 960 908 impero,
976 832 1110 890 vinciri
1131 833 1288 890 rusiam

220 942 338 1004 iubeo.
388 941 475 1016 Quod
497 939 580 997 verbi
602 948 717 1016 tempus
740 957 828 996 unum
851 938 881 994 in
904 938 957 996 teli
975 937 1198 996 comminatione
1219 956 1289 995 eum

219 1047 365 1123 particule
385 1047 454 1104 iem
473 1045 609 1120 coniungi
630 1053 708 1103 recta
729 1053 843 1120 potest,
867 1044 957 1102 hebet
977 1043 1016 1101 B:
1046 1043 1117 1100 iem
1142 1043 1287 1100 iubebo.

221 1150 286 1230 (De
307 1153 340 1212 M
363 1156 497 1220 tacetur.)
540 1150 604 1207 Nec
625 1149 691 1206 ideo
714 1169 772 1207 uon
794 1167 914 1224 prorsus
934 1149 1060 1225 legitime
1075 1147 1106 1205 iu
1117 1148 1292 1206 condicione

220 1274 346 1333 praesens
367 1255 485 1332 ponitur
512 1255 548 1312 de
570 1273 622 1324 co,
655 1255 734 1328 quod
765 1255 824 1311 iam
847 1255 879 1310 fit
900 1263 952 1312 aut
973 1253 1189 1328 quummaxime
1223 1253 1289 1310 fieri

221 1362 321 1438 incipit
341 1361 440 1420 fierIve
462 1361 548 1418 debet
576 1360 625 1434 (de
645 1379 705 1435 que
725 1379 757 1417 re
786 1369 815 1416 et
837 1358 925 1417 ceteri
948 1359 1130 1434 grammatici
1153 1359 1291 1434 pmcipi·

220 1476 272 1524 unt
303 1477 332 1524 et
354 1485 408 1543 ego
438 1466 567 1524 breviter
597 1465 722 1542 praecepi
751 1463 884 1524 Gramm.
919 1465 984 1521 Let.
1019 1467 1115 1533 §340
1147 1473 1206 1524 not
1244 1467 1291 1536 l),

220 1573 407 1648 maximeque
425 1570 675 1640 comminationis,
708 1571 736 1626 iu
765 1588 823 1645 que
845 1587 961 1626 omnem
983 1568 1149 1626 diletionem
1173 1577 1202 1625 et
1224 1587 1289 1626 mo·

220 1695 285 1734 rem
324 1675 469 1735 subletum
505 1677 649 1748 volumus,
679 1675 814 1751 proprius
843 1686 887 1732 est
918 1675 965 1732 hic
993 1674 1142 1750 presentis
1165 1693 1229 1731 cum
1251 1673 1291 1730 ui

219 1778 321 1858 (nisi)
342 1800 427 1852 usus,
461 1793 599 1857 sequente
629 1791 681 1839 eut
701 1781 881 1856 praecedente
899 1779 1010 1851 futuro;
1043 1799 1080 1838 ex
1102 1797 1160 1853 quo
1181 1797 1293 1854 genere

221 1894 250 1943 et
270 1886 341 1944 illud
362 1897 407 1944 est
428 1888 506 1963 apud
528 1885 697 1946 Ciceronem
719 1887 749 1943 in
771 1887 856 1943 Verr.
878 1885 939 1955 IV,
963 1887 1015 1944 39:
1036 1883 1194 1942 moriere
1215 1883 1290 1942 vir-

219 1991 294 2066 gis,
315 1991 387 2048 nisi
409 1992 497 2049 mihi
518 1991 659 2067 signum
685 1991 849 2048 traditur
874 1989 938 2064 (cfr.
960 1991 986 2062 1,
1010 1991 1064 2058 32,
1088 1989 1139 2062 82)
1163 1999 1193 2046 et
1215 1991 1291 2048 alte·

222 2115 286 2152 rum
315 2115 352 2153 ex
385 2097 518 2154 cretione
547 2097 583 2154 de
611 2115 680 2172 rege
707 2095 910 2155 Alexandrino
941 2103 1089 2152 serratum
1114 2093 1289 2164 (Scholiest.

221 2199 314 2258 Cicer.
336 2201 371 2258 ed
395 2201 485 2262 Orell.
508 2203 549 2260 ΙΙ.
578 2222 608 2278 p.
634 2206 722 2276 351):
750 2221 819 2258 non
850 2199 974 2276 patiar
1000 2200 1091 2256 hanc
1118 2200 1293 2257 exaudiri

221 2324 345 2364 vocem
367 2308 471 2365 huius
494 2306 655 2384 imperii:
683 2308 759 2382 Ego
778 2315 831 2377 te,
853 2305 924 2363 nisi
947 2305 1009 2366 las
1031 2304 1192 2378 aliquid,
1223 2305 1292 2361 ho·

220 2419 323 2483 stem,
347 2412 484 2488 siquid
508 2413 674 2483 dederit,
704 2408 824 2487 legem
855 2425 890 2467 et
921 2409 1057 2467 socium
1081 2418 1114 2464 et
1136 2408 1291 2466 amicum

221 2515 412 2587 iudicabo,
442 2525 471 2574 et
492 2518 570 2594 apud
596 2517 710 2574 Livium
733 2518 790 2574 hoc
810 2535 848 2574 ex
869 2515 929 2587 VI,
956 2520 1012 2586 15,
1035 2519 1073 2574 6:
1096 2513 1190 2590 quod
1213 2513 1290 2570 nisi

219 2619 324 2691 lacis,
423 2621 458 2678 in
480 2621 664 2687 vinclate
692 2621 773 2678 duci
800 2621 944 2681 iubebo.
988 2621 1057 2678 Non
1081 2627 1211 2676 mutetur
1231 2636 1293 2688 res,

219 2725 374 2783 substituto
408 2742 463 2800 pro
496 2723 595 2782 futuro
627 2725 802 2802 imperativo
826 2735 1002 2802 exspecta
1035 2735 1085 2782 eut
1118 2723 1220 2794 simili,
1255 2733 1292 2780 ut

219 2829 412 2900 XXXVIII,
438 2831 484 2898 14,
511 2830 562 2886 12:
593 2829 802 2906 Quingeute
824 2832 968 2890 talentu
987 2831 1060 2888 nisi
1080 2829 1207 2886 triduo
1228 2846 1290 2884 nu·

220 2953 346 3005 meres,
368 2933 646 3011 populationem
668 2937 703 2994 in
727 2937 828 3012 egris
856 2977 884 2996 ..
912 2943 1101 3010 exspecta.

306 3037 379 3114 Cap.
419 3041 477 3108 34,
513 3041 531 3096 9
564 3048 593 3094 et
618 3042 654 3096 10
688 3041 729 3112 (in
752 3044 885 3100 oratione
908 3042 946 3098 Τ.
968 3039 1096 3114 Quinctii
1117 3039 1165 3098 M:
1189 3038 1289 3096 Acilio

221 3145 380 3216 suadentis,
402 3164 438 3202 ne
459 3145 489 3201 in
510 3145 660 3220 Naupacti
684 3147 903 3222 oppugnatione
924 3147 1059 3222 perstet):
1080 3143 1197 3218 Atqui
1217 3161 1289 3200 non

219 3259 361 3308 tuntum
386 3249 542 3308 interest
575 3259 724 3320 nostre,
746 3251 954 3310 AEtolorum
992 3268 1078 3326 opes
1114 3266 1153 3306 ee
1188 3247 1290 3306 vireo

219 3354 340 3426 minui,
363 3365 532 3430 quantum
555 3374 624 3412 non
652 3373 766 3432 supra
796 3357 937 3414 modum
966 3355 1176 3430 Philippum
1208 3371 1288 3410 cre·

218 3477 342 3530 scere,
372 3469 407 3516 et
427 3461 595 3519 victorine
616 3469 686 3518 tum
706 3461 895 3536 premium
918 3471 952 3519 te
974 3461 1184 3533 militesque
1205 3467 1290 3515 tuos

218 3565 373 3622 nondum
397 3567 485 3622 duas
506 3567 635 3636 urbes,
668 3566 881 3642 Philippum
912 3573 968 3622 tot
987 3573 1114 3638 gentes
1136 3563 1291 3623 Graeciae

217 3669 363 3728 habere.
393 3671 466 3729 Haec
488 3672 558 3746 quid
580 3673 722 3730 heberent
733 3671 763 3728 in
772 3669 993 3739 sententiavitii‚
1008 3687 1097 3744 quum
1109 3669 1193 3728 hum.
1206 3667 1288 3726 Bek-

217 3774 304 3833 lrems
326 3775 538 3852 perspexisset,
566 3785 744 3850 postremum
766 3785 879 3852 pertem
911 3775 977 3832 inde
999 3793 1018 3832 a
1038 3773 1135 3831 verbis
1158 3784 1193 3831 et
1213 3774 1287 3832 vic-

217 3879 320 3938 toriae
342 3890 409 3939 tue
424 3879 577 3938 delendam
589 3880 967 3958 significeviteuiusiudicii
974 3897 1092 3938 causam
1099 3879 1290 3956 Kreyssigiua

218 3993 247 4037 et
266 3982 521 4042 Weissenbomiua
545 3983 618 4042 adeo
649 4005 707 4044 non
738 3985 951 4058 intellexerunt,
967 3995 999 4044 ut
1014 3985 1131 4044 omuino
1153 4003 1194 4057 ee,
1215 3985 1288 4060 quid
