2800 4646
271 279 329 330 Lib.
346 277 473 328 XXXIV.
776 281 835 336 400

273 481 348 522 esse.
392 465 536 540 Apparet,
558 459 740 518 scribendam
765 478 841 518 esse:
861 462 992 520 Patres
1014 461 1145 532 nostri,
1167 477 1272 536 quum
1293 460 1326 522 lt

272 568 454 645 Hispania
486 565 852 641 Carthaginiensium
881 575 916 624 et
942 567 1186 644 imperatores
1210 575 1245 622 et
1273 583 1328 622 ex·

243 721 245 726 .
271 676 412 734 eroitus
434 681 557 732 essent
577 681 632 733 eto.
685 670 781 744 Quum
803 673 971 748 praeposido
1000 683 1068 750 post
1087 671 1213 730 litteram
1237 691 1280 740 ι,
1299 681 1331 728 ut

271 801 358 859 saepe,
375 779 576 850 intercidisset,
598 777 727 834 additum
750 789 795 836 est
814 779 874 838 ibi.
917 781 956 838 Et
976 781 1011 838 in
1033 779 1146 838 eratin
1160 778 1331 836 editionibus

271 897 340 946 ente
371 885 575 955 Gronovium,
608 885 660 942 sed
687 902 774 959 quum
807 884 894 943 mmul
924 886 978 944 ibi
1009 887 1193 954 retineretur,
1226 883 1332 942 vitiosa

271 995 362 1052 fiebet
379 992 482 1052 oratio.
526 993 691 1062 Postremo,
712 1009 749 1048 ne
771 991 840 1066 quid
867 992 1020 1062 reticeam,
1045 992 1096 1050 vix
1124 992 1234 1062 dubito,
1263 991 1331 1066 quio

272 1099 374 1158 Livius
401 1098 450 1168 (de
482 1117 514 1155 re
540 1097 695 1173 imperiose
716 1096 890 1174 efflagitata)
920 1098 1080 1174 scripserit:
1106 1107 1225 1156 tamen
1247 1096 1331 1159 assl

271 1208 338 1264 hoo
360 1206 395 1262 io
416 1203 568 1262 foedere
589 1203 798 1274 voluerunt,
824 1223 882 1262 non
905 1205 1049 1262 addere.

356 1309 428 1387 Cep.
454 1314 501 1381 15,
523 1313 540 1368 3
564 1311 607 1385 (ἰιι
628 1311 795 1368 numenius
816 1329 921 1387 pugnae
935 1321 1037 1368 eontra
1057 1309 1239 1386 Hispanos):
1264 1311 1331 1371 Ubi

273 1417 394 1476 omnia
415 1415 502 1492 fuga
524 1415 708 1492 complete
729 1415 824 1474 vidit
845 1416 947 1489 Cato,
969 1417 1046 1492 ipse
1070 1415 1113 1472 ed
1134 1416 1331 1473 secundam

272 1524 470 1600 legionem,
500 1541 575 1597 quse
605 1521 640 1579 in
662 1522 827 1580 subsidio
849 1523 975 1598 posits
1004 1531 1098 1592 erat,
1120 1539 1211 1596 equo
1232 1541 1331 1579 reve·

272 1630 372 1687 hitur
407 1638 441 1686 et
476 1627 581 1704 signa
618 1647 690 1704 pre
721 1647 759 1686 se
791 1628 881 1687 ferri
916 1629 1099 1705 plenoque
1137 1629 1251 1704 gradu
1291 1630 1331 1686 ad

273 1745 396 1793 eastra
418 1735 577 1792 hostium
602 1735 850 1810 oppugnanda
876 1736 1073 1794 succedere
1094 1734 1203 1790 iubet
1246 1735 1331 1792 Nun·

273 1859 361 1916 qoam
384 1839 451 1915 legi,
473 1858 562 1914 quum
583 1839 611 1896 in
633 1841 746 1898 hostem
768 1841 890 1898 eundem
912 1851 996 1911 esset,
1016 1859 1073 1898 non
1098 1841 1186 1898 modo
1205 1841 1330 1917 impere-

273 1957 365 2004 torem
387 1947 471 2021 signa
491 1963 562 2020 pree
582 1963 619 2002 se
640 1944 731 2003 ferri
761 1947 831 2012 thoe
860 1955 904 2006 est
925 1947 1098 2017 necessario,
1125 1967 1184 2022 pre
1205 1947 1331 2024 impera·

272 2051 349 2129 tore)
370 2051 497 2121 iussisse,
518 2051 597 2125 quod
619 2059 712 2108 totum
734 2052 884 2111 ridiculum
908 2063 961 2124 est,
989 2054 1039 2110 sed
1061 2073 1097 2111 ne
1118 2053 1247 2129 legiones
1267 2053 1330 2128 qui-

273 2160 339 2216 dem
361 2167 390 2216 et
411 2158 543 2216 cohortes
565 2156 670 2232 signe
698 2159 944 2232 praeseferre
971 2159 1079 2230 iusses3
1108 2159 1212 2235 signe
1240 2159 1329 2217 ferri

274 2265 409 2324 iubentur
429 2283 522 2338 enque
540 2263 648 2320 locutio
670 2264 819 2340 permultis
850 2265 927 2323 Livii
956 2265 1027 2324 loeis
1054 2267 1175 2343 legitur3
1207 2266 1333 2341 quinque

275 2371 408 2447 exempla
437 2369 519 2427 debit
550 2369 808 2428 Drakenborehius
836 2369 874 2428 ad
905 2371 1047 2439 XXVII,
1081 2376 1135 2443 47,
1168 2374 1196 2441 8,
1230 2373 1333 2447 quihus

274 2477 360 2553 plure
380 2475 448 2534 addi
468 2485 591 2552 possunt
620 2485 668 2544 (ut
690 2475 848 2546 XXXIII,
874 2479 907 2548 7,
939 2477 1077 2549 XXXV,
1097 2480 1147 2549 27,
1173 2481 1227 2548 163
1250 2479 1332 2542 XLI,

276 2586 304 2655 3,
328 2585 345 2642 8
368 2583 397 2640 ἱη
418 2582 578 2640 narrando:
601 2580 723 2639 ferunt
744 2582 849 2639 citati
871 2581 989 2658 signa;
1021 2584 1079 2653 IX,
1102 2586 1260 2661 teipsum
1283 2585 1332 2642 im·

274 2689 385 2765 perium
407 2687 538 2765 ponitur:
559 2687 654 2746 ferte
674 2687 782 2763 signa
803 2687 838 2744 in
859 2688 1026 2760 hostem).
1081 2689 1185 2766 Itaque
1216 2691 1332 2748 dubium

275 2814 333 2853 non
355 2803 408 2864 eet,
438 2793 507 2868 quin
537 2795 592 2852 hoo
620 2795 685 2853 loeo
715 2805 881 2869 corruptum
915 2795 953 2852 sit
984 2814 1055 2871 pree
1085 2813 1128 2856 ee.
1172 2796 1333 2873 smpsem

275 2900 390 2958 Livius:
423 2899 528 2974 elgae
550 2919 704 2982 propere
726 2899 818 2957 ferri
840 2901 1095 2977 (quemadmodum
1119 2902 1263 2973 XXXV,
1286 2903 1332 2963 29,

279 3007 314 3063 12
349 3005 454 3080 signu
488 3005 590 3064 ooius
622 3005 713 3064 ferri
746 3007 880 3064 iubentur
906 3017 935 3065 et
957 3007 1082 3078 XLl,3
1112 3008 1196 3084 signa
1228 3005 1332 3064 eitati

274 3110 381 3184 ierunt)
399 3106 428 3189 ¹)

359 3215 431 3293 Cap.
455 3217 504 3286 2³,
529 3219 547 3274 2
577 3218 641 3288 (ubi
667 3227 804 3276 narretur
832 3219 869 3276 de
890 3227 1031 3276 conventu
1055 3218 1232 3294 legationum
1266 3217 1332 3276 oiri·

276 3332 368 3382 tatum
390 3322 559 3382 Graeoarum
582 3344 601 3382 a
621 3326 658 3384 Τ.
678 3325 814 3398 QuInotio
836 3323 967 3383 Corinthi
989 3325 1089 3382 habito
1111 3324 1149 3381 ed
1171 3323 1332 3382 deliberen-

276 3430 343 3488 dum
377 3430 413 3487 de
439 3423 517 3488 bello
548 3439 650 3488 eontra
677 3431 823 3489 Nabidem
846 3429 1126 3506 Laoedaemoniunrlr
1147 3431 1262 3504 Quum
1284 3429 1332 3486 le·

275 3547 383 3610 gatus
425 3535 726 3606 Atheniensium,
778 3547 947 3612 quantum
993 3545 1155 3613 poterat,
1202 3535 1333 3612 gratiis

279 3702 438 3711 --—.-.

296 3795 321 3866 ¹)
345 3799 410 3866 Cap.
429 3807 471 3863 20,
491 3806 506 3850 2
526 3803 686 3852 scribendum
705 3812 779 3868 puto:
803 3803 1021 3868 conscientia,
1049 3804 1119 3851 dum
1139 3803 1255 3852 eonsul
1275 3840 1281 3855 .
1301 3835 1330 3850 ..

347 3903 434 3945 esset
453 3895 511 3959 (pro
531 3899 590 3954 ost)
604 3904 803 3960 occupatus,
822 3895 1117 3960 depopulatorum.
1138 3929 1144 3943 .
1164 3895 1330 3944 sociorum.

346 3985 436 4051 Neque
454 3987 521 4036 euim
541 3989 572 4035 ad
591 3987 659 4037 hano
677 3987 801 4037 orationis
819 3996 845 4035 et
861 3987 994 4037 sententiae
1010 3986 1127 4046 formem,
1145 4001 1202 4050 qne
1215 3987 1246 4036 de
1265 3987 1330 4034 dum

347 4079 446 4142 proprie
464 4077 653 4142 praecipiuntur,
674 4079 800 4143 pertinere
817 4078 941 4128 ridentur.
