2826 4650
615 289 652 344 43
1029 284 1086 334 Lib.
1106 283 1127 332 Ι.

186 469 279 547 'Cam
302 472 351 540 25,
374 473 409 528 9:
440 481 510 528 tum
541 469 714 538 clamore,
747 471 867 543 qualis
900 489 941 526 ex
973 469 1163 544 insperato

93 577 307 636 faventium
339 577 447 646 solet,
480 576 632 636 Romani
666 575 842 633 adiuvant
871 577 1020 634 militem
1053 593 1161 632 suum.

94 685 222 742 Excidit
243 685 317 742 inter
339 685 459 759 qualis
481 694 509 741 ct
532 703 589 752 ex,
623 681 701 757 quod
722 682 802 739 nullo
824 683 910 739 modo
937 680 1038 738 abesse
1057 687 1163 753 potest,

95 807 192 846 esse.
249 789 352 862 Neque
374 791 449 848 enim
472 790 576 848 Latine
603 788 720 846 dicitur:
751 788 883 846 adiuvo
912 786 1068 860 aliquem
1093 784 1163 842 clu-

95 913 217 963 sum-e,
251 894 370 968 qualis
398 896 553 954 victoris
585 895 693 964 solet3
724 894 780 951 dici
809 894 906 968 aliquo
936 893 1023 950 modo
1053 901 1163 967 potest:

97 999 272 1056 exoritur
303 997 453 1063 clamor.
491 1001 610 1076 qualis
644 1000 796 1057 victoris
826 999 935 1069 solet,
966 1009 996 1055 ut
1028 998 1164 1056 audiatur

99 1105 260 1174 exoriri,
293 1105 346 1162 etsi
369 1106 502 1164 usitatius
523 1119 580 1164 cst:
612 1106 732 1181 qualis
763 1125 781 1162 a
809 1106 950 1162 victore
970 1103 1066 1160 solet
1098 1115 1162 1160 eutr

100 1211 227 1286 qualis
249 1212 404 1268 victoris
434 1231 513 1270 esse
541 1212 650 1282 solet,
684 1223 716 1268 ut
737 1231 762 1272 c.
786 1213 839 1281 29,
863 1213 895 1268 2:
931 1229 999 1267 non
1022 1209 1163 1284 quidem

100 1317 178 1375 init
213 1318 389 1376 tumultus
427 1319 505 1388 illc,
538 1318 657 1393 qualis
689 1327 875 1392 captarum
912 1335 991 1374 esse
1023 1315 1163 1374 urbium

101 1425 210 1502 solet.
255 1425 368 1482 Eodem
389 1425 477 1483 modo
499 1425 605 1482 excidit
626 1443 704 1481 csse
725 1424 755 1481 in
776 1423 850 1480 libro
873 1423 957 1492 XLI,
981 1428 1026 1494 10,
1049 1425 1066 1479 2
1089 1402 1175 1478 interx

102 1532 305 1602 exercitus,
333 1532 478 1589 excivit

191 1637 264 1712 Cap.
288 1639 342 1708 tt,
369 1643 378 1694 l
406 1638 483 1712 quod
508 1638 621 1695 codices
645 1637 841 1712 editionesque
873 1637 992 1694 habent:
1024 1633 1165 1692 invidia

103 1744 222 1818 vulgi,
257 1743 351 1818 quod
375 1745 492 1801 tribus
514 1743 691 1801 militibus
712 1743 862 1800 fortuna
891 1741 1039 1819 publica
1071 1757 1164 1798 com·

104 1851 217 1908 missa
238 1848 366 1918 luerit,
398 1867 525 1906 venum
557 1849 737 1924 ingenium
767 1849 961 1907 dictatoris
985 1847 1164 1922 corrupit,

104 1955 207 2012 Livius
231 1955 358 2013 scribere
379 1975 437 2012 non
469 1955 577 2031 potuit3
611 1973 664 2012 nec
696 1955 786 2014 ullum
809 1955 967 2031 reperietur
998 1953 1162 2028 exemplum

102 2060 226 2138 perfecti
249 2061 421 2120 coniunctivi
444 2061 529 2137 positi
551 2062 580 2118 in
601 2061 765 2119 huiusmodi
787 2061 928 2118 sententia
942 2061 980 2116 ad
997 2059 1163 2135 primarium

103 2167 243 2243 prater-iti
276 2165 413 2242 temporis
446 2166 616 2224 sententiam
642 2167 778 2224 adiuncta
803 2168 839 2223 de
869 2187 901 2224 rs
923 2175 989 2222 ante
1019 2175 1084 2222 acta
1110 2183 1165 2239 pro

175 2497 292 2554 iussit,
312 2495 399 2545 multis
418 2495 553 2544 multorum
573 2497 725 2545 conicetur-is
745 2501 842 2542 tentata
861 2493 1058 2558 (nupcrIIcrtzii
1077 2493 1167 2540 admo·

176 2589 236 2638 dum
255 2597 280 2638 et
299 2591 407 2648 audaci,
432 2589 511 2638 tribus
529 2589 681 2637 accusativis
700 2597 846 2636 neutrorum
867 2587 892 2634 iu
911 2587 1035 2636 ablativos
1054 2585 1165 2642 mutatis,

177 2691 203 2731 et
221 2681 348 2744 Inimici),
371 2681 468 2730 nullam
487 2683 655 2730 mutationem
673 2689 718 2730 aut
734 2695 840 2744 poscere
855 2689 900 2728 sut
918 2681 1029 2742 recipere
1047 2677 1163 2726 arbitror.

178 2773 279 2824 Circa
298 2775 401 2824 densa
419 2773 528 2822 obsita
546 2772 695 2834 virgulta
713 2772 752 2834 [in
770 2774 826 2822 dem
846 2773 909 2822 uber
927 2773 973 2820 das
990 2771 1095 2822 Torrain
1113 2784 1166 2818 zcr-

177 2877 291 2916 strcuten
310 2865 431 2916 Gcbtisuh
449 2865 547 2926 umber)
566 2865 653 2914 Livius
672 2865 736 2913 dixit
753 2867 842 2914 codem
863 2865 956 2924 modo,
981 2879 1031 2928 quo
1061 2863 1112 2922 IX,
1132 2867 1164 2912 25

177 2961 432 3008 coniurationes
451 2955 764 3022 circaCampaniam
785 2959 902 3022 passim
922 2957 1067 3007 luctnsct
1079 2955 1165 3014 XXV,

177 3055 298 3102 sciron
316 3053 387 3102 vias
408 3053 594 3100 discurrere
613 3049 667 3113 (clr.
686 3049 785 3108 XXIV,
804 3056 829 3108 3,
848 3049 947 3109 XXXI,
967 3056 982 3098 3
1001 3059 1025 3097 et
1044 3051 1087 3108 8);
1115 3049 1165 3096 ob·

177 3146 243 3196 sita
262 3155 347 3194 autem
365 3145 514 3206 virgulta
532 3144 581 3191 dici
600 3143 725 3208 potuisse,
749 3142 841 3203 quibus
860 3141 941 3190 solum
960 3141 1069 3190 obsitum
1089 3153 1164 3200 essct,

177 3239 225 3288 etsi
245 3237 316 3287 uullo
335 3237 410 3285 bulas
429 3236 507 3300 ipsius
525 3237 595 3286 verbi
619 3235 737 3300 exemplo
756 3233 915 3292 dcicnditur,
939 3235 1056 3296 proxima
1081 3243 1166 3282 tamen

177 3331 297 3380 subvenit
315 3331 416 3393 cognati
436 3329 505 3380 verbi
524 3329 676 3388 similimum
707 3341 765 3376 nam
785 3341 862 3389 quum
881 3325 959 3387 vulgo
976 3329 1074 3376 conseri
1093 3327 1164 3378 locus

178 3425 313 3474 arboribus
331 3425 443 3482 dicatur,
472 3433 556 3472 tamen
583 3437 634 3470 uon
658 3421 739 3470 solum
764 3418 830 3468 (luto
848 3429 873 3468 ct
891 3419 1009 3470 Tibullus
1031 3421 1116 3470 ritus
1141 3429 1167 3470 ot

177 3531 301 3580 pomum
321 3529 505 3574 conserere,
535 3513 686 3580 seduLivius
704 3513 757 3576 ipse
783 3511 833 3576 (X.
853 3517 899 3572 st)
927 3513 1074 3562 arborem
1094 3527 1166 3562 con-

177 3622 287 3658 sercre
312 3607 385 3659 dixit.
430 3606 545 3657 Obsita
563 3615 647 3656 auteur
666 3605 844 3670 potiusquam
865 3605 990 3654 consita
1009 3605 1034 3658 h.
1047 3603 1165 3672 lposuit,

178 3710 206 3748 ut
223 3700 317 3765 passim
337 3715 425 3764 sparsa
448 3708 474 3748 et
497 3709 658 3764 prospectum
677 3697 813 3746 adimentia
830 3696 1037 3760 intelligerentur.
1089 3697 1165 3748 Sinti-

177 3793 236 3840 liter
255 3791 331 3840 etiam
352 3791 503 3841 obmoliri
528 3792 615 3841 Livius
633 3789 778 3848 XXXVII,
802 3794 851 3849 st,
872 3793 885 3838 7
906 3790 937 3838 de
956 3789 1013 3838 loco
1032 3788 1096 3836 dixit
1114 3789 1163 3852 (ud

178 3885 403 3944 obmoliends,
434 3899 500 3948 quas
531 3884 636 3934 ruinis
668 3891 774 3932 strata
804 3883 924 3946 crant);
956 3881 1037 3944 magis
1065 3885 1165 3946 proprie

177 3977 282 4026 dixisset
303 3977 342 4025 ad
366 3976 575 4026 obmolicuda
597 3975 829 4040 impedimenta
847 3975 923 4039 (taxa
942 3974 1023 4024 aliave
1042 3973 1074 4025 iis
1092 3976 1165 4036 locis,

177 4083 235 4132 qun
252 4069 332 4120 ruinis
348 4075 429 4120 stratu
446 4071 541 4133 eruut).
