2826 4650
298 209 353 259 Lib.
373 208 407 258 11.
774 214 812 268 64

264 395 464 468 quentissime‚
503 414 561 470 qus
583 397 732 470 premisso
757 415 820 453 cum
843 394 1045 472 prepositione
1066 395 1174 451 nomini
1195 381 1327 466 cinerei,

264 518 328 574 quae
349 501 538 576 comparendi
562 519 651 558 cause
671 501 802 578 ponitur,
831 521 936 567 uonren
958 501 1019 556 eins
1043 501 1093 570 rei,
1117 501 1153 557 de
1174 520 1233 575 que
1254 520 1326 558 vere

263 607 366 683 egitur,
389 607 451 664 sine
473 607 675 684 praepositione
705 607 870 681 adiungitur
898 599 1022 686 (ὥσπερ
1043 608 1076 677 ἐξ
1106 595 1325 685 dupondium

264 713 309 770 vei
321 704 431 791 ὥσπερ
450 715 482 786 ἐξ
498 707 665 794 iudicatos
681 701 965 788 τοὺἸανικόλου),
986 713 1201 788 scripseritque:
1223 713 1327 770 velut

264 821 308 874 eb
333 838 414 876 erce
438 821 607 878 Ianiculo
636 821 737 878 eodem
759 820 919 895 significatu
953 838 988 876 ec
1017 820 1040 876 si
1066 819 1240 893 scripsisset:
1275 822 1325 877 eb

263 924 431 982 laniculo
461 927 562 984 velut
595 927 662 1001 (eb)
690 945 781 988 erce.
842 927 890 986 Sic
921 927 996 984 enim
1025 926 1167 982 interdum
1201 927 1324 983 Latinos

264 1030 379 1104 optimre
401 1033 494 1089 aetetis
516 1032 670 1108 scriptores
694 1033 819 1102 dixisse,
850 1042 959 1090 utnon
980 1033 1086 1101 multis,
1107 1032 1149 1089 itu
1170 1033 1255 1090 certis
1278 1041 1324 1089 ta-

264 1155 329 1193 men
352 1138 490 1213 exemplis
516 1138 627 1195 ostendi
651 1147 763 1214 potest;
786 1139 1031 1214 opportunissime
1052 1151 1147 1195 eutem
1170 1139 1324 1195 mutationi

265 1252 326 1312 epat
354 1244 447 1317 figura
485 1245 600 1301 minime
632 1255 801 1320 pervagata.
857 1243 959 1302 Cicero
991 1245 1079 1302 Tusc.
1114 1244 1150 1314 V,
1176 1245 1233 1314 32,
1268 1246 1324 1301 90:

265 1348 387 1420 Quare
420 1358 456 1404 ut
483 1351 526 1406 ed
553 1351 713 1424 quietum
744 1349 960 1421 merenies,
992 1351 1047 1407 hoc
1069 1357 1126 1423 est,
1149 1351 1191 1407 ed
1213 1369 1264 1406 me
1288 1359 1325 1406 ut

265 1454 332 1526 (ed)
352 1454 509 1528 quietum
532 1446 587 1528 (uic
610 1447 696 1535 πρὸς
718 1447 843 1539 σχολήν
864 1446 991 1538 tiyorra'
1013 1479 1070 1535 με,
1094 1475 1271 1531 quemquem
1293 1457 1325 1512 in

265 1559 384 1628 Grecis,
407 1579 472 1635 quae
491 1559 592 1619 Cicero
616 1563 710 1632 vertit,
732 1564 820 1638 paulo
850 1563 992 1620 diductius
1015 1563 1163 1620 scribitur:
1195 1551 1238 1628 oie
1259 1547 1325 1622 οὖν

265 1655 408 1747 ἄγοντός
429 1687 498 1745 μου
521 1659 643 1748 σχολήν
665 1653 712 1728 niv
733 1669 765 1728 οἱ
787 1668 938 1731 πλεῖστοι
956 1672 1069 1728 ἕνεκεν
1084 1655 1323 1748 ιιόχολοὺντιιι,

264 1773 460 1855 παραγίνου
482 1766 568 1852 πρός
589 1777 656 1853 με).
705 1775 787 1833 Idem
809 1777 845 1834 de
867 1797 927 1852 rep.
950 1776 999 1832 111
1021 1775 1054 1834 lr.
1087 1779 1120 1831 l:
1156 1793 1223 1831 non
1247 1785 1283 1830 ut
1305 1795 1324 1830 a

265 1891 377 1936 matre
399 1881 460 1936 sed
482 1889 518 1936 ut
540 1899 559 1936 a
580 1900 735 1939 noverca
757 1892 887 1940 natura
910 1883 1057 1951 editum,
1079 1883 1134 1938 hoc
1149 1891 1206 1936 est:
1228 1899 1247 1936 e
1263 1899 1323 1936 na·

264 1996 345 2042 tura
365 2005 434 2042 non
456 1994 492 2041 ut
513 2005 531 2042 a
554 1996 665 2042 matre
689 1988 750 2043 sed
773 1997 809 2044 ut
831 2007 850 2044 e
870 2008 947 2068 nor.
971 1976 1043 2068 (οὐχ
1066 1979 1178 2065 ὥσπερ
1201 1987 1237 2046 ἐκ
1252 2008 1322 2066 ,ιι-η-

264 2081 344 2171 ιρός
365 2078 437 2150 a'tt’
461 2091 495 2150 ἐκ
506 2089 673 2170 μητρυιᾶς
689 2090 750 2173 epe
765 2081 915 2171 φύσεως).
943 2092 1065 2152 Ovidius
1079 2093 1160 2168 epist.
1176 2093 1322 2166 (Heroid.)

263 2197 350 2266 VIIL
378 2201 446 2254 110:
488 2197 637 2272 Quoque
663 2199 768 2270 licet,
800 2201 896 2276 fugis
923 2201 1017 2256 sicut
1039 2199 1081 2254 ab
1102 2199 1206 2254 hoste
1233 2198 1322 2266 viro,

262 2303 292 2358 id
324 2315 384 2359 est:
420 2323 438 2359 e
469 2304 547 2360 viro
586 2305 681 2363 sicut
713 2308 755 2363 sb
789 2308 900 2364 hoste.
961 2306 1029 2380 Ipse
1065 2305 1187 2378 denique
1220 2305 1322 2361 Livius

263 2408 423 2478 xxxix,
459 2411 515 2480 28,
552 2415 603 2467 il:
639 2412 816 2469 Eumenes
838 2421 1006 2486 tanquam
1039 2411 1081 2466 nd
1103 2407 1321 2468 Antiochum

263 2513 502 2590 spoliantium
524 2535 575 2573 me
597 2519 714 2588 venit,
737 2517 786 2573 ubi
801 2516 1056 2574 Drakenborchius
1078 2515 1209 2573 ecodice
1223 2515 1322 2572 infimo

264 2629 364 2676 contre
386 2631 496 2678 ceteros
518 2641 617 2679 omnes
640 2623 734 2680 dedit:
769 2633 941 2696 tanquam
964 2623 1006 2678 ed
1028 2621 1249 2680 Antiochum
1279 2622 1322 2677 ed

263 2726 495 2801 spoliandum
520 2747 571 2784 me
593 2729 709 2798 venit3
739 2729 897 2785 sedetiam
920 2729 1154 2804 spoliandum
1178 2725 1322 2782 edAntio-

263 2832 347 2888 chum
369 2832 500 2906 pertinet,
522 2834 577 2890 heo
601 2828 756 2892 sententie:
779 2835 822 2891 ad
844 2853 910 2904 me,
932 2844 1106 2908 tanquam
1129 2831 1173 2888 ad
1194 2831 1322 2888 Antio·

263 2937 379 3006 chum,
402 2939 640 3012 spoliandum.
683 2940 949 3010 (Weissenbornius
971 2939 1174 3014 spoliatum
1196 2937 1323 2994 scriben-

263 3043 330 3099 dum
353 3042 482 3113 coniicit;
506 3045 609 3101 deinde
632 3045 670 3101 nd
693 3045 822 3103 codicum
844 3047 1015 3120 scripturam
1043 3043 1167 3101 fortasse
1185 3043 1322 3099 tuendam

263 3149 343 3206 locos
365 3148 477 3222 aliquot
499 3149 637 3206 adscribit
658 3151 695 3206 ab
717 3152 773 3209 hec
794 3171 825 3208 re
852 3151 1055 3220 alienissimos,
1088 3158 1134 3220 ut,
1159 3149 1228 3224 quid
1254 3168 1323 3224 ege·

263 3265 350 3325 retur,
372 3273 436 3312 eum
460 3273 517 3312 uon
540 3255 778 3315 animadvertisse
799 3250 1000 3334 apparent.)¹)
1034 3255 1091 3314 Sed
1110 3273 1167 3328 quo
1189 3253 1323 3310 dubiten-

264 3360 319 3417 tius
349 3360 378 3416 in
408 3363 463 3418 hoo
490 3362 555 3419 loco
577 3362 613 3418 de
637 3381 703 3420 mee
723 3363 886 3439 suspicione
908 3361 984 3432 dixi,
1023 3379 1057 3418 eo
1079 3359 1273 3416 vehementius
1297 3369 1325 3414 ct

263 3466 457 3542 indignantius
478 3485 657 3541 conquerar,
688 3470 821 3543 proximo
852 3467 999 3544 superiore
1021 3485 1105 3524 versu
1127 3485 1179 3540 per
1198 3465 1255 3520 duo
1278 3482 1324 3520 se·

264 3572 346 3642 cule,
371 3573 395 3629 si
419 3573 545 3630 Bekkeri
569 3573 721 3630 editionem
748 3573 885 3648 excipias,
910 3573 1024 3629 retineri
1045 3573 1073 3628 in
1098 3571 1171 3628 Livii
1193 3569 1324 3627 oratione

283 3821 307 3889 ¹)
332 3825 408 3890 Apud
428 3823 560 3873 Platonem
581 3826 613 3872 de
635 3825 714 3887 Legg.
730 3824 765 3884 ΙΙ,
796 3829 845 3872 639
864 3825 895 3883 Β,
915 3824 956 3872 ubi
976 3824 1070 3872 editur:
1095 3820 1123 3874 ἐν
1147 3825 1205 3882 τοῖς
1224 3819 1324 3882 δεινοῖς

332 3913 387 3970 ὑπὸ
405 3913 493 3983 μέθης
510 3917 561 3968 τοῦ
582 3912 675 3986 φόβου
692 3917 810 3986 ναυτιᾷ,
842 3917 1002 3965 scribendum
1028 3925 1078 3964 eet:
1108 3909 1144 3975 ὡς
1161 3908 1216 3966 ὑπὸ
1234 3910 1324 3978 μέθης

331 4011 380 4062 τοῦ
400 4005 492 4077 φόβου
513 4009 622 4079 ναυτιᾷ,
641 4010 732 4057 timore
752 4017 873 4070 tanquam
893 4008 1021 4056 ebrietete.
