2800 4646
309 285 481 338 Liaxxln.
783 285 843 344 288

367 469 465 546 *Cap
491 473 538 540 40,
564 471 582 526 9
605 469 654 542 (de
675 469 713 528 T.
736 466 849 524 Manlio
870 465 900 523 in
922 466 1059 526 Sardinia
1080 477 1183 527 contra
1207 471 1344 528 Hasdru-

283 577 379 635 balem
411 552 518 633 bellum
547 571 693 652 gerento):
722 572 844 630 Primo
874 582 1000 630 castra
1029 574 1167 631 castris
1195 577 1346 635 modico

282 681 488 740 intervallo
520 687 605 737 sunt
636 679 795 748 obiecta,
833 677 1006 753 deinceps
1034 682 1347 753 procursationes

283 787 382 844 levia
408 785 610 844 certamina
640 783 746 840 vario
777 791 907 840 aventu
936 783 1043 851 inita;
1072 793 1257 858 postremo
1291 788 1347 844 de-

282 867 452 950 scensum
481 889 516 946 in
548 889 668 946 aciem.
712 887 761 946 Sic
784 888 898 945 codices
932 886 1152 963 (Pollicens,
1182 889 1262 964 cet);
1296 893 1347 949 sed

283 1015 378 1071 neque
400 994 574 1070 deinceps
595 994 625 1050 in
641 992 857 1050 enumeratione
871 992 946 1049 intar
966 993 1082 1068 primo
1105 1003 1134 1050 et
1157 1003 1346 1070 postremo

282 1101 409 1178 positum
432 1099 491 1156 ulla
514 1099 626 1156 ratione
648 1097 745 1155 ullove
767 1097 901 1172 exemplo
923 1095 1105 1168 defenditur,
1136 1117 1230 1173 neque
1256 1119 1346 1178 asyn-

282 1207 370 1264 deton
414 1203 751 1280 (procursationes,
794 1203 1005 1269 certamina,
1050 1203 1150 1261 addito
1183 1209 1345 1280 presertim

284 1312 367 1370 alteri
387 1309 498 1368 nomini
519 1308 679 1376 adiectivo)
701 1307 771 1366 ferri
793 1317 899 1384 potest,
921 1327 1015 1383 neque
1036 1309 1347 1383 procursationes

281 1418 468 1485 ineuntur,
499 1414 549 1471 sed
579 1413 747 1484 certamina,
780 1432 902 1488 quorum
923 1413 980 1470 illa
997 1415 1180 1472 occasionem
1201 1417 1344 1489 praebent.

282 1520 456 1580 Necessario
478 1519 567 1594 igitur
587 1519 784 1576 scribendum:
822 1520 907 1581 dein
941 1537 1005 1600 per
1034 1520 1345 1593 procursationes

281 1626 381 1683 lavia
401 1625 605 1681 certamina
731 1619 866 1700 inite.¹)

366 1728 440 1804 Cap.
465 1732 513 1798 41,
540 1732 590 1786 ll:
614 1727 756 1804 Appius
778 1726 953 1785 Claudius
975 1727 1180 1785 Messanam
1207 1731 1343 1804 raptim

281 1835 446 1892 exercitu
467 1834 575 1891 ducto
597 1843 760 1906 astuque
782 1851 846 1890 sno
869 1834 1010 1891 Locros
1032 1833 1191 1891 traiecit.
1234 1834 1285 1893 Sic
1315 1837 1344 1892 in

281 1939 429 1998 codicibus
450 1937 594 1999 scribitur.
639 1939 744 2012 Neque
772 1938 842 1994 illud
875 1937 1012 2013 raptim
1043 1939 1209 1996 exercitu
1231 1940 1343 1997 ducto

281 2045 331 2118 (de
359 2023 460 2101 itinere
490 2043 617 2100 terrestri
658 2053 725 2100 ante
762 2042 926 2132 traiectum)
957 2042 1122 2117 copulative
1153 2063 1217 2101 curn
1250 2057 1342 2103 aestu

280 2169 344 2208 suo
374 2150 438 2224 (qui
467 2149 505 2206 ad
526 2148 683 2223 navigandi
708 2147 943 2205 commoditatem
972 2147 1109 2223 pertinet)
1131 2149 1266 2225 coniungi
1289 2171 1342 2226 po-

281 2264 338 2313 test
358 2275 452 2330 neque
473 2256 502 2312 in
516 2253 674 2328 navigandi
694 2253 901 2310 commoditate
922 2252 1112 2327 significanda
1134 2265 1241 2311 astus
1262 2257 1342 2312 solus

281 2359 512 2431 commemorari,
534 2359 643 2416 omisso
664 2365 761 2414 vento.
819 2357 924 2430 ltaque
950 2357 1093 2415 hocloco
1122 2367 1155 2414 ut
1176 2357 1245 2416 alibi
1267 2378 1344 2435 saepe

281 2485 351 2542 quo
372 2467 509 2524 indicium
531 2461 602 2520 facit
623 2463 703 2520 vocis
726 2462 849 2532 omissae,
871 2462 1083 2536 scripseratque
1106 2463 1222 2520 Livius:
1254 2465 1343 2522 Mas·

280 2591 404 2631 sanam
425 2568 558 2644 raptim
581 2567 745 2626 exercitu
769 2567 888 2635 ducto,
920 2563 1056 2642 [vento]
1091 2578 1253 2644 aestuquc
1278 2589 1343 2627 suo

282 2679 421 2734 Locros
440 2673 599 2744 traiecit,
643 2671 741 2730 Causa
762 2671 868 2728 erroris
889 2669 944 2727 init
966 2671 1080 2746 syllaba
1100 2681 1137 2730 to
1167 2675 1225 2731 duo
1248 2676 1344 2733 vicina

280 2781 372 2838 verba
393 2779 538 2836 claudens.
594 2775 737 2852 (AEstus
767 2793 924 2848 summus¹
956 2775 1050 2834 nullus
1072 2787 1132 2848 est3
1167 2789 1212 2837 est
1239 2779 1343 2854 aliquis

280 2885 464 2955 vehemens.)

365 2987 461 3063 *Cap
488 2989 546 3058 42,
572 2989 607 3044 13
638 2987 681 3056 (in
703 2987 834 3043 oratione
859 2985 1031 3044 Samnitium
1055 2989 1093 3044 ab
1117 2989 1285 3046 Hannibale
1306 2989 1344 3045 ad

283 3093 393 3152 Nolam
404 3091 514 3149 sedenti
526 3091 665 3148 auxilium
682 3100 783 3149 contra
794 3091 981 3166 populatores
992 3091 1142 3150 Romanos
1153 3095 1340 3168 petentium:

281 3197 518 3256 Numidarum
558 3213 754 3271 paucorum
797 3195 856 3252 illi
888 3195 1031 3269 quidem
1066 3199 1188 3272 praeda
1225 3207 1344 3266 erunt,

283 3299 689 3378 praesidiumqnemisul
708 3301 1265 3360 nobisetNoloeadcmdemeris.
1295 3303 1344 3363 Sic

283 3408 323 3477 1³3
363 3425 466 3464 manua
496 3407 588 3462 altera
624 3423 713 3480 supra
745 3407 754 3467 l
789 3405 829 3476 (in
870 3405 993 3482 misul)
1020 3427 1046 3468 ιι
1071 3407 1187 3482 scripsit
1207 3417 1237 3464 et
1266 3409 1344 3465 litte·

284 3588 482 3602 ..η-*-

354 3677 494 3726 tironum
514 3691 630 3740 magna
647 3692 686 3726 ox
704 3686 798 3743 parta
817 3685 849 3727 et
868 3693 1045 3730 servornm.
1082 3676 1176 3728 Omissi
1201 3695 1217 3728 a
1238 3678 1343 3727 librario

353 3777 383 3816 et
401 3775 459 3832 post
479 3785 492 3820 e
510 3769 629 3834 exempla
646 3777 706 3818 ante
724 3770 811 3834 porui;
831 3784 852 3818 c.
867 3774 909 3830 ts,
929 3774 944 3817 6
963 3769 1012 3819 iam
1026 3767 1251 3820 Weissenbornius
1265 3769 1344 3832 scrip-

353 3860 398 3910 sit:
417 3860 509 3908 mixti
528 3859 672 3910 Numida
691 3872 724 3911 et
741 3863 887 3926 Hispani.

302 3945 327 4014 ¹)
352 3952 459 4017 Recepit
476 3949 518 4000 W.
