2800 4646
244 285 305 336 Lib.
321 283 437 335 mv.
746 283 805 340 412

159 481 166 493 ’
243 466 784 528 temostmditorso'onisiormset
815 467 937 524 rubent
972 483 1039 522 conr
1074 463 1185 522 ddeetn
1217 481 1293 522 snnn

245 576 349 652 cuique
384 573 515 630 mernbro
549 571 664 632 delum:
693 573 821 632 venire
855 573 905 649 (cx
935 572 1001 648 ipso
1021 571 1161 630 Antiochi
1189 569 1294 646 regno),

245 682 385 740 accitos
406 682 435 750 (e
459 679 620 756 longinque
640 689 669 737 et
689 678 1105 756 peregrinntnntadveni.
1139 679 1295 735 Postremo.

244 785 951 854 mrbetnmhieememnniientumlitexem
977 781 1297 858 qnodBettletetio·

244 913 292 952 res
307 913 362 970 pro
384 903 468 950 ente
489 891 610 949 omnis
630 892 739 948 hebent
759 891 960 960 adomnia,
985 901 1080 946 ortem
1110 909 1148 947 ex
1168 890 1232 966 ipso
1252 889 1298 946 illo
1369 963 1370 968 ἵ

245 999 394 1070 nocitos,
418 998 497 1074 qnod
517 1007 621 1074 postes
641 997 787 1054 subletum
809 1007 861 1055 est

334 1103 408 1181 Cep.
433 1105 490 1174 34,
516 1109 554 1162 l:
575 1103 705 1162 Aetoli
734 1103 926 1160 consilinm
949 1120 1018 1159 nno
1038 1101 1095 1160 die
1116 1103 1192 1179 spei
1215 1120 1300 1177 quo·
1369 1091 1370 1106 ¹

245 1229 314 1287 que
337 1229 406 1268 non
425 1210 575 1268 sodscis
597 1210 724 1279 modo,
745 1208 937 1266 sedetiam
958 1208 1181 1284 impudentis
1202 1229 1301 1285 cepe·

244 1327 336 1387 root,
356 1315 637 1386 Demetriadem,
656 1313 1180 1384 Chalcidem,Lececlemonem
1202 1333 1302 1373 oceu-

244 1423 366 1500 pendi.
413 1421 520 1480 Mirum
541 1420 683 1497 proiecto,
704 1422 834 1480 notabile
855 1429 907 1477 snt
927 1419 1013 1476 Livio
1034 1429 1086 1476 snt
1104 1421 1242 1497 cuiqnam
1263 1421 1302 1477 vi·

244 1549 308 1586 snm
331 1547 409 1598 esse,
429 1527 579 1584 eonsilium
615 1545 686 1585 nno
716 1529 777 1586 die
803 1535 920 1604 ceptum
951 1543 1028 1594 eom
1060 1543 1239 1601 quemquem
1270 1543 1303 1582 ne

245 1636 301 1694 hoo
325 1635 440 1710 quidem
464 1635 556 1691 verbs
576 1652 646 1690 nno
667 1634 723 1691 die
744 1634 795 1692 illo
816 1633 882 1690 loeo
895 1632 993 1707 posite
1008 1631 1095 1703 (inter
1114 1633 1303 1690 consilium

244 1753 274 1800 et
294 1741 437 1817 genitivos
457 1740 485 1796 ei
505 1741 615 1797 nomini
636 1737 799 1813 edimctos]
820 1751 899 1796 recte
919 1737 1082 1812 significare
1101 1749 1236 1813 possunt,
1257 1739 1304 1796 secl

245 1857 374 1918 tentum,
406 1847 493 1922 qunle
524 1846 595 1903 illud
627 1846 777 1904 consilium
810 1863 869 1901 nno
892 1843 940 1900 die
969 1845 1040 1914 (non
1061 1845 1176 1918 ceteris)
1211 1845 1302 1904 inerit.
1369 1821 1370 1824 Ἴ

244 1955 310 2012 Nec
330 1973 377 2010 me
397 1953 490 2024 follit,
518 1952 607 2028 vulgo
628 1953 690 2009 hee
717 1953 808 2009 verbe
840 1951 932 2026 accipi
956 1949 993 2006 de
1014 1948 1134 2006 oonsilio
1156 1949 1229 2008 inito
1250 1963 1305 2008 tres

246 2061 332 2117 nrbes
355 2077 415 2116 nno
436 2060 483 2117 die
504 2059 684 2136 occupandi3
712 2060 763 2115 sed
785 2077 850 2115 eant
872 2055 1043 2114 sententiam
1064 2073 1102 2112 ex
1121 2056 1221 2112 verbis
1251 2055 1304 2112 sel·

244 2185 284 2224 vs
310 2167 452 2223 sermonis
481 2175 586 2222 nature
618 2184 693 2241 nego
721 2165 797 2224 effici
825 2182 929 2240 posse3
958 2181 1011 2220 nee
1031 2178 1153 2218 moveor
1172 2162 1305 2219 Draken-

248 2271 360 2329 borehii
387 2271 503 2340 indicio,
525 2271 563 2327 ed
585 2289 609 2329 c.
632 2275 691 2342 31,
729 2273 765 2344 ¹3
802 2272 864 2328 haec
890 2269 955 2326 eliis
987 2267 1126 2344 exemplis
1152 2269 1306 2325 verborum

248 2376 434 2434 treiectorom
458 2377 520 2434 sine
542 2376 601 2434 ullo
623 2377 787 2434 discrimine
819 2375 1013 2433 admiscentis.
1062 2373 1122 2432 Sed
1153 2383 1186 2430 nt
1208 2391 1307 2431 eonce-

249 2483 327 2560 dem,
351 2485 393 2540 ite
415 2483 535 2558 intelligi
556 2484 648 2540 verbe
668 2502 764 2559 posse,
784 2482 910 2558 primurn
930 2480 1000 2537 mliil
1024 2479 1141 2536 omnino
1161 2489 1245 2541 eret,
1260 2497 1307 2536 cur

248 2607 307 2646 nno
329 2588 376 2646 die
397 2590 482 2646 orbes
503 2590 646 2648 diiunctae
668 2589 804 2664 occupari
826 2587 948 2656 vellent,
970 2603 1058 2660 quum
1079 2603 1138 2642 non
1159 2585 1196 2642 iio
1220 2585 1307 2642 ertifi·

249 2694 300 2752 ciis
321 2705 485 2766 uterentur,
519 2707 553 2752 ut
573 2696 612 2752 nd
633 2695 744 2752 consilii
765 2692 979 2750 exsecutionem
1003 2691 1174 2767 pertineret,
1207 2691 1306 2748 eodem

248 2801 386 2876 temporis
417 2813 563 2860 momento
584 2802 718 2860 omnibus
750 2801 822 2857 locis
850 2815 911 2856 rem
934 2797 991 2873 ngi.
1033 2797 1073 2854 Et
1095 2796 1307 2873 apertissimum

249 2916 293 2963 est
314 2925 352 2964 ex
372 2915 436 2964 tote
457 2907 632 2980 narratione,
650 2907 720 2964 nihil
741 2905 907 2964 huiusmodi
930 2904 980 2978 (de
1001 2903 1127 2976 unodie)
1150 2905 1307 2979 cogitatum

249 3029 321 3070 esee
366 3013 578 3070 Lacedaemone
599 3013 714 3088 quidem
736 3012 843 3070 sensim
865 3030 900 3069 no
922 3011 1113 3086 perlongum
1134 3017 1250 3084 tempus
1264 3025 1307 3064 reo

249 3118 441 3194 prscporendn
470 3129 498 3175 et
521 3119 635 3176 ocoesio
658 3118 804 3194 captando
823 3126 905 3186 eret,
937 3125 970 3172 ut
1000 3125 1095 3172 certus
1116 3115 1159 3172 rei
1190 3114 1308 3190 egende

249 3221 311 3278 dies
331 3232 399 3280 ente
420 3224 555 3282 constitui
576 3224 655 3281 nullo
677 3224 764 3281 modo
786 3223 913 3299 potnerit
938 3222 1014 3296 (cop.
1038 3223 1077 3279 35
1099 3230 1129 3278 et
1151 3222 1213 3292 36).
1247 3220 1308 3278 Nee

250 3329 351 3386 eodem
373 3329 436 3400 die,
472 3330 522 3386 sed
543 3329 674 3388 iisdem
697 3331 825 3388 diebus
858 3329 897 3404 (c.
921 3331 975 3399 37,
999 3326 1031 3403 l)
1062 3325 1178 3385 Chalcis
1204 3324 1308 3384 tentori

249 3445 353 3511 coepte
373 3445 467 3494 estet
496 3437 527 3493 in
548 3446 653 3494 conetn
681 3436 860 3511 aliquantum
882 3434 1020 3510 temporis
1049 3441 1251 3509 consumptum
1272 3433 1307 3509 (c.

250 3543 287 3598 37
312 3550 340 3598 et
362 3543 422 3611 38).
474 3541 662 3600 Manifestum
692 3551 735 3600 est
755 3542 852 3617 igitur,
874 3550 1040 3617 corruptum
1062 3557 1127 3597 esse
1147 3557 1217 3597 uno
1240 3539 1305 3606 die,

248 3647 376 3723 latetque
409 3647 462 3706 sub
492 3648 537 3705 his
557 3649 659 3706 litteris
681 3648 810 3723 aliquid,
844 3647 937 3723 quod,
959 3647 1033 3704 sicut
1052 3645 1188 3720 proxime
1217 3643 1306 3720 (spei

249 3754 327 3827 cet),
349 3753 388 3811 nd
409 3753 577 3825 nolendum,
588 3755 675 3830 qunle
689 3755 760 3812 illud
773 3753 923 3812 eonsilium
935 3753 1030 3822 fuerit,
1041 3752 1191 3828 pertinent
1234 3749 1306 3808 Mihi

248 3861 400 3936 probabile
421 3861 543 3929 videtur,
565 3860 680 3918 Livium
702 3861 865 3936 scripsisse:
886 3858 1006 3919 AEtoli
1030 3857 1227 3916 consilium
1252 3857 1305 3919 rel

249 3980 314 4038 spe
346 3982 490 4039 quoqne
524 3985 597 4024 ιιοιι
619 3965 769 4024 audonis
791 3966 894 4024 modo
915 3967 977 4024 sed
998 3965 1108 4023 etiem
1124 3963 1305 4041 impuden-

249 4067 299 4124 tis
321 4070 800 4144 ceperuntDemetriedenn
822 4071 893 4144 Ch„
915 4072 997 4134 Leo,
1019 4071 1241 4148 occupandi,
1268 4067 1305 4124 ad
