2826 4640
253 285 312 336 Lib.
325 285 383 336 XL.
756 291 816 346 476

254 469 344 528 fnisse
366 479 495 546 oportet3
526 476 613 542 atque
635 467 730 544 ipsum
760 469 830 527 illud
852 468 989 544 signati
1011 468 1135 528 refertatr
1154 471 1313 528 necessario

254 574 293 632 ad
315 575 523 650 praecedentem
547 574 659 649 argenti
681 593 739 632 uon
761 575 866 651 signati
888 591 1048 630 numerum.
1090 575 1149 632 Res
1165 575 1315 652 perspicua

252 689 299 738 est
320 689 349 738 et
370 699 475 756 perse
499 690 528 737 et
545 699 583 738 ex
605 681 647 741 M.
670 678 792 738 Catonis
814 679 952 755 triumphi
967 679 1169 756 Hispaniensis
1191 681 1316 757 descrip-

255 787 333 844 tione
363 785 428 844 libr.
459 787 619 856 XXXIV,
646 791 686 845 46
710 787 869 862 (argenti
900 783 1030 842 infecti
1058 827 1109 856 ..,
1129 787 1248 862 bigati

255 890 430 948 Oscensis
458 933 530 961 ...,
552 893 657 964 auri.;
691 891 797 967 signati
819 887 932 966 argenti
953 891 1074 948 altenim
1098 909 1200 968 genus.
1236 892 1319 966 biga·

253 1005 334 1064 tum,
371 1013 436 1053 curn
466 984 594 1056 Oscensi
609 998 791 1073 coniungitur
811 996 899 1054 etiarn
921 995 1080 1067 XXXIV,
1106 1001 1168 1068 10).
1214 997 1319 1073 Itaque

254 1102 311 1171 hic,
333 1101 369 1158 de
391 1119 449 1176 quc
472 1102 600 1177 agimus,
631 1104 713 1161 locus
738 1122 756 1159 a
778 1099 863 1160 Livio
892 1101 930 1158 ad
952 1103 1026 1158 banc
1047 1101 1172 1160 formam
1195 1103 1320 1179 scriptus

254 1217 331 1265 erat:
361 1215 542 1283 praeterea
574 1207 654 1265 auri
676 1209 795 1285 pondo
822 1207 979 1282 triginta
1000 1225 1122 1280 unum,
1163 1209 1320 1284 {argenti

255 1311 390 1371 infecti
412 1312 453 1391 n]
477 1323 512 1372 et
536 1313 678 1390 sigrteti
700 1313 874 1371 Oscensis
900 1321 954 1370 cet.
999 1314 1124 1372 Lacunae
1144 1315 1174 1371 in
1195 1315 1253 1371 hac
1270 1333 1320 1370 ex·

255 1429 350 1476 trema
383 1427 467 1495 parte
499 1430 527 1476 et
554 1420 592 1477 ab
614 1418 678 1476 aliis
707 1419 819 1493 aliquot
840 1427 947 1476 notatae
969 1431 1035 1476 sunt
1058 1421 1095 1495 (c.
1118 1421 1168 1490 tc,
1190 1423 1208 1478 b
1234 1421 1321 1488 etna,

256 1527 274 1582 3
300 1534 329 1582 et
352 1528 400 1596 56,
429 1526 477 1597 10)
510 1533 539 1582 at
570 1524 640 1582 mihi
669 1543 727 1581 rena
745 1533 773 1582 ct
797 1525 890 1582 altera
914 1533 1054 1600 preterca
1072 1525 1201 1582 nomnda
1232 1521 1320 1593 erit¹i

340 1629 413 1707 Cap.
437 1636 487 1703 4⁵,
504 1634 536 1688 5:
557 1628 610 1688 Ob
633 1647 674 1686 ea
697 1629 857 1704 (prodigia)
879 1629 1082 1688 decemviri
1104 1631 1195 1688 iussi
1219 1631 1322 1688 adira

149 1741 152 1748 ‘
257 1735 379 1793 libros
401 1737 565 1804 edidere,
600 1735 734 1810 quibus
757 1733 827 1790 diis
850 1743 883 1792 et
904 1747 992 1810 quot
1014 1735 1153 1794 hostiis
1175 1735 1321 1793 sacrifi·

255 1851 414 1912 caretur,
437 1851 472 1899 et
497 1843 540 1898 ob
562 1840 779 1898 fulminibus
801 1839 991 1914 complure
1012 1841 1321 1900 locodeformata

257 1944 300 2001 ad
319 1945 426 2002 aedeur
448 1947 549 2004 Iovis
570 1957 606 2004 ut
627 1945 855 2022 supplicatio
877 1945 967 2002 diem
990 1958 1213 2004 unumassat.
1245 1947 1321 2023 Sup-

256 2049 374 2125 plicetio
396 2051 464 2122 illa,
495 2061 526 2108 ut
557 2071 594 2109 ex
616 2053 766 2128 permultis
793 2051 870 2110 Livii
891 2049 962 2108 locis
982 2050 1101 2126 intelligi
1124 2061 1230 2129 potest,
1263 2073 1320 2110 nou

257 2155 294 2212 ad
316 2155 382 2214 loca
402 2157 522 2214 fulmine
546 2167 624 2216 tactu
646 2159 819 2234 (praesertim
845 2157 1099 2215 aliorumdaorum
1115 2157 1204 2232 aedes)
1228 2159 1321 2234 magis

258 2263 403 2336 quemad
425 2263 537 2338 reliqua
558 2263 692 2339 prodigia
712 2264 884 2339 pertinebat.
929 2261 987 2321 Sed
1009 2272 1072 2320 tota
1093 2263 1155 2320 hnc
1174 2265 1320 2321 sententie

254 2368 367 2442 species
386 2369 588 2444 interpolando
610 2367 714 2426 effecte
737 2379 781 2426 est
802 2368 880 2444 apud
902 2367 1077 2424 l'robenium
1101 2371 1241 2442 (utum,
1262 2389 1319 2427 uon

256 2492 276 2530 u
298 2472 451 2544 Gelenio);
488 2475 517 2532 in
548 2475 673 2532 editione
695 2473 868 2549 Mcguntiuu
897 2473 1045 2531 scribitur:
1076 2475 1320 2534 sacrificare·

258 2589 317 2636 tur
344 2589 378 2635 et
400 2578 613 2638 fulminibus
643 2579 834 2655 complura
858 2577 940 2637 loca
962 2579 1186 2638 deformaret
1212 2582 1319 2639 aedem

257 2684 372 2742 Iovis.
414 2685 676 2756 Weissenbornius,
698 2686 812 2743 sublato
835 2687 888 2754 ob,
909 2685 960 2742 sad
982 2685 1321 2748 retentodeformata.

254 2789 299 2848 sic
321 2790 422 2847 edidit:
444 2791 743 2860 sacrificaretur,
766 2801 800 2848 et
821 2790 1036 2848 fulminibus
1066 2791 1253 2868 complura
1275 2793 1321 2848 lo·

256 2913 300 2951 cu
322 2895 527 2956 deformata
550 2931 586 2968 00,
609 2899 750 2956 excidisse
771 2897 910 2954 nonnulla
931 2897 1089 2972 suspicans.
1144 2898 1263 2972 Quanto
1295 2909 1319 2954 et

255 3000 415 3075 simplicius
437 3013 466 3058 et
486 3005 592 3061 rectius
613 3016 677 3062 erut
699 3006 791 3062 verbu
814 3013 923 3060 ternere
943 3023 963 3060 a
986 3003 1105 3060 librario
1127 3021 1143 3059 e
1164 3007 1179 3072 ξ
1202 3005 1220 3059 3
1244 3001 1321 3074 (tut-

258 3105 494 3182 minibusque
517 3110 706 3185 complura
727 3110 808 3166 loca
829 3108 1066 3179 deformavit,
1088 3108 1195 3166 adem
1220 3108 1321 3165 Iovis

259 3211 486 3284 Tarracius,
507 3215 613 3272 edem
637 3217 704 3289 cet.)
727 3215 849 3291 repetita
870 3215 971 3272 tollere
997 3215 1194 3289 scribereque:
1231 3221 1266 3270 et
1287 3223 1321 3269 ut

258 3318 492 3393 supplicatio
512 3319 602 3378 diem
626 3341 729 3378 unum
752 3331 857 3379 esset.
913 3321 1069 3378 Permultis
1099 3321 1170 3377 locis
1192 3321 1234 3377 sic
1256 3339 1322 3395 pro-

258 3423 404 3498 digiorum
428 3443 517 3482 cauae
538 3427 711 3502 supplicatio
733 3426 833 3484 habita
855 3425 968 3494 dicitur,
990 3425 1095 3483 nullius
1117 3425 1187 3484 certi
1210 3426 1256 3482 dei
1271 3445 1321 3483 no·

261 3528 337 3586 mine
359 3530 473 3605 posito,
498 3532 578 3589 velut
609 3533 718 3603 XLII,
752 3534 808 3603 20,
842 3530 933 3610 6(et
956 3531 1187 3608 supplicatio
1219 3551 1321 3590 unum

257 3633 355 3692 diem
376 3635 549 3712 feriaeque
570 3638 725 3708 habitae).
782 3637 870 3696 Initio
901 3639 1022 3714 cupitis,
1055 3639 1103 3696 ubi
1130 3638 1259 3714 ineptum
1281 3649 1321 3694 est

258 3739 431 3797 adverbium
468 3753 559 3812 tum,
588 3741 713 3802 fortasse
734 3745 916 3803 scribendum
949 3752 1007 3802 est:
1043 3744 1196 3802 arbores
1221 3742 1321 3816 (biems

261 3905 460 3919 κ-

281 3985 308 4052 ι)
339 3991 369 4040 In
389 4006 444 4058 cap.
464 4000 506 4052 tt,
528 3999 542 4040 θ
561 3995 725 4043 animadverti
744 3995 822 4044 velim
841 3995 967 4047 craticule
987 3993 1095 4044 formam
1111 3993 1260 4058 (propina
1278 4007 1321 4040 ur·

333 4083 401 4132 bem
421 4085 447 4132 X
467 4085 558 4134 milla
575 4090 741 4150 passuum)
760 4089 915 4136 contrariam
935 4089 967 4145 ei,
987 4101 1043 4152 qua
1062 4102 1084 4136 c,
1102 4087 1152 4145 87,
1172 4091 1187 4134 4
1206 4086 1321 4149 ponitur:
