<?xml version="1.0" encoding="UTF-8"?>
<!DOCTYPE html PUBLIC "-//W3C//DTD XHTML 1.0 Transitional//EN"
    "http://www.w3.org/TR/xhtml1/DTD/xhtml1-transitional.dtd">
<html xmlns="http://www.w3.org/1999/xhtml" xml:lang="en" lang="en">
 <head>
  <title>
</title>
<meta http-equiv="Content-Type" content="text/html;charset=utf-8" />
  <meta name='ocr-system' content='tesseract 3.04.00' />
  <meta name='ocr-capabilities' content='ocr_page ocr_carea ocr_par ocr_line ocrx_word'/>
</head>
<body>
  <div class='ocr_page' id='page_1' title='image "./emendationesliv02madvgoog_0301.png"; bbox 0 0 2810 4644; ppageno 0'>
   <div class='ocr_carea' id='block_1_1' title="bbox 276 283 803 344">
    <p class='ocr_par' dir='ltr' id='par_1_1' title="bbox 276 283 803 344">
     <span class='ocr_line' id='line_1_1' title="bbox 276 283 803 344; baseline 0.017 -10"><span class='ocrx_word' id='word_1_1' title='bbox 276 285 332 335; x_wconf 84' lang='lat' dir='ltr'><strong>Lib.</strong></span> <span class='ocrx_word' id='word_1_2' title='bbox 351 283 441 333; x_wconf 79' lang='lat' dir='ltr'>XXV.</span> <span class='ocrx_word' id='word_1_3' title='bbox 743 287 803 344; x_wconf 77' lang='lat'><strong>292</strong></span> 
     </span>
    </p>
   </div>
   <div class='ocr_carea' id='block_1_2' title="bbox 238 468 1314 3500">
    <p class='ocr_par' dir='ltr' id='par_1_2' title="bbox 238 468 1314 1809">
     <span class='ocr_line' id='line_1_2' title="bbox 238 468 1313 538; baseline 0.001 -12"><span class='ocrx_word' id='word_1_4' title='bbox 238 477 317 526; x_wconf 81' lang='lat' dir='ltr'><strong>recte</strong></span> <span class='ocrx_word' id='word_1_5' title='bbox 336 468 472 527; x_wconf 83' lang='lat' dir='ltr'><strong>eastris</strong></span> <span class='ocrx_word' id='word_1_6' title='bbox 494 469 696 527; x_wconf 77' lang='lat' dir='ltr'><strong>immisceri</strong></span> <span class='ocrx_word' id='word_1_7' title='bbox 717 470 784 538; x_wconf 89' lang='lat' dir='ltr'><strong>dici,</strong></span> <span class='ocrx_word' id='word_1_8' title='bbox 795 469 899 527; x_wconf 87' lang='lat' dir='ltr'><strong>saltem</strong></span> <span class='ocrx_word' id='word_1_9' title='bbox 923 479 952 526; x_wconf 87' lang='lat' dir='ltr'><strong>et</strong></span> <span class='ocrx_word' id='word_1_10' title='bbox 973 469 1156 526; x_wconf 88' lang='lat' dir='ltr'><strong>incommode</strong></span> <span class='ocrx_word' id='word_1_11' title='bbox 1175 470 1313 528; x_wconf 80' lang='lat' dir='ltr'><strong>abundat</strong></span> 
     </span>
     <span class='ocr_line' id='line_1_3' title="bbox 240 573 1312 650; baseline 0.001 -19"><span class='ocrx_word' id='word_1_12' title='bbox 240 584 269 632; x_wconf 89' lang='lat' dir='ltr'><strong>et</strong></span> <span class='ocrx_word' id='word_1_13' title='bbox 293 592 359 634; x_wconf 88' lang='lat' dir='ltr'><strong>eum</strong></span> <span class='ocrx_word' id='word_1_14' title='bbox 381 593 489 648; x_wconf 81' lang='lat' dir='ltr'><strong>magna</strong></span> <span class='ocrx_word' id='word_1_15' title='bbox 511 575 702 650; x_wconf 85' lang='lat' dir='ltr'><strong>ambignitate</strong></span> <span class='ocrx_word' id='word_1_16' title='bbox 734 575 809 632; x_wconf 88' lang='lat' dir='ltr'><strong>inter</strong></span> <span class='ocrx_word' id='word_1_17' title='bbox 830 573 975 632; x_wconf 77' lang='lat' dir='ltr'><strong>ablativos</strong></span> <span class='ocrx_word' id='word_1_18' title='bbox 997 593 1090 650; x_wconf 85' lang='lat' dir='ltr'><strong>pravo</strong></span> <span class='ocrx_word' id='word_1_19' title='bbox 1121 576 1186 633; x_wconf 93' lang='lat' dir='ltr'><strong>loco</strong></span> <span class='ocrx_word' id='word_1_20' title='bbox 1218 575 1312 632; x_wconf 89' lang='lat' dir='ltr'><strong>inter-</strong></span> 
     </span>
     <span class='ocr_line' id='line_1_4' title="bbox 239 679 1314 756; baseline 0 -19"><span class='ocrx_word' id='word_1_21' title='bbox 239 680 371 756; x_wconf 85' lang='lat' dir='ltr'><strong>ponitnr;</strong></span> <span class='ocrx_word' id='word_1_22' title='bbox 409 679 535 736; x_wconf 78' lang='lat' dir='ltr'><strong>debebat</strong></span> <span class='ocrx_word' id='word_1_23' title='bbox 570 689 648 738; x_wconf 73' lang='lat' dir='ltr'><strong>certe</strong></span> <span class='ocrx_word' id='word_1_24' title='bbox 688 681 759 738; x_wconf 87' lang='lat' dir='ltr'><strong>dici:</strong></span> <span class='ocrx_word' id='word_1_25' title='bbox 800 680 978 738; x_wconf 83' lang='lat' dir='ltr'><strong>immixtis</strong></span> <span class='ocrx_word' id='word_1_26' title='bbox 1012 681 1058 736; x_wconf 90' lang='lat' dir='ltr'><strong>iis</strong></span> <span class='ocrx_word' id='word_1_27' title='bbox 1095 681 1314 756; x_wconf 70' lang='lat' dir='ltr'><strong>agrestibus</strong></span> 
     </span>
     <span class='ocr_line' id='line_1_5' title="bbox 240 784 1313 862; baseline 0 -20"><span class='ocrx_word' id='word_1_28' title='bbox 240 784 418 853; x_wconf 87' lang='lat' dir='ltr'><strong>externis;</strong></span> <span class='ocrx_word' id='word_1_29' title='bbox 435 785 499 858; x_wconf 88' lang='lat' dir='ltr'><strong>quis</strong></span> <span class='ocrx_word' id='word_1_30' title='bbox 514 785 589 842; x_wconf 91' lang='lat' dir='ltr'><strong>enim</strong></span> <span class='ocrx_word' id='word_1_31' title='bbox 602 787 695 844; x_wconf 89' lang='lat' dir='ltr'><strong>dicat:</strong></span> <span class='ocrx_word' id='word_1_32' title='bbox 718 787 974 845; x_wconf 81' lang='lat' dir='ltr'><strong>immiscentur</strong></span> <span class='ocrx_word' id='word_1_33' title='bbox 989 796 1156 862; x_wconf 78' lang='lat' dir='ltr'><strong>agrestes</strong></span> <span class='ocrx_word' id='word_1_34' title='bbox 1171 787 1313 844; x_wconf 83' lang='lat' dir='ltr'><strong>cestris</strong></span> 
     </span>
     <span class='ocr_line' id='line_1_6' title="bbox 239 888 1313 966; baseline 0 -19"><span class='ocrx_word' id='word_1_35' title='bbox 239 888 408 947; x_wconf 84' lang='lat' dir='ltr'><strong>externi?</strong></span> <span class='ocrx_word' id='word_1_36' title='bbox 452 888 483 946; x_wconf 92' lang='lat' dir='ltr'><strong>Si</strong></span> <span class='ocrx_word' id='word_1_37' title='bbox 506 902 681 964; x_wconf 84' lang='lat' dir='ltr'><strong>agrestes</strong></span> <span class='ocrx_word' id='word_1_38' title='bbox 702 912 763 951; x_wconf 90' lang='lat' dir='ltr'><strong>eos</strong></span> <span class='ocrx_word' id='word_1_39' title='bbox 787 901 963 950; x_wconf 90' lang='lat' dir='ltr'><strong>externos</strong></span> <span class='ocrx_word' id='word_1_40' title='bbox 987 891 1140 966; x_wconf 83' lang='lat' dir='ltr'><strong>intelligas,</strong></span> <span class='ocrx_word' id='word_1_41' title='bbox 1170 903 1221 948; x_wconf 91' lang='lat' dir='ltr'><strong>ant</strong></span> <span class='ocrx_word' id='word_1_42' title='bbox 1242 893 1313 948; x_wconf 80' lang='lat' dir='ltr'><strong>hos</strong></span> 
     </span>
     <span class='ocr_line' id='line_1_7' title="bbox 240 994 1312 1071; baseline 0.003 -19"><span class='ocrx_word' id='word_1_43' title='bbox 240 1004 291 1052; x_wconf 87' lang='lat' dir='ltr'><strong>eut</strong></span> <span class='ocrx_word' id='word_1_44' title='bbox 312 995 399 1051; x_wconf 87' lang='lat' dir='ltr'><strong>illos</strong></span> <span class='ocrx_word' id='word_1_45' title='bbox 419 994 477 1050; x_wconf 90' lang='lat' dir='ltr'><strong>dici</strong></span> <span class='ocrx_word' id='word_1_46' title='bbox 490 995 624 1053; x_wconf 82' lang='lat' dir='ltr'><strong>debuisse</strong></span> <span class='ocrx_word' id='word_1_47' title='bbox 638 999 747 1055; x_wconf 85' lang='lat' dir='ltr'><strong>sentias</strong></span> <span class='ocrx_word' id='word_1_48' title='bbox 772 1006 801 1054; x_wconf 91' lang='lat' dir='ltr'><strong>et</strong></span> <span class='ocrx_word' id='word_1_49' title='bbox 815 997 874 1054; x_wconf 88' lang='lat' dir='ltr'><strong>alio</strong></span> <span class='ocrx_word' id='word_1_50' title='bbox 896 997 998 1054; x_wconf 82' lang='lat' dir='ltr'><strong>ordine</strong></span> <span class='ocrx_word' id='word_1_51' title='bbox 1011 998 1103 1054; x_wconf 83' lang='lat' dir='ltr'><strong>rerba</strong></span> <span class='ocrx_word' id='word_1_52' title='bbox 1125 997 1204 1071; x_wconf 89' lang='lat' dir='ltr'><strong>poni.</strong></span> <span class='ocrx_word' id='word_1_53' title='bbox 1249 996 1312 1055; x_wconf 85' lang='lat' dir='ltr'><strong>Sed</strong></span> 
     </span>
     <span class='ocr_line' id='line_1_8' title="bbox 240 1099 1313 1176; baseline 0.001 -18"><span class='ocrx_word' id='word_1_54' title='bbox 240 1101 320 1176; x_wconf 91' lang='lat' dir='ltr'><strong>quod</strong></span> <span class='ocrx_word' id='word_1_55' title='bbox 354 1099 594 1158; x_wconf 88' lang='lat' dir='ltr'><strong>Weissenbomio</strong></span> <span class='ocrx_word' id='word_1_56' title='bbox 634 1104 800 1162; x_wconf 90' lang='lat' dir='ltr'><strong>externis</strong></span> <span class='ocrx_word' id='word_1_57' title='bbox 836 1102 961 1159; x_wconf 84' lang='lat' dir='ltr'><strong>inaniter</strong></span> <span class='ocrx_word' id='word_1_58' title='bbox 1003 1102 1132 1158; x_wconf 87' lang='lat' dir='ltr'><strong>additum</strong></span> <span class='ocrx_word' id='word_1_59' title='bbox 1172 1103 1313 1166; x_wconf 84' lang='lat' dir='ltr'><strong>videtur,</strong></span> 
     </span>
     <span class='ocr_line' id='line_1_9' title="bbox 239 1206 1314 1283; baseline 0.002 -21"><span class='ocrx_word' id='word_1_60' title='bbox 239 1207 326 1263; x_wconf 83' lang='lat' dir='ltr'><strong>valde</strong></span> <span class='ocrx_word' id='word_1_61' title='bbox 347 1206 385 1262; x_wconf 86' lang='lat' dir='ltr'><strong>ad</strong></span> <span class='ocrx_word' id='word_1_62' title='bbox 406 1225 468 1262; x_wconf 90' lang='lat' dir='ltr'><strong>rem</strong></span> <span class='ocrx_word' id='word_1_63' title='bbox 491 1207 657 1282; x_wconf 80' lang='lat' dir='ltr'><strong>appositum</strong></span> <span class='ocrx_word' id='word_1_64' title='bbox 679 1209 709 1266; x_wconf 88' lang='lat' dir='ltr'><strong>id</strong></span> <span class='ocrx_word' id='word_1_65' title='bbox 731 1208 906 1266; x_wconf 82' lang='lat' dir='ltr'><strong>adiectivum</strong></span> <span class='ocrx_word' id='word_1_66' title='bbox 924 1226 987 1264; x_wconf 87' lang='lat' dir='ltr'><strong>esse</strong></span> <span class='ocrx_word' id='word_1_67' title='bbox 1008 1208 1198 1283; x_wconf 82' lang='lat' dir='ltr'><strong>intelligetur,</strong></span> <span class='ocrx_word' id='word_1_68' title='bbox 1220 1209 1245 1264; x_wconf 86' lang='lat' dir='ltr'><strong>si</strong></span> <span class='ocrx_word' id='word_1_69' title='bbox 1267 1209 1314 1264; x_wconf 85' lang='lat' dir='ltr'><strong>sie</strong></span> 
     </span>
     <span class='ocr_line' id='line_1_10' title="bbox 240 1312 1311 1388; baseline -0.001 -19"><span class='ocrx_word' id='word_1_70' title='bbox 240 1312 455 1387; x_wconf 82' lang='lat' dir='ltr'><strong>scripserimus:</strong></span> <span class='ocrx_word' id='word_1_71' title='bbox 496 1313 675 1370; x_wconf 87' lang='lat' dir='ltr'><strong>immixtis</strong></span> <span class='ocrx_word' id='word_1_72' title='bbox 719 1313 935 1388; x_wconf 86' lang='lat' dir='ltr'><strong>agrestibus</strong></span> <span class='ocrx_word' id='word_1_73' title='bbox 978 1325 1012 1370; x_wconf 89' lang='lat' dir='ltr'><strong>et</strong></span> <span class='ocrx_word' id='word_1_74' title='bbox 1054 1314 1100 1370; x_wconf 91' lang='lat' dir='ltr'><strong>iis</strong></span> <span class='ocrx_word' id='word_1_75' title='bbox 1133 1313 1311 1370; x_wconf 83' lang='lat' dir='ltr'><strong>externis.</strong></span> 
     </span>
     <span class='ocr_line' id='line_1_11' title="bbox 241 1416 1311 1494; baseline -0.002 -18"><span class='ocrx_word' id='word_1_76' title='bbox 241 1417 366 1476; x_wconf 85' lang='lat' dir='ltr'><strong>Solvunt</strong></span> <span class='ocrx_word' id='word_1_77' title='bbox 410 1416 543 1474; x_wconf 88' lang='lat' dir='ltr'><strong>ordinem</strong></span> <span class='ocrx_word' id='word_1_78' title='bbox 579 1418 735 1477; x_wconf 86' lang='lat' dir='ltr'><strong>militarem</strong></span> <span class='ocrx_word' id='word_1_79' title='bbox 773 1427 934 1476; x_wconf 87' lang='lat' dir='ltr'><strong>castrorum</strong></span> <span class='ocrx_word' id='word_1_80' title='bbox 976 1417 1099 1474; x_wconf 83' lang='lat' dir='ltr'><strong>immixti</strong></span> <span class='ocrx_word' id='word_1_81' title='bbox 1141 1419 1311 1494; x_wconf 82' lang='lat' dir='ltr'><strong>(militibus)</strong></span> 
     </span>
     <span class='ocr_line' id='line_1_12' title="bbox 241 1523 1312 1599; baseline 0 -19"><span class='ocrx_word' id='word_1_82' title='bbox 241 1533 371 1598; x_wconf 84' lang='lat' dir='ltr'><strong>agrestes</strong></span> <span class='ocrx_word' id='word_1_83' title='bbox 395 1523 477 1597; x_wconf 90' lang='lat' dir='ltr'><strong>iique</strong></span> <span class='ocrx_word' id='word_1_84' title='bbox 499 1523 612 1580; x_wconf 83' lang='lat' dir='ltr'><strong>externi</strong></span> <span class='ocrx_word' id='word_1_85' title='bbox 633 1533 662 1581; x_wconf 94' lang='lat' dir='ltr'><strong>et</strong></span> <span class='ocrx_word' id='word_1_86' title='bbox 683 1525 853 1599; x_wconf 73' lang='lat' dir='ltr'><strong>alienigene</strong></span> <span class='ocrx_word' id='word_1_87' title='bbox 884 1523 974 1598; x_wconf 80' lang='lat' dir='ltr'><strong>(quod</strong></span> <span class='ocrx_word' id='word_1_88' title='bbox 1005 1524 1034 1579; x_wconf 93' lang='lat' dir='ltr'><strong>in</strong></span> <span class='ocrx_word' id='word_1_89' title='bbox 1064 1524 1183 1581; x_wconf 87' lang='lat' dir='ltr'><strong>Punicis</strong></span> <span class='ocrx_word' id='word_1_90' title='bbox 1204 1525 1312 1581; x_wconf 82' lang='lat' dir='ltr'><strong>cestris</strong></span> 
     </span>
     <span class='ocr_line' id='line_1_13' title="bbox 241 1627 1312 1704; baseline 0 -17"><span class='ocrx_word' id='word_1_91' title='bbox 241 1627 385 1704; x_wconf 81' lang='lat' dir='ltr'><strong>Campani</strong></span> <span class='ocrx_word' id='word_1_92' title='bbox 410 1629 515 1698; x_wconf 77' lang='lat' dir='ltr'><strong>erent),</strong></span> <span class='ocrx_word' id='word_1_93' title='bbox 537 1629 710 1702; x_wconf 86' lang='lat' dir='ltr'><strong>quibuscum</strong></span> <span class='ocrx_word' id='word_1_94' title='bbox 732 1628 842 1686; x_wconf 92' lang='lat' dir='ltr'><strong>nullum</strong></span> <span class='ocrx_word' id='word_1_95' title='bbox 861 1639 906 1686; x_wconf 84' lang='lat' dir='ltr'><strong>est</strong></span> <span class='ocrx_word' id='word_1_96' title='bbox 929 1629 1071 1686; x_wconf 90' lang='lat' dir='ltr'><strong>sermonis</strong></span> <span class='ocrx_word' id='word_1_97' title='bbox 1093 1631 1312 1688; x_wconf 89' lang='lat' dir='ltr'><strong>commercium.</strong></span> 
     </span>
     <span class='ocr_line' id='line_1_14' title="bbox 242 1733 931 1809; baseline -0.001 -19"><span class='ocrx_word' id='word_1_98' title='bbox 242 1733 338 1791; x_wconf 88' lang='lat' dir='ltr'><strong>nullus</strong></span> <span class='ocrx_word' id='word_1_99' title='bbox 359 1733 474 1809; x_wconf 90' lang='lat' dir='ltr'><strong>imperii</strong></span> <span class='ocrx_word' id='word_1_100' title='bbox 497 1734 740 1792; x_wconf 87' lang='lat' dir='ltr'><strong>admonitionisve</strong></span> <span class='ocrx_word' id='word_1_101' title='bbox 760 1733 931 1792; x_wconf 90' lang='lat' dir='ltr'><strong>intellectus.</strong></span> 
     </span>
    </p>

    <p class='ocr_par' dir='ltr' id='par_1_3' title="bbox 240 1837 1313 3500">
     <span class='ocr_line' id='line_1_15' title="bbox 325 1837 1313 1914; baseline -0.001 -18"><span class='ocrx_word' id='word_1_102' title='bbox 325 1837 398 1914; x_wconf 87' lang='lat' dir='ltr'><strong>Cap.</strong></span> <span class='ocrx_word' id='word_1_103' title='bbox 438 1842 490 1908; x_wconf 81' lang='lat'><strong>14,</strong></span> <span class='ocrx_word' id='word_1_104' title='bbox 536 1843 554 1896; x_wconf 83' lang='lat'>4</span> <span class='ocrx_word' id='word_1_105' title='bbox 588 1839 636 1910; x_wconf 90' lang='lat' dir='ltr'><strong>(de</strong></span> <span class='ocrx_word' id='word_1_106' title='bbox 673 1841 891 1914; x_wconf 76' lang='lat' dir='ltr'><strong>oppugnatione</strong></span> <span class='ocrx_word' id='word_1_107' title='bbox 923 1849 1084 1898; x_wconf 86' lang='lat' dir='ltr'><strong>castromm</strong></span> <span class='ocrx_word' id='word_1_108' title='bbox 1125 1841 1313 1910; x_wconf 82' lang='lat' dir='ltr'><strong>Hannonis):</strong></span> 
     </span>
     <span class='ocr_line' id='line_1_16' title="bbox 241 1944 1310 2020; baseline -0.001 -17"><span class='ocrx_word' id='word_1_109' title='bbox 241 1945 414 2003; x_wconf 88' lang='lat' dir='ltr'><strong>Proxime</strong></span> <span class='ocrx_word' id='word_1_110' title='bbox 435 1952 549 2018; x_wconf 81' lang='lat' dir='ltr'><strong>portae</strong></span> <span class='ocrx_word' id='word_1_111' title='bbox 571 1944 732 2002; x_wconf 92' lang='lat' dir='ltr'><strong>hostium</strong></span> <span class='ocrx_word' id='word_1_112' title='bbox 756 1953 835 2002; x_wconf 86' lang='lat' dir='ltr'><strong>erat</strong></span> <span class='ocrx_word' id='word_1_113' title='bbox 857 1946 989 2003; x_wconf 90' lang='lat' dir='ltr'><strong>cohors</strong></span> <span class='ocrx_word' id='word_1_114' title='bbox 1011 1945 1181 2020; x_wconf 79' lang='lat' dir='ltr'><strong>Peligna,</strong></span> <span class='ocrx_word' id='word_1_115' title='bbox 1203 1947 1310 2003; x_wconf 85' lang='lat' dir='ltr'><strong>cuins</strong></span> 
     </span>
     <span class='ocr_line' id='line_1_17' title="bbox 240 2049 1312 2127; baseline -0.001 -20"><span class='ocrx_word' id='word_1_116' title='bbox 240 2049 443 2125; x_wconf 74' lang='lat' dir='ltr'><strong>praefectus</strong></span> <span class='ocrx_word' id='word_1_117' title='bbox 465 2049 598 2107; x_wconf 89' lang='lat' dir='ltr'><strong>Vibius</strong></span> <span class='ocrx_word' id='word_1_118' title='bbox 618 2053 767 2108; x_wconf 86' lang='lat' dir='ltr'><strong>Accaus</strong></span> <span class='ocrx_word' id='word_1_119' title='bbox 791 2061 978 2127; x_wconf 84' lang='lat' dir='ltr'><strong>arreptum</strong></span> <span class='ocrx_word' id='word_1_120' title='bbox 1005 2050 1182 2107; x_wconf 83' lang='lat' dir='ltr'><strong>vexillum</strong></span> <span class='ocrx_word' id='word_1_121' title='bbox 1205 2061 1312 2107; x_wconf 88' lang='lat' dir='ltr'><strong>trans</strong></span> 
     </span>
     <span class='ocr_line' id='line_1_18' title="bbox 240 2156 1311 2232; baseline 0.003 -21"><span class='ocrx_word' id='word_1_122' title='bbox 240 2156 375 2214; x_wconf 88' lang='lat' dir='ltr'><strong>vallum</strong></span> <span class='ocrx_word' id='word_1_123' title='bbox 406 2156 573 2214; x_wconf 89' lang='lat' dir='ltr'><strong>hostiurn</strong></span> <span class='ocrx_word' id='word_1_124' title='bbox 605 2156 765 2214; x_wconf 87' lang='lat' dir='ltr'><strong>traiecit.</strong></span> <span class='ocrx_word' id='word_1_125' title='bbox 821 2157 1008 2214; x_wconf 81' lang='lat' dir='ltr'><strong>Adiectivnm</strong></span> <span class='ocrx_word' id='word_1_126' title='bbox 1030 2157 1182 2232; x_wconf 89' lang='lat' dir='ltr'><strong>propius</strong></span> <span class='ocrx_word' id='word_1_127' title='bbox 1207 2157 1311 2214; x_wconf 85' lang='lat' dir='ltr'><strong>Livius</strong></span> 
     </span>
     <span class='ocr_line' id='line_1_19' title="bbox 241 2261 1311 2338; baseline -0.002 -18"><span class='ocrx_word' id='word_1_128' title='bbox 241 2282 305 2320; x_wconf 91' lang='lat' dir='ltr'><strong>cum</strong></span> <span class='ocrx_word' id='word_1_129' title='bbox 325 2261 424 2319; x_wconf 75' lang='lat' dir='ltr'><strong>dativo</strong></span> <span class='ocrx_word' id='word_1_130' title='bbox 448 2261 599 2318; x_wconf 83' lang='lat' dir='ltr'><strong>coniunxit</strong></span> <span class='ocrx_word' id='word_1_131' title='bbox 620 2261 785 2338; x_wconf 92' lang='lat' dir='ltr'><strong>(propius</strong></span> <span class='ocrx_word' id='word_1_132' title='bbox 807 2264 917 2334; x_wconf 90' lang='lat' dir='ltr'><strong>vero),</strong></span> <span class='ocrx_word' id='word_1_133' title='bbox 943 2263 1108 2338; x_wconf 89' lang='lat' dir='ltr'><strong>proxime</strong></span> <span class='ocrx_word' id='word_1_134' title='bbox 1129 2263 1158 2318; x_wconf 92' lang='lat' dir='ltr'><strong>in</strong></span> <span class='ocrx_word' id='word_1_135' title='bbox 1173 2262 1219 2336; x_wconf 83' lang='lat' dir='ltr'><strong>iis,</strong></span> <span class='ocrx_word' id='word_1_136' title='bbox 1242 2281 1311 2336; x_wconf 82' lang='lat' dir='ltr'><strong>quae</strong></span> 
     </span>
     <span class='ocr_line' id='line_1_20' title="bbox 241 2367 1308 2444; baseline -0.002 -18"><span class='ocrx_word' id='word_1_137' title='bbox 241 2377 351 2436; x_wconf 82' lang='lat' dir='ltr'><strong>extant,</strong></span> <span class='ocrx_word' id='word_1_138' title='bbox 372 2385 527 2440; x_wconf 79' lang='lat' dir='ltr'><strong>nusquam.</strong></span> <span class='ocrx_word' id='word_1_139' title='bbox 572 2367 690 2424; x_wconf 87' lang='lat' dir='ltr'><strong>Porta</strong></span> <span class='ocrx_word' id='word_1_140' title='bbox 710 2367 828 2425; x_wconf 92' lang='lat' dir='ltr'><strong>omnino</strong></span> <span class='ocrx_word' id='word_1_141' title='bbox 850 2385 941 2444; x_wconf 79' lang='lat' dir='ltr'><strong>prave</strong></span> <span class='ocrx_word' id='word_1_142' title='bbox 957 2379 1211 2436; x_wconf 83' lang='lat' dir='ltr'><strong>commemoretur,</strong></span> <span class='ocrx_word' id='word_1_143' title='bbox 1234 2387 1308 2442; x_wconf 90' lang='lat' dir='ltr'><strong>quo·</strong></span> 
     </span>
     <span class='ocr_line' id='line_1_21' title="bbox 240 2471 1310 2550; baseline 0.001 -21"><span class='ocrx_word' id='word_1_144' title='bbox 240 2473 318 2530; x_wconf 85' lang='lat' dir='ltr'><strong>niam</strong></span> <span class='ocrx_word' id='word_1_145' title='bbox 350 2480 379 2528; x_wconf 87' lang='lat' dir='ltr'><strong>et</strong></span> <span class='ocrx_word' id='word_1_146' title='bbox 409 2481 478 2529; x_wconf 83' lang='lat' dir='ltr'><strong>ante</strong></span> <span class='ocrx_word' id='word_1_147' title='bbox 508 2471 535 2548; x_wconf 70' lang='grc' dir='ltr'><strong>(ξ</strong></span> <span class='ocrx_word' id='word_1_148' title='bbox 567 2471 595 2546; x_wconf 87' lang='grc'><strong>1)</strong></span> <span class='ocrx_word' id='word_1_149' title='bbox 627 2472 728 2529; x_wconf 85' lang='lat' dir='ltr'><strong>Livius</strong></span> <span class='ocrx_word' id='word_1_150' title='bbox 758 2474 909 2531; x_wconf 81' lang='lat' dir='ltr'><strong>Romanos</strong></span> <span class='ocrx_word' id='word_1_151' title='bbox 937 2493 990 2548; x_wconf 90' lang='lat' dir='ltr'><strong>per</strong></span> <span class='ocrx_word' id='word_1_152' title='bbox 1019 2475 1128 2531; x_wconf 84' lang='lat' dir='ltr'><strong>vallum</strong></span> <span class='ocrx_word' id='word_1_153' title='bbox 1152 2474 1310 2550; x_wconf 80' lang='lat' dir='ltr'><strong>fossasque</strong></span> 
     </span>
     <span class='ocr_line' id='line_1_22' title="bbox 241 2579 1311 2656; baseline 0.001 -20"><span class='ocrx_word' id='word_1_154' title='bbox 241 2579 402 2653; x_wconf 88' lang='lat' dir='ltr'><strong>irrumpere</strong></span> <span class='ocrx_word' id='word_1_155' title='bbox 424 2579 453 2634; x_wconf 94' lang='lat' dir='ltr'><strong>in</strong></span> <span class='ocrx_word' id='word_1_156' title='bbox 477 2579 575 2635; x_wconf 81' lang='lat' dir='ltr'><strong>animo</strong></span> <span class='ocrx_word' id='word_1_157' title='bbox 597 2579 742 2640; x_wconf 81' lang='lat' dir='ltr'><strong>habuisse,</strong></span> <span class='ocrx_word' id='word_1_158' title='bbox 775 2597 833 2636; x_wconf 94' lang='lat' dir='ltr'><strong>non</strong></span> <span class='ocrx_word' id='word_1_159' title='bbox 854 2599 908 2655; x_wconf 90' lang='lat' dir='ltr'><strong>per</strong></span> <span class='ocrx_word' id='word_1_160' title='bbox 928 2589 1052 2656; x_wconf 85' lang='lat' dir='ltr'><strong>portam,</strong></span> <span class='ocrx_word' id='word_1_161' title='bbox 1083 2581 1257 2655; x_wconf 84' lang='lat' dir='ltr'><strong>significavit</strong></span> <span class='ocrx_word' id='word_1_162' title='bbox 1278 2591 1311 2637; x_wconf 89' lang='lat' dir='ltr'><strong>et</strong></span> 
     </span>
     <span class='ocr_line' id='line_1_23' title="bbox 241 2683 1309 2760; baseline 0.003 -19"><span class='ocrx_word' id='word_1_163' title='bbox 241 2685 269 2741; x_wconf 93' lang='lat' dir='ltr'><strong>id</strong></span> <span class='ocrx_word' id='word_1_164' title='bbox 292 2703 385 2754; x_wconf 89' lang='lat' dir='ltr'><strong>nunc,</strong></span> <span class='ocrx_word' id='word_1_165' title='bbox 415 2703 505 2758; x_wconf 87' lang='lat' dir='ltr'><strong>quum</strong></span> <span class='ocrx_word' id='word_1_166' title='bbox 528 2683 633 2742; x_wconf 79' lang='lat' dir='ltr'><strong>Vibius</strong></span> <span class='ocrx_word' id='word_1_167' title='bbox 655 2683 759 2740; x_wconf 91' lang='lat' dir='ltr'><strong>milites</strong></span> <span class='ocrx_word' id='word_1_168' title='bbox 781 2685 864 2760; x_wconf 88' lang='lat' dir='ltr'><strong>signo</strong></span> <span class='ocrx_word' id='word_1_169' title='bbox 886 2696 966 2742; x_wconf 88' lang='lat' dir='ltr'><strong>trans</strong></span> <span class='ocrx_word' id='word_1_170' title='bbox 988 2685 1096 2743; x_wconf 85' lang='lat' dir='ltr'><strong>vellum</strong></span> <span class='ocrx_word' id='word_1_171' title='bbox 1119 2688 1241 2744; x_wconf 84' lang='lat' dir='ltr'><strong>traiecto</strong></span> <span class='ocrx_word' id='word_1_172' title='bbox 1261 2689 1309 2744; x_wconf 92' lang='lat' dir='ltr'><strong>in-</strong></span> 
     </span>
     <span class='ocr_line' id='line_1_24' title="bbox 241 2787 1309 2865; baseline 0.003 -19"><span class='ocrx_word' id='word_1_173' title='bbox 241 2791 367 2856; x_wconf 88' lang='lat' dir='ltr'><strong>citasset,</strong></span> <span class='ocrx_word' id='word_1_174' title='bbox 398 2787 510 2845; x_wconf 80' lang='lat' dir='ltr'><strong>factum</strong></span> <span class='ocrx_word' id='word_1_175' title='bbox 539 2799 640 2846; x_wconf 83' lang='lat' dir='ltr'><strong>narret</strong></span> <span class='ocrx_word' id='word_1_176' title='bbox 669 2793 696 2862; x_wconf 69' lang='grc' dir='ltr'><strong>(ξ</strong></span> <span class='ocrx_word' id='word_1_177' title='bbox 720 2792 762 2865; x_wconf 86' lang='grc'><strong>5).</strong></span> <span class='ocrx_word' id='word_1_178' title='bbox 815 2789 953 2849; x_wconf 80' lang='lat' dir='ltr'><strong>Senserat</strong></span> <span class='ocrx_word' id='word_1_179' title='bbox 984 2792 1045 2848; x_wconf 76' lang='lat' dir='ltr'><strong>haec</strong></span> <span class='ocrx_word' id='word_1_180' title='bbox 1074 2793 1170 2849; x_wconf 91' lang='lat' dir='ltr'><strong>mendi</strong></span> <span class='ocrx_word' id='word_1_181' title='bbox 1201 2793 1309 2850; x_wconf 86' lang='lat' dir='ltr'><strong>indicia</strong></span> 
     </span>
     <span class='ocr_line' id='line_1_25' title="bbox 240 2893 1308 2962; baseline 0.005 -13"><span class='ocrx_word' id='word_1_182' title='bbox 240 2893 510 2962; x_wconf 76' lang='lat' dir='ltr'><strong>Weissenbornins3</strong></span> <span class='ocrx_word' id='word_1_183' title='bbox 532 2893 716 2953; x_wconf 88' lang='lat' dir='ltr'><strong>Gronovium</strong></span> <span class='ocrx_word' id='word_1_184' title='bbox 739 2904 851 2952; x_wconf 80' lang='lat' dir='ltr'><strong>tentum</strong></span> <span class='ocrx_word' id='word_1_185' title='bbox 874 2914 959 2952; x_wconf 81' lang='lat' dir='ltr'><strong>casus</strong></span> <span class='ocrx_word' id='word_1_186' title='bbox 980 2915 1038 2954; x_wconf 91' lang='lat' dir='ltr'><strong>non</strong></span> <span class='ocrx_word' id='word_1_187' title='bbox 1059 2907 1155 2954; x_wconf 91' lang='lat' dir='ltr'><strong>rectus</strong></span> <span class='ocrx_word' id='word_1_188' title='bbox 1177 2897 1308 2954; x_wconf 83' lang='lat' dir='ltr'><strong>offende-</strong></span> 
     </span>
     <span class='ocr_line' id='line_1_26' title="bbox 241 2999 1306 3076; baseline 0.005 -21"><span class='ocrx_word' id='word_1_189' title='bbox 241 3009 297 3057; x_wconf 82' lang='lat' dir='ltr'><strong>ret.</strong></span> <span class='ocrx_word' id='word_1_190' title='bbox 345 2999 688 3076; x_wconf 23' lang='lat' dir='ltr'><strong>Scribendumuvidetur:</strong></span> <span class='ocrx_word' id='word_1_191' title='bbox 715 3000 889 3058; x_wconf 84' lang='lat' dir='ltr'><strong>Proxima</strong></span> <span class='ocrx_word' id='word_1_192' title='bbox 917 3003 1014 3065; x_wconf 79' lang='lat' dir='ltr'><strong>lecte</strong></span> <span class='ocrx_word' id='word_1_193' title='bbox 1036 3003 1132 3066; x_wconf 80' lang='lat' dir='ltr'><strong>busli</strong></span> <span class='ocrx_word' id='word_1_194' title='bbox 1152 3013 1232 3060; x_wconf 83' lang='lat' dir='ltr'><strong>erat</strong></span> <span class='ocrx_word' id='word_1_195' title='bbox 1252 3023 1306 3060; x_wconf 91' lang='lat' dir='ltr'><strong>co·</strong></span> 
     </span>
     <span class='ocr_line' id='line_1_27' title="bbox 241 3103 1308 3192; baseline 0.006 -32"><span class='ocrx_word' id='word_1_196' title='bbox 241 3105 326 3160; x_wconf 87' lang='lat' dir='ltr'><strong>hors</strong></span> <span class='ocrx_word' id='word_1_197' title='bbox 348 3103 515 3178; x_wconf 83' lang='lat' dir='ltr'><strong>Peligna.</strong></span> <span class='ocrx_word' id='word_1_198' title='bbox 558 3105 651 3162; x_wconf 85' lang='lat' dir='ltr'><strong>Error</strong></span> <span class='ocrx_word' id='word_1_199' title='bbox 672 3113 753 3162; x_wconf 85' lang='lat' dir='ltr'><strong>ortus</strong></span> <span class='ocrx_word' id='word_1_200' title='bbox 778 3126 814 3162; x_wconf 89' lang='lat' dir='ltr'><strong>ex</strong></span> <span class='ocrx_word' id='word_1_201' title='bbox 836 3117 953 3182; x_wconf 78' lang='lat' dir='ltr'><strong>portae</strong></span> <span class='ocrx_word' id='word_1_202' title='bbox 975 3113 1109 3184; x_wconf 76' lang='lat' dir='ltr'><strong>(porte)</strong></span> <span class='ocrx_word' id='word_1_203' title='bbox 1133 3128 1187 3183; x_wconf 91' lang='lat' dir='ltr'><strong>pro</strong></span> <span class='ocrx_word' id='word_1_204' title='bbox 1209 3109 1308 3192; x_wconf 79' lang='lat' dir='ltr'><strong>forte</strong></span> 
     </span>
     <span class='ocr_line' id='line_1_28' title="bbox 240 3209 1306 3284; baseline 0.008 -21"><span class='ocrx_word' id='word_1_205' title='bbox 240 3209 359 3284; x_wconf 89' lang='lat' dir='ltr'><strong>scripto,</strong></span> <span class='ocrx_word' id='word_1_206' title='bbox 380 3210 427 3267; x_wconf 92' lang='lat' dir='ltr'><strong>cui</strong></span> <span class='ocrx_word' id='word_1_207' title='bbox 450 3210 553 3266; x_wconf 88' lang='lat' dir='ltr'><strong>deinde</strong></span> <span class='ocrx_word' id='word_1_208' title='bbox 576 3211 827 3268; x_wconf 82' lang='lat' dir='ltr'><strong>accommodatum</strong></span> <span class='ocrx_word' id='word_1_209' title='bbox 843 3223 886 3270; x_wconf 86' lang='lat' dir='ltr'><strong>est</strong></span> <span class='ocrx_word' id='word_1_210' title='bbox 913 3215 1084 3282; x_wconf 80' lang='lat' dir='ltr'><strong>hostinm3</strong></span> <span class='ocrx_word' id='word_1_211' title='bbox 1131 3215 1306 3281; x_wconf 87' lang='lat' dir='ltr'><strong>(hostium</strong></span> 
     </span>
     <span class='ocr_line' id='line_1_29' title="bbox 240 3315 1305 3394; baseline 0.006 -24"><span class='ocrx_word' id='word_1_212' title='bbox 240 3333 339 3372; x_wconf 85' lang='lat' dir='ltr'><strong>errore</strong></span> <span class='ocrx_word' id='word_1_213' title='bbox 359 3335 413 3391; x_wconf 89' lang='lat' dir='ltr'><strong>pro</strong></span> <span class='ocrx_word' id='word_1_214' title='bbox 437 3315 535 3372; x_wconf 88' lang='lat' dir='ltr'><strong>hosti</strong></span> <span class='ocrx_word' id='word_1_215' title='bbox 554 3324 606 3372; x_wconf 88' lang='lat' dir='ltr'><strong>aut</strong></span> <span class='ocrx_word' id='word_1_216' title='bbox 627 3317 799 3374; x_wconf 90' lang='lat' dir='ltr'><strong>hostibus</strong></span> <span class='ocrx_word' id='word_1_217' title='bbox 820 3319 958 3394; x_wconf 86' lang='lat' dir='ltr'><strong>scriptum</strong></span> <span class='ocrx_word' id='word_1_218' title='bbox 981 3321 1177 3378; x_wconf 81' lang='lat' dir='ltr'><strong>demonstravi</strong></span> <span class='ocrx_word' id='word_1_219' title='bbox 1197 3321 1239 3390; x_wconf 92' lang='lat' dir='ltr'><strong>X,</strong></span> <span class='ocrx_word' id='word_1_220' title='bbox 1255 3327 1305 3388; x_wconf 77' lang='lat'><strong>40,</strong></span> 
     </span>
     <span class='ocr_line' id='line_1_30' title="bbox 246 3421 1307 3500; baseline 0.007 -23"><span class='ocrx_word' id='word_1_221' title='bbox 246 3421 278 3477; x_wconf 82' lang='lat'><strong>12</strong></span> <span class='ocrx_word' id='word_1_222' title='bbox 303 3429 331 3476; x_wconf 88' lang='lat' dir='ltr'><strong>et</strong></span> <span class='ocrx_word' id='word_1_223' title='bbox 355 3421 413 3490; x_wconf 87' lang='lat' dir='ltr'><strong>IX,</strong></span> <span class='ocrx_word' id='word_1_224' title='bbox 440 3423 488 3490; x_wconf 84' lang='lat'><strong>37,</strong></span> <span class='ocrx_word' id='word_1_225' title='bbox 514 3423 563 3495; x_wconf 80' lang='lat'><strong>3);</strong></span> <span class='ocrx_word' id='word_1_226' title='bbox 610 3421 664 3479; x_wconf 87' lang='lat' dir='ltr'><strong>nisi</strong></span> <span class='ocrx_word' id='word_1_227' title='bbox 692 3421 756 3496; x_wconf 86' lang='lat' dir='ltr'><strong>quis</strong></span> <span class='ocrx_word' id='word_1_228' title='bbox 787 3423 946 3480; x_wconf 86' lang='lat' dir='ltr'><strong>hostium</strong></span> <span class='ocrx_word' id='word_1_229' title='bbox 977 3425 1034 3482; x_wconf 89' lang='lat' dir='ltr'><strong>huc</strong></span> <span class='ocrx_word' id='word_1_230' title='bbox 1055 3444 1092 3482; x_wconf 89' lang='lat' dir='ltr'><strong>ex</strong></span> <span class='ocrx_word' id='word_1_231' title='bbox 1120 3427 1307 3500; x_wconf 86' lang='lat' dir='ltr'><strong>sequentibus</strong></span> 
     </span>
    </p>
   </div>
   <div class='ocr_carea' id='block_1_3' title="bbox 241 3523 1304 3608">
    <p class='ocr_par' dir='ltr' id='par_1_4' title="bbox 241 3523 1304 3608">
     <span class='ocr_line' id='line_1_31' title="bbox 241 3523 1304 3608; baseline 0.008 -27"><span class='ocrx_word' id='word_1_232' title='bbox 241 3526 389 3599; x_wconf 86' lang='lat' dir='ltr'><strong>(vellum</strong></span> <span class='ocrx_word' id='word_1_233' title='bbox 421 3523 593 3608; x_wconf 68' lang='lat' dir='ltr'><strong>hostium)</strong></span> <span class='ocrx_word' id='word_1_234' title='bbox 626 3537 750 3584; x_wconf 81' lang='lat' dir='ltr'><strong>tractum</strong></span> <span class='ocrx_word' id='word_1_235' title='bbox 785 3528 925 3602; x_wconf 83' lang='lat' dir='ltr'><strong>suspicari</strong></span> <span class='ocrx_word' id='word_1_236' title='bbox 956 3531 1075 3590; x_wconf 82' lang='lat' dir='ltr'><strong>mavult.</strong></span> <span class='ocrx_word' id='word_1_237' title='bbox 1130 3531 1191 3588; x_wconf 89' lang='lat' dir='ltr'><strong>Sub</strong></span> <span class='ocrx_word' id='word_1_238' title='bbox 1219 3533 1304 3588; x_wconf 87' lang='lat' dir='ltr'><strong>finem</strong></span> 
     </span>
    </p>
   </div>
   <div class='ocr_carea' id='block_1_4' title="bbox 237 3631 1307 4128">
    <p class='ocr_par' dir='ltr' id='par_1_5' title="bbox 237 3631 1307 4128">
     <span class='ocr_line' id='line_1_32' title="bbox 239 3631 1307 3706; baseline 0.007 -18"><span class='ocrx_word' id='word_1_239' title='bbox 239 3631 342 3706; x_wconf 79' lang='lat' dir='ltr'><strong>cepitis</strong></span> <span class='ocrx_word' id='word_1_240' title='bbox 375 3633 401 3702; x_wconf 69' lang='grc' dir='ltr'><strong>(ξ</strong></span> <span class='ocrx_word' id='word_1_241' title='bbox 429 3633 475 3698; x_wconf 77' lang='grc'><strong>12)</strong></span> <span class='ocrx_word' id='word_1_242' title='bbox 516 3653 573 3690; x_wconf 93' lang='lat' dir='ltr'><strong>non</strong></span> <span class='ocrx_word' id='word_1_243' title='bbox 611 3641 688 3690; x_wconf 88' lang='lat' dir='ltr'><strong>recte</strong></span> <span class='ocrx_word' id='word_1_244' title='bbox 721 3634 866 3690; x_wconf 87' lang='lat' dir='ltr'><strong>deiecta</strong></span> <span class='ocrx_word' id='word_1_245' title='bbox 898 3635 1054 3691; x_wconf 90' lang='lat' dir='ltr'><strong>hostium</strong></span> <span class='ocrx_word' id='word_1_246' title='bbox 1093 3648 1217 3694; x_wconf 79' lang='lat' dir='ltr'><strong>cestre</strong></span> <span class='ocrx_word' id='word_1_247' title='bbox 1249 3637 1307 3695; x_wconf 87' lang='lat' dir='ltr'><strong>dici</strong></span> 
     </span>
     <span class='ocr_line' id='line_1_33' title="bbox 239 3737 1304 3816; baseline 0.007 -23"><span class='ocrx_word' id='word_1_248' title='bbox 239 3737 308 3794; x_wconf 90' lang='lat' dir='ltr'><strong>mihi</strong></span> <span class='ocrx_word' id='word_1_249' title='bbox 341 3737 490 3809; x_wconf 86' lang='lat' dir='ltr'><strong>videntur,</strong></span> <span class='ocrx_word' id='word_1_250' title='bbox 523 3758 588 3813; x_wconf 74' lang='lat' dir='ltr'><strong>qum</strong></span> <span class='ocrx_word' id='word_1_251' title='bbox 620 3758 713 3814; x_wconf 91' lang='lat' dir='ltr'><strong>neque</strong></span> <span class='ocrx_word' id='word_1_252' title='bbox 750 3739 816 3815; x_wconf 85' lang='lat' dir='ltr'><strong>ipsa</strong></span> <span class='ocrx_word' id='word_1_253' title='bbox 850 3739 1015 3796; x_wconf 78' lang='lat' dir='ltr'><strong>eminebant</strong></span> <span class='ocrx_word' id='word_1_254' title='bbox 1048 3740 1304 3816; x_wconf 80' lang='lat' dir='ltr'><strong>[quemadmodum</strong></span> 
     </span>
     <span class='ocr_line' id='line_1_34' title="bbox 239 3841 1306 3919; baseline 0.006 -21"><span class='ocrx_word' id='word_1_255' title='bbox 239 3841 375 3900; x_wconf 83' lang='lat' dir='ltr'><strong>columne</strong></span> <span class='ocrx_word' id='word_1_256' title='bbox 396 3843 479 3900; x_wconf 88' lang='lat' dir='ltr'><strong>deiioi</strong></span> <span class='ocrx_word' id='word_1_257' title='bbox 504 3844 620 3918; x_wconf 89' lang='lat' dir='ltr'><strong>dicitur)</strong></span> <span class='ocrx_word' id='word_1_258' title='bbox 654 3863 748 3919; x_wconf 90' lang='lat' dir='ltr'><strong>neque</strong></span> <span class='ocrx_word' id='word_1_259' title='bbox 773 3845 891 3902; x_wconf 79' lang='lat' dir='ltr'><strong>exalto</strong></span> <span class='ocrx_word' id='word_1_260' title='bbox 914 3855 943 3902; x_wconf 88' lang='lat' dir='ltr'><strong>et</strong></span> <span class='ocrx_word' id='word_1_261' title='bbox 965 3847 1099 3904; x_wconf 89' lang='lat' dir='ltr'><strong>eminenti</strong></span> <span class='ocrx_word' id='word_1_262' title='bbox 1121 3847 1186 3905; x_wconf 82' lang='lat' dir='ltr'><strong>loco</strong></span> <span class='ocrx_word' id='word_1_263' title='bbox 1209 3849 1237 3904; x_wconf 96' lang='lat' dir='ltr'><strong>in</strong></span> <span class='ocrx_word' id='word_1_264' title='bbox 1261 3849 1306 3904; x_wconf 94' lang='lat' dir='ltr'><strong>in-</strong></span> 
     </span>
     <span class='ocr_line' id='line_1_35' title="bbox 237 3945 1306 4030; baseline 0.007 -27"><span class='ocrx_word' id='word_1_265' title='bbox 237 3945 371 4004; x_wconf 85' lang='lat' dir='ltr'><strong>feriorem</strong></span> <span class='ocrx_word' id='word_1_266' title='bbox 395 3947 515 4006; x_wconf 86' lang='lat' dir='ltr'><strong>detruse</strong></span> <span class='ocrx_word' id='word_1_267' title='bbox 536 3959 611 4018; x_wconf 91' lang='lat' dir='ltr'><strong>sunt,</strong></span> <span class='ocrx_word' id='word_1_268' title='bbox 643 3951 694 4008; x_wconf 89' lang='lat' dir='ltr'><strong>sed</strong></span> <span class='ocrx_word' id='word_1_269' title='bbox 716 3961 833 4010; x_wconf 81' lang='lat' dir='ltr'><strong>vastata</strong></span> <span class='ocrx_word' id='word_1_270' title='bbox 856 3951 936 4026; x_wconf 91' lang='lat' dir='ltr'><strong>(igni,</strong></span> <span class='ocrx_word' id='word_1_271' title='bbox 968 3962 1000 4008; x_wconf 86' lang='lat' dir='ltr'><strong>ut.</strong></span> <span class='ocrx_word' id='word_1_272' title='bbox 1023 3953 1134 4028; x_wconf 82' lang='lat' dir='ltr'><strong>opinor,</strong></span> <span class='ocrx_word' id='word_1_273' title='bbox 1168 3953 1306 4030; x_wconf 83' lang='lat' dir='ltr'><strong>iniecto);</strong></span> 
     </span>
     <span class='ocr_line' id='line_1_36' title="bbox 238 4053 1305 4128; baseline 0.008 -20"><span class='ocrx_word' id='word_1_274' title='bbox 238 4053 389 4128; x_wconf 84' lang='lat' dir='ltr'><strong>potuitque</strong></span> <span class='ocrx_word' id='word_1_275' title='bbox 411 4055 564 4111; x_wconf 87' lang='lat' dir='ltr'><strong>deiectis</strong></span> <span class='ocrx_word' id='word_1_276' title='bbox 586 4053 672 4114; x_wconf 81' lang='lat' dir='ltr'><strong>facile</strong></span> <span class='ocrx_word' id='word_1_277' title='bbox 688 4057 756 4114; x_wconf 86' lang='lat' dir='ltr'><strong>oriri</strong></span> <span class='ocrx_word' id='word_1_278' title='bbox 779 4078 815 4116; x_wconf 86' lang='lat' dir='ltr'><strong>ex</strong></span> <span class='ocrx_word' id='word_1_279' title='bbox 844 4058 991 4118; x_wconf 87' lang='lat' dir='ltr'><strong>deletis.</strong></span> <span class='ocrx_word' id='word_1_280' title='bbox 1047 4057 1178 4116; x_wconf 79' lang='lat' dir='ltr'><strong>Deleta</strong></span> <span class='ocrx_word' id='word_1_281' title='bbox 1200 4069 1305 4118; x_wconf 78' lang='lat' dir='ltr'><strong>castra.</strong></span> 
     </span>
    </p>
   </div>
   <div class='ocr_carea' id='block_1_5' title="bbox 0 0 1410 4644">
    <p class='ocr_par' dir='ltr' id='par_1_6' title="bbox 0 0 1410 4644">
     <span class='ocr_line' id='line_1_37' title="bbox 0 0 1410 4644; baseline 0 1"><span class='ocrx_word' id='word_1_282' title='bbox 0 0 1410 4644; x_wconf 95' lang='lat' dir='ltr'><strong> </strong></span> 
     </span>
    </p>
   </div>
  </div>
 </body>
</html>
