<?xml version="1.0" encoding="UTF-8"?>
<!DOCTYPE html PUBLIC "-//W3C//DTD XHTML 1.0 Transitional//EN"
    "http://www.w3.org/TR/xhtml1/DTD/xhtml1-transitional.dtd">
<html xmlns="http://www.w3.org/1999/xhtml" xml:lang="en" lang="en">
 <head>
  <title>
</title>
<meta http-equiv="Content-Type" content="text/html;charset=utf-8" />
  <meta name='ocr-system' content='tesseract 3.04.00' />
  <meta name='ocr-capabilities' content='ocr_page ocr_carea ocr_par ocr_line ocrx_word'/>
</head>
<body>
  <div class='ocr_page' id='page_1' title='image "./emendationesliv02madvgoog_0290.png"; bbox 0 0 2810 4644; ppageno 0'>
   <div class='ocr_carea' id='block_1_1' title="bbox 571 297 1094 357">
    <p class='ocr_par' dir='ltr' id='par_1_1' title="bbox 571 297 1094 357">
     <span class='ocr_line' id='line_1_1' title="bbox 571 297 1094 357; baseline 0 -10"><span class='ocrx_word' id='word_1_1' title='bbox 571 299 627 357; x_wconf 81' lang='lat'><strong>281</strong></span> <span class='ocrx_word' id='word_1_2' title='bbox 931 297 1094 348; x_wconf 50' lang='lat' dir='ltr'><strong>biems&amp;</strong></span> 
     </span>
    </p>
   </div>
   <div class='ocr_carea' id='block_1_2' title="bbox 68 478 1136 2781">
    <p class='ocr_par' dir='ltr' id='par_1_2' title="bbox 68 478 1136 2781">
     <span class='ocr_line' id='line_1_2' title="bbox 155 478 1132 557; baseline 0.006 -20"><span class='ocrx_word' id='word_1_3' title='bbox 155 478 229 556; x_wconf 88' lang='lat' dir='ltr'><strong>Cap.</strong></span> <span class='ocrx_word' id='word_1_4' title='bbox 255 483 312 552; x_wconf 78' lang='lat'><strong>⁴2,</strong></span> <span class='ocrx_word' id='word_1_5' title='bbox 347 483 364 538; x_wconf 83' lang='lat'><strong>3</strong></span> <span class='ocrx_word' id='word_1_6' title='bbox 397 487 567 556; x_wconf 87' lang='lat' dir='ltr'><strong>(postquam</strong></span> <span class='ocrx_word' id='word_1_7' title='bbox 597 482 634 538; x_wconf 88' lang='lat' dir='ltr'><strong>de</strong></span> <span class='ocrx_word' id='word_1_8' title='bbox 661 481 773 557; x_wconf 85' lang='lat' dir='ltr'><strong>proelio</strong></span> <span class='ocrx_word' id='word_1_9' title='bbox 804 481 842 539; x_wconf 86' lang='lat' dir='ltr'><strong>ad</strong></span> <span class='ocrx_word' id='word_1_10' title='bbox 863 482 1003 540; x_wconf 87' lang='lat' dir='ltr'><strong>Mundam</strong></span> <span class='ocrx_word' id='word_1_11' title='bbox 1025 491 1054 540; x_wconf 84' lang='lat' dir='ltr'><strong>et</strong></span> <span class='ocrx_word' id='word_1_12' title='bbox 1077 481 1132 544; x_wconf 85' lang='lat' dir='ltr'><strong>Cn.</strong></span> 
     </span>
     <span class='ocr_line' id='line_1_3' title="bbox 69 585 1130 662; baseline 0.001 -17"><span class='ocrx_word' id='word_1_13' title='bbox 69 585 219 662; x_wconf 80' lang='lat' dir='ltr'><strong>Scipionis</strong></span> <span class='ocrx_word' id='word_1_14' title='bbox 230 587 349 644; x_wconf 86' lang='lat' dir='ltr'><strong>vulnere</strong></span> <span class='ocrx_word' id='word_1_15' title='bbox 370 586 478 644; x_wconf 85' lang='lat' dir='ltr'><strong>dietum</strong></span> <span class='ocrx_word' id='word_1_16' title='bbox 490 587 562 660; x_wconf 83' lang='lat' dir='ltr'><strong>est):</strong></span> <span class='ocrx_word' id='word_1_17' title='bbox 577 585 745 646; x_wconf 85' lang='lat' dir='ltr'><strong>Ceterum</strong></span> <span class='ocrx_word' id='word_1_18' title='bbox 767 587 860 644; x_wconf 85' lang='lat' dir='ltr'><strong>haud</strong></span> <span class='ocrx_word' id='word_1_19' title='bbox 882 587 1025 646; x_wconf 90' lang='lat' dir='ltr'><strong>dubium</strong></span> <span class='ocrx_word' id='word_1_20' title='bbox 1052 587 1130 660; x_wconf 81' lang='lat' dir='ltr'><strong>tuit,</strong></span> 
     </span>
     <span class='ocr_line' id='line_1_4' title="bbox 68 691 1130 767; baseline 0.005 -18"><span class='ocrx_word' id='word_1_21' title='bbox 68 693 169 767; x_wconf 83' lang='lat' dir='ltr'><strong>quin,</strong></span> <span class='ocrx_word' id='word_1_22' title='bbox 190 691 260 750; x_wconf 89' lang='lat' dir='ltr'><strong>nisi</strong></span> <span class='ocrx_word' id='word_1_23' title='bbox 280 711 321 750; x_wconf 86' lang='lat' dir='ltr'><strong>es</strong></span> <span class='ocrx_word' id='word_1_24' title='bbox 342 711 440 750; x_wconf 83' lang='lat' dir='ltr'><strong>mors</strong></span> <span class='ocrx_word' id='word_1_25' title='bbox 460 693 737 762; x_wconf 82' lang='lat' dir='ltr'><strong>intervenisset,</strong></span> <span class='ocrx_word' id='word_1_26' title='bbox 766 700 887 750; x_wconf 82' lang='lat' dir='ltr'><strong>uestra</strong></span> <span class='ocrx_word' id='word_1_27' title='bbox 916 713 956 753; x_wconf 91' lang='lat' dir='ltr'><strong>eo</strong></span> <span class='ocrx_word' id='word_1_28' title='bbox 980 695 1036 753; x_wconf 88' lang='lat' dir='ltr'><strong>die</strong></span> <span class='ocrx_word' id='word_1_29' title='bbox 1057 697 1130 754; x_wconf 92' lang='lat' dir='ltr'><strong>Pu·</strong></span> 
     </span>
     <span class='ocr_line' id='line_1_5' title="bbox 68 798 1132 876; baseline 0.004 -21"><span class='ocrx_word' id='word_1_30' title='bbox 68 799 155 856; x_wconf 79' lang='lat' dir='ltr'><strong>nica</strong></span> <span class='ocrx_word' id='word_1_31' title='bbox 181 798 264 875; x_wconf 85' lang='lat' dir='ltr'><strong>oapi</strong></span> <span class='ocrx_word' id='word_1_32' title='bbox 293 798 493 876; x_wconf 80' lang='lat' dir='ltr'><strong>potuerint</strong></span> <span class='ocrx_word' id='word_1_33' title='bbox 546 798 621 856; x_wconf 87' lang='lat' dir='ltr'><strong>Iam</strong></span> <span class='ocrx_word' id='word_1_34' title='bbox 653 817 722 857; x_wconf 91' lang='lat' dir='ltr'><strong>non</strong></span> <span class='ocrx_word' id='word_1_35' title='bbox 753 799 888 857; x_wconf 86' lang='lat' dir='ltr'><strong>milites</strong></span> <span class='ocrx_word' id='word_1_36' title='bbox 917 800 1049 872; x_wconf 84' lang='lat' dir='ltr'><strong>solnm,</strong></span> <span class='ocrx_word' id='word_1_37' title='bbox 1070 801 1132 859; x_wconf 84' lang='lat' dir='ltr'><strong>sed</strong></span> 
     </span>
     <span class='ocr_line' id='line_1_6' title="bbox 68 904 1132 983; baseline 0.003 -21"><span class='ocrx_word' id='word_1_38' title='bbox 68 905 258 981; x_wconf 74' lang='lat' dir='ltr'><strong>elephanti</strong></span> <span class='ocrx_word' id='word_1_39' title='bbox 280 905 387 963; x_wconf 87' lang='lat' dir='ltr'><strong>etiam</strong></span> <span class='ocrx_word' id='word_1_40' title='bbox 409 921 519 979; x_wconf 86' lang='lat' dir='ltr'><strong>usque</strong></span> <span class='ocrx_word' id='word_1_41' title='bbox 545 904 589 961; x_wconf 87' lang='lat' dir='ltr'><strong>ad</strong></span> <span class='ocrx_word' id='word_1_42' title='bbox 610 905 744 963; x_wconf 84' lang='lat' dir='ltr'><strong>vallum</strong></span> <span class='ocrx_word' id='word_1_43' title='bbox 766 905 837 963; x_wconf 85' lang='lat' dir='ltr'><strong>aeti</strong></span> <span class='ocrx_word' id='word_1_44' title='bbox 860 916 978 978; x_wconf 76' lang='lat' dir='ltr'><strong>erant,</strong></span> <span class='ocrx_word' id='word_1_45' title='bbox 1007 925 1132 983; x_wconf 85' lang='lat' dir='ltr'><strong>super·</strong></span> 
     </span>
     <span class='ocr_line' id='line_1_7' title="bbox 69 1007 1133 1088; baseline 0.003 -21"><span class='ocrx_word' id='word_1_46' title='bbox 69 1029 141 1084; x_wconf 89' lang='lat' dir='ltr'><strong>que</strong></span> <span class='ocrx_word' id='word_1_47' title='bbox 161 1009 276 1086; x_wconf 90' lang='lat' dir='ltr'><strong>ipsum</strong></span> <span class='ocrx_word' id='word_1_48' title='bbox 303 1010 377 1084; x_wconf 86' lang='lat' dir='ltr'><strong>(PM</strong></span> <span class='ocrx_word' id='word_1_49' title='bbox 397 1007 482 1067; x_wconf 74' lang='lat' dir='ltr'><strong>Cant.</strong></span> <span class='ocrx_word' id='word_1_50' title='bbox 506 1010 758 1087; x_wconf 86' lang='lat' dir='ltr'><strong>superqipsas)</strong></span> <span class='ocrx_word' id='word_1_51' title='bbox 780 1030 905 1069; x_wconf 89' lang='lat' dir='ltr'><strong>novem</strong></span> <span class='ocrx_word' id='word_1_52' title='bbox 928 1021 961 1068; x_wconf 90' lang='lat' dir='ltr'><strong>et</strong></span> <span class='ocrx_word' id='word_1_53' title='bbox 981 1011 1133 1088; x_wconf 71' lang='lat' dir='ltr'><strong>triginta</strong></span> 
     </span>
     <span class='ocr_line' id='line_1_8' title="bbox 69 1114 1133 1192; baseline 0.004 -20"><span class='ocrx_word' id='word_1_54' title='bbox 69 1115 258 1191; x_wconf 77' lang='lat' dir='ltr'><strong>elephanti</strong></span> <span class='ocrx_word' id='word_1_55' title='bbox 279 1115 365 1192; x_wconf 90' lang='lat' dir='ltr'><strong>pilis</strong></span> <span class='ocrx_word' id='word_1_56' title='bbox 390 1114 537 1174; x_wconf 82' lang='lat' dir='ltr'><strong>confixi.</strong></span> <span class='ocrx_word' id='word_1_57' title='bbox 588 1117 738 1175; x_wconf 82' lang='lat' dir='ltr'><strong>Pertioulo</strong></span> <span class='ocrx_word' id='word_1_58' title='bbox 761 1117 830 1174; x_wconf 89' lang='lat' dir='ltr'><strong>iam</strong></span> <span class='ocrx_word' id='word_1_59' title='bbox 859 1115 1021 1192; x_wconf 80' lang='lat' dir='ltr'><strong>significare</strong></span> <span class='ocrx_word' id='word_1_60' title='bbox 1050 1119 1133 1176; x_wconf 81' lang='lat' dir='ltr'><strong>vitle-</strong></span> 
     </span>
     <span class='ocr_line' id='line_1_9' title="bbox 69 1221 1132 1297; baseline 0.004 -19"><span class='ocrx_word' id='word_1_61' title='bbox 69 1231 120 1278; x_wconf 89' lang='lat' dir='ltr'><strong>tur</strong></span> <span class='ocrx_word' id='word_1_62' title='bbox 142 1221 360 1279; x_wconf 85' lang='lat' dir='ltr'><strong>conversionem</strong></span> <span class='ocrx_word' id='word_1_63' title='bbox 392 1222 520 1297; x_wconf 86' lang='lat' dir='ltr'><strong>eliquam</strong></span> <span class='ocrx_word' id='word_1_64' title='bbox 547 1241 644 1280; x_wconf 90' lang='lat' dir='ltr'><strong>rerum</strong></span> <span class='ocrx_word' id='word_1_65' title='bbox 666 1231 924 1282; x_wconf 79' lang='lat' dir='ltr'><strong>commemoratum</strong></span> <span class='ocrx_word' id='word_1_66' title='bbox 946 1223 994 1292; x_wconf 78' lang='lat' dir='ltr'><strong>iri3</strong></span> <span class='ocrx_word' id='word_1_67' title='bbox 1015 1224 1066 1281; x_wconf 85' lang='lat' dir='ltr'><strong>sed</strong></span> <span class='ocrx_word' id='word_1_68' title='bbox 1087 1242 1132 1282; x_wconf 84' lang='lat' dir='ltr'><strong>se·</strong></span> 
     </span>
     <span class='ocr_line' id='line_1_10' title="bbox 70 1327 1132 1404; baseline 0.002 -20"><span class='ocrx_word' id='word_1_69' title='bbox 70 1327 171 1402; x_wconf 83' lang='lat' dir='ltr'><strong>quitur</strong></span> <span class='ocrx_word' id='word_1_70' title='bbox 201 1329 359 1404; x_wconf 87' lang='lat' dir='ltr'><strong>superioris</strong></span> <span class='ocrx_word' id='word_1_71' title='bbox 389 1327 488 1386; x_wconf 79' lang='lat' dir='ltr'><strong>indicii</strong></span> <span class='ocrx_word' id='word_1_72' title='bbox 517 1329 698 1386; x_wconf 83' lang='lat' dir='ltr'><strong>confirmatio</strong></span> <span class='ocrx_word' id='word_1_73' title='bbox 733 1347 792 1386; x_wconf 89' lang='lat' dir='ltr'><strong>una</strong></span> <span class='ocrx_word' id='word_1_74' title='bbox 812 1329 868 1385; x_wconf 85' lang='lat' dir='ltr'><strong>hee</strong></span> <span class='ocrx_word' id='word_1_75' title='bbox 892 1329 1033 1386; x_wconf 86' lang='lat' dir='ltr'><strong>sententia</strong></span> <span class='ocrx_word' id='word_1_76' title='bbox 1054 1347 1132 1386; x_wconf 83' lang='lat' dir='ltr'><strong>eom·</strong></span> 
     </span>
     <span class='ocr_line' id='line_1_11' title="bbox 70 1433 1132 1509; baseline 0.001 -18"><span class='ocrx_word' id='word_1_77' title='bbox 70 1434 232 1509; x_wconf 78' lang='lat' dir='ltr'><strong>prebensn3</strong></span> <span class='ocrx_word' id='word_1_78' title='bbox 252 1433 351 1508; x_wconf 89' lang='lat' dir='ltr'><strong>itaque</strong></span> <span class='ocrx_word' id='word_1_79' title='bbox 373 1433 569 1492; x_wconf 81' lang='lat' dir='ltr'><strong>scribentium:</strong></span> <span class='ocrx_word' id='word_1_80' title='bbox 592 1435 680 1492; x_wconf 84' lang='lat' dir='ltr'><strong>Nom</strong></span> <span class='ocrx_word' id='word_1_81' title='bbox 703 1453 774 1492; x_wconf 91' lang='lat' dir='ltr'><strong>non</strong></span> <span class='ocrx_word' id='word_1_82' title='bbox 799 1443 851 1494; x_wconf 82' lang='lat' dir='ltr'><strong>oet</strong></span> <span class='ocrx_word' id='word_1_83' title='bbox 895 1433 1019 1504; x_wconf 82' lang='lat' dir='ltr'><strong>Deinde,</strong></span> <span class='ocrx_word' id='word_1_84' title='bbox 1031 1435 1132 1492; x_wconf 82' lang='lat' dir='ltr'><strong>etiem·</strong></span> 
     </span>
     <span class='ocr_line' id='line_1_12' title="bbox 72 1537 1132 1616; baseline 0.003 -20"><span class='ocrx_word' id='word_1_85' title='bbox 72 1539 98 1596; x_wconf 88' lang='lat' dir='ltr'><strong>si</strong></span> <span class='ocrx_word' id='word_1_86' title='bbox 119 1537 235 1596; x_wconf 85' lang='lat' dir='ltr'><strong>oodiees</strong></span> <span class='ocrx_word' id='word_1_87' title='bbox 258 1541 466 1609; x_wconf 78' lang='lat' dir='ltr'><strong>consentirent,</strong></span> <span class='ocrx_word' id='word_1_88' title='bbox 489 1539 618 1597; x_wconf 90' lang='lat' dir='ltr'><strong>nonnihil</strong></span> <span class='ocrx_word' id='word_1_89' title='bbox 641 1541 781 1600; x_wconf 78' lang='lat' dir='ltr'><strong>molestias</strong></span> <span class='ocrx_word' id='word_1_90' title='bbox 814 1539 1058 1616; x_wconf 89' lang='lat' dir='ltr'><strong>dubitationisque</strong></span> <span class='ocrx_word' id='word_1_91' title='bbox 1079 1542 1132 1599; x_wconf 82' lang='lat' dir='ltr'><strong>he-</strong></span> 
     </span>
     <span class='ocr_line' id='line_1_13' title="bbox 72 1643 1132 1723; baseline 0.004 -21"><span class='ocrx_word' id='word_1_92' title='bbox 72 1645 142 1702; x_wconf 89' lang='lat' dir='ltr'><strong>bere</strong></span> <span class='ocrx_word' id='word_1_93' title='bbox 164 1645 235 1702; x_wconf 90' lang='lat' dir='ltr'><strong>mihi</strong></span> <span class='ocrx_word' id='word_1_94' title='bbox 256 1645 421 1702; x_wconf 83' lang='lat' dir='ltr'><strong>viderentur</strong></span> <span class='ocrx_word' id='word_1_95' title='bbox 449 1643 595 1720; x_wconf 74' lang='lat' dir='ltr'><strong>elephanti</strong></span> <span class='ocrx_word' id='word_1_96' title='bbox 621 1663 729 1722; x_wconf 87' lang='lat' dir='ltr'><strong>super</strong></span> <span class='ocrx_word' id='word_1_97' title='bbox 757 1647 891 1704; x_wconf 89' lang='lat' dir='ltr'><strong>vallum</strong></span> <span class='ocrx_word' id='word_1_98' title='bbox 914 1647 1037 1718; x_wconf 77' lang='lat' dir='ltr'><strong>confixi,</strong></span> <span class='ocrx_word' id='word_1_99' title='bbox 1060 1666 1132 1723; x_wconf 91' lang='lat' dir='ltr'><strong>quo·</strong></span> 
     </span>
     <span class='ocr_line' id='line_1_14' title="bbox 72 1750 1133 1829; baseline 0.004 -23"><span class='ocrx_word' id='word_1_100' title='bbox 72 1752 162 1820; x_wconf 77' lang='lat' dir='ltr'><strong>niem,</strong></span> <span class='ocrx_word' id='word_1_101' title='bbox 186 1751 331 1826; x_wconf 87' lang='lat' dir='ltr'><strong>quomodo</strong></span> <span class='ocrx_word' id='word_1_102' title='bbox 359 1751 389 1808; x_wconf 93' lang='lat' dir='ltr'><strong>in</strong></span> <span class='ocrx_word' id='word_1_103' title='bbox 410 1750 488 1808; x_wconf 83' lang='lat' dir='ltr'><strong>vello</strong></span> <span class='ocrx_word' id='word_1_104' title='bbox 511 1751 604 1826; x_wconf 89' lang='lat' dir='ltr'><strong>(quod</strong></span> <span class='ocrx_word' id='word_1_105' title='bbox 618 1753 669 1810; x_wconf 91' lang='lat' dir='ltr'><strong>&#39;ab</strong></span> <span class='ocrx_word' id='word_1_106' title='bbox 691 1769 799 1828; x_wconf 82' lang='lat' dir='ltr'><strong>aggere</strong></span> <span class='ocrx_word' id='word_1_107' title='bbox 820 1751 964 1810; x_wconf 85' lang='lat' dir='ltr'><strong>diversum</strong></span> <span class='ocrx_word' id='word_1_108' title='bbox 987 1752 1042 1829; x_wconf 86' lang='lat' dir='ltr'><strong>est)</strong></span> <span class='ocrx_word' id='word_1_109' title='bbox 1065 1772 1133 1812; x_wconf 85' lang='lat' dir='ltr'><strong>oon·</strong></span> 
     </span>
     <span class='ocr_line' id='line_1_15' title="bbox 72 1856 1129 1934; baseline 0.005 -21"><span class='ocrx_word' id='word_1_110' title='bbox 72 1858 175 1915; x_wconf 76' lang='lat' dir='ltr'><strong>sistere</strong></span> <span class='ocrx_word' id='word_1_111' title='bbox 196 1856 356 1932; x_wconf 85' lang='lat' dir='ltr'><strong>potuerint,</strong></span> <span class='ocrx_word' id='word_1_112' title='bbox 389 1857 542 1914; x_wconf 83' lang='lat' dir='ltr'><strong>obscurum</strong></span> <span class='ocrx_word' id='word_1_113' title='bbox 565 1868 621 1928; x_wconf 82' lang='lat' dir='ltr'><strong>est3</strong></span> <span class='ocrx_word' id='word_1_114' title='bbox 653 1877 831 1934; x_wconf 85' lang='lat' dir='ltr'><strong>quemquern</strong></span> <span class='ocrx_word' id='word_1_115' title='bbox 853 1858 882 1915; x_wconf 94' lang='lat' dir='ltr'><strong>in</strong></span> <span class='ocrx_word' id='word_1_116' title='bbox 905 1858 1035 1929; x_wconf 88' lang='lat' dir='ltr'>XXVI,</span> <span class='ocrx_word' id='word_1_117' title='bbox 1058 1865 1092 1928; x_wconf 86' lang='lat' dir='ltr'><strong>u,</strong></span> <span class='ocrx_word' id='word_1_118' title='bbox 1118 1865 1129 1918; x_wconf 91' lang='lat' dir='ltr'><strong>l</strong></span> 
     </span>
     <span class='ocr_line' id='line_1_16' title="bbox 72 1963 1134 2039; baseline 0.002 -19"><span class='ocrx_word' id='word_1_119' title='bbox 72 1963 220 2039; x_wconf 74' lang='lat' dir='ltr'><strong>elephanti</strong></span> <span class='ocrx_word' id='word_1_120' title='bbox 249 1963 566 2038; x_wconf 75' lang='lat' dir='ltr'><strong>transgredientes</strong></span> <span class='ocrx_word' id='word_1_121' title='bbox 597 1963 632 2020; x_wconf 90' lang='lat' dir='ltr'><strong>in</strong></span> <span class='ocrx_word' id='word_1_122' title='bbox 660 1963 743 2039; x_wconf 90' lang='lat' dir='ltr'><strong>ipso</strong></span> <span class='ocrx_word' id='word_1_123' title='bbox 771 1965 869 2023; x_wconf 81' lang='lat' dir='ltr'><strong>vallo</strong></span> <span class='ocrx_word' id='word_1_124' title='bbox 891 1964 1014 2023; x_wconf 81' lang='lat' dir='ltr'><strong>conlecti</strong></span> <span class='ocrx_word' id='word_1_125' title='bbox 1035 1965 1134 2024; x_wconf 83' lang='lat' dir='ltr'><strong>dieun-</strong></span> 
     </span>
     <span class='ocr_line' id='line_1_17' title="bbox 72 2069 1135 2146; baseline 0.003 -20"><span class='ocrx_word' id='word_1_126' title='bbox 72 2081 135 2137; x_wconf 72' lang='lat' dir='ltr'><strong>tnr‚</strong></span> <span class='ocrx_word' id='word_1_127' title='bbox 163 2069 242 2144; x_wconf 88' lang='lat' dir='ltr'><strong>quod</strong></span> <span class='ocrx_word' id='word_1_128' title='bbox 269 2079 365 2126; x_wconf 88' lang='lat' dir='ltr'><strong>tamen</strong></span> <span class='ocrx_word' id='word_1_129' title='bbox 395 2069 489 2145; x_wconf 78' lang='lat' dir='ltr'><strong>magis</strong></span> <span class='ocrx_word' id='word_1_130' title='bbox 511 2069 547 2126; x_wconf 84' lang='lat' dir='ltr'><strong>de</strong></span> <span class='ocrx_word' id='word_1_131' title='bbox 567 2087 755 2145; x_wconf 85' lang='lat' dir='ltr'><strong>penumpere</strong></span> <span class='ocrx_word' id='word_1_132' title='bbox 775 2071 931 2129; x_wconf 82' lang='lat' dir='ltr'><strong>nitentibus</strong></span> <span class='ocrx_word' id='word_1_133' title='bbox 955 2071 1010 2128; x_wconf 86' lang='lat' dir='ltr'><strong>diui</strong></span> <span class='ocrx_word' id='word_1_134' title='bbox 1031 2071 1135 2146; x_wconf 90' lang='lat' dir='ltr'><strong>potuit.</strong></span> 
     </span>
     <span class='ocr_line' id='line_1_18' title="bbox 74 2173 1135 2254; baseline 0.003 -22"><span class='ocrx_word' id='word_1_135' title='bbox 74 2175 134 2232; x_wconf 85' lang='lat' dir='ltr'><strong>Sed</strong></span> <span class='ocrx_word' id='word_1_136' title='bbox 156 2194 193 2233; x_wconf 85' lang='lat' dir='ltr'><strong>ex</strong></span> <span class='ocrx_word' id='word_1_137' title='bbox 215 2175 346 2234; x_wconf 84' lang='lat' dir='ltr'><strong>oodieum</strong></span> <span class='ocrx_word' id='word_1_138' title='bbox 374 2175 503 2251; x_wconf 82' lang='lat' dir='ltr'><strong>vestigiis</strong></span> <span class='ocrx_word' id='word_1_139' title='bbox 526 2173 601 2232; x_wconf 84' lang='lat' dir='ltr'><strong>effici</strong></span> <span class='ocrx_word' id='word_1_140' title='bbox 623 2175 754 2248; x_wconf 80' lang='lat' dir='ltr'><strong>videtur,</strong></span> <span class='ocrx_word' id='word_1_141' title='bbox 789 2178 866 2252; x_wconf 88' lang='lat' dir='ltr'><strong>quod</strong></span> <span class='ocrx_word' id='word_1_142' title='bbox 885 2177 981 2254; x_wconf 84' lang='lat' dir='ltr'><strong>aptius</strong></span> <span class='ocrx_word' id='word_1_143' title='bbox 1001 2176 1053 2235; x_wconf 92' lang='lat' dir='ltr'><strong>sit:</strong></span> <span class='ocrx_word' id='word_1_144' title='bbox 1074 2195 1135 2235; x_wconf 91' lang='lat' dir='ltr'><strong>su·</strong></span> 
     </span>
     <span class='ocr_line' id='line_1_19' title="bbox 73 2281 1136 2358; baseline 0.002 -20"><span class='ocrx_word' id='word_1_145' title='bbox 73 2299 213 2358; x_wconf 86' lang='lat' dir='ltr'><strong>perque</strong></span> <span class='ocrx_word' id='word_1_146' title='bbox 241 2281 384 2355; x_wconf 75' lang='lat' dir='ltr'><strong>fossas,</strong></span> <span class='ocrx_word' id='word_1_147' title='bbox 414 2283 555 2351; x_wconf 80' lang='lat' dir='ltr'><strong>honest,</strong></span> <span class='ocrx_word' id='word_1_148' title='bbox 588 2299 676 2356; x_wconf 85' lang='lat' dir='ltr'><strong>super</strong></span> <span class='ocrx_word' id='word_1_149' title='bbox 701 2282 847 2358; x_wconf 78' lang='lat' dir='ltr'><strong>margines</strong></span> <span class='ocrx_word' id='word_1_150' title='bbox 869 2283 1024 2342; x_wconf 83' lang='lat' dir='ltr'><strong>fossarum.</strong></span> <span class='ocrx_word' id='word_1_151' title='bbox 1068 2283 1136 2356; x_wconf 76' lang='lat' dir='ltr'><strong>(Ad</strong></span> 
     </span>
     <span class='ocr_line' id='line_1_20' title="bbox 74 2385 1135 2464; baseline 0.006 -22"><span class='ocrx_word' id='word_1_152' title='bbox 74 2386 210 2444; x_wconf 85' lang='lat' dir='ltr'><strong>vallum</strong></span> <span class='ocrx_word' id='word_1_153' title='bbox 233 2405 273 2444; x_wconf 84' lang='lat' dir='ltr'><strong>oo</strong></span> <span class='ocrx_word' id='word_1_154' title='bbox 296 2385 440 2456; x_wconf 78' lang='lat' dir='ltr'><strong>fossos,</strong></span> <span class='ocrx_word' id='word_1_155' title='bbox 462 2386 576 2458; x_wconf 81' lang='lat' dir='ltr'>XXV,</span> <span class='ocrx_word' id='word_1_156' title='bbox 612 2391 665 2459; x_wconf 83' lang='lat'><strong>14,</strong></span> <span class='ocrx_word' id='word_1_157' title='bbox 698 2390 735 2460; x_wconf 92' lang='lat' dir='ltr'><strong>l).</strong></span> <span class='ocrx_word' id='word_1_158' title='bbox 829 2389 940 2447; x_wconf 89' lang='lat' dir='ltr'><strong>Eodem</strong></span> <span class='ocrx_word' id='word_1_159' title='bbox 964 2389 1057 2464; x_wconf 87' lang='lat' dir='ltr'><strong>capite</strong></span> <span class='ocrx_word' id='word_1_160' title='bbox 1079 2393 1135 2458; x_wconf 75' lang='lat'><strong>§6</strong></span> 
     </span>
     <span class='ocr_line' id='line_1_21' title="bbox 74 2491 1135 2569; baseline 0.003 -20"><span class='ocrx_word' id='word_1_161' title='bbox 74 2493 190 2564; x_wconf 77' lang='lat' dir='ltr'><strong>iniuria,</strong></span> <span class='ocrx_word' id='word_1_162' title='bbox 212 2493 590 2569; x_wconf 82' lang='lat' dir='ltr'><strong>opinor‚Weissenbornius</strong></span> <span class='ocrx_word' id='word_1_163' title='bbox 613 2493 649 2550; x_wconf 89' lang='lat' dir='ltr'><strong>de</strong></span> <span class='ocrx_word' id='word_1_164' title='bbox 670 2493 782 2551; x_wconf 82' lang='lat' dir='ltr'><strong>Dukeri</strong></span> <span class='ocrx_word' id='word_1_165' title='bbox 804 2503 833 2551; x_wconf 87' lang='lat' dir='ltr'><strong>et</strong></span> <span class='ocrx_word' id='word_1_166' title='bbox 850 2491 979 2552; x_wconf 79' lang='lat' dir='ltr'><strong>Creverii</strong></span> <span class='ocrx_word' id='word_1_167' title='bbox 1001 2495 1135 2552; x_wconf 89' lang='lat' dir='ltr'><strong>emenda·</strong></span> 
     </span>
     <span class='ocr_line' id='line_1_22' title="bbox 74 2597 1135 2675; baseline 0.002 -19"><span class='ocrx_word' id='word_1_168' title='bbox 74 2599 161 2656; x_wconf 90' lang='lat' dir='ltr'><strong>tionis</strong></span> <span class='ocrx_word' id='word_1_169' title='bbox 186 2599 225 2656; x_wconf 89' lang='lat' dir='ltr'><strong>ad</strong></span> <span class='ocrx_word' id='word_1_170' title='bbox 246 2599 369 2674; x_wconf 86' lang='lat' dir='ltr'><strong>vestigia</strong></span> <span class='ocrx_word' id='word_1_171' title='bbox 383 2599 490 2657; x_wconf 80' lang='lat' dir='ltr'><strong>codicis</strong></span> <span class='ocrx_word' id='word_1_172' title='bbox 511 2599 714 2658; x_wconf 86' lang='lat' dir='ltr'><strong>Psooedentis</strong></span> <span class='ocrx_word' id='word_1_173' title='bbox 735 2607 765 2655; x_wconf 87' lang='lat' dir='ltr'><strong>et</strong></span> <span class='ocrx_word' id='word_1_174' title='bbox 787 2598 825 2655; x_wconf 85' lang='lat' dir='ltr'><strong>ob</strong></span> <span class='ocrx_word' id='word_1_175' title='bbox 845 2597 909 2674; x_wconf 92' lang='lat' dir='ltr'><strong>ipso</strong></span> <span class='ocrx_word' id='word_1_176' title='bbox 924 2609 1047 2675; x_wconf 75' lang='lat' dir='ltr'><strong>recepte</strong></span> <span class='ocrx_word' id='word_1_177' title='bbox 1059 2601 1135 2658; x_wconf 84' lang='lat' dir='ltr'><strong>veri·</strong></span> 
     </span>
     <span class='ocr_line' id='line_1_23' title="bbox 74 2703 1135 2781; baseline 0.004 -19"><span class='ocrx_word' id='word_1_178' title='bbox 74 2703 302 2776; x_wconf 79' lang='lat' dir='ltr'><strong>tatedubitnvit3</strong></span> <span class='ocrx_word' id='word_1_179' title='bbox 317 2705 515 2781; x_wconf 84' lang='lat' dir='ltr'><strong>Hispanorum</strong></span> <span class='ocrx_word' id='word_1_180' title='bbox 538 2715 652 2780; x_wconf 86' lang='lat' dir='ltr'><strong>gentem</strong></span> <span class='ocrx_word' id='word_1_181' title='bbox 676 2703 833 2780; x_wconf 80' lang='lat' dir='ltr'><strong>significari</strong></span> <span class='ocrx_word' id='word_1_182' title='bbox 854 2713 931 2760; x_wconf 89' lang='lat' dir='ltr'><strong>recte</strong></span> <span class='ocrx_word' id='word_1_183' title='bbox 952 2705 1076 2776; x_wconf 70' lang='lat' dir='ltr'><strong>indicae</strong></span> <span class='ocrx_word' id='word_1_184' title='bbox 1100 2726 1135 2766; x_wconf 87' lang='lat' dir='ltr'><strong>ea</strong></span> 
     </span>
    </p>
   </div>
   <div class='ocr_carea' id='block_1_3' title="bbox 74 2809 1135 3308">
    <p class='ocr_par' dir='ltr' id='par_1_3' title="bbox 74 2809 1135 3308">
     <span class='ocr_line' id='line_1_24' title="bbox 74 2809 1135 2889; baseline 0.005 -22"><span class='ocrx_word' id='word_1_185' title='bbox 74 2810 140 2867; x_wconf 90' lang='lat' dir='ltr'><strong>sola</strong></span> <span class='ocrx_word' id='word_1_186' title='bbox 160 2809 318 2868; x_wconf 82' lang='lat' dir='ltr'><strong>exercimm</strong></span> <span class='ocrx_word' id='word_1_187' title='bbox 342 2811 503 2886; x_wconf 87' lang='lat' dir='ltr'><strong>explevisse</strong></span> <span class='ocrx_word' id='word_1_188' title='bbox 525 2811 695 2884; x_wconf 89' lang='lat' dir='ltr'><strong>animosque</strong></span> <span class='ocrx_word' id='word_1_189' title='bbox 716 2810 939 2886; x_wconf 80' lang='lat' dir='ltr'><strong>imperatoribus</strong></span> <span class='ocrx_word' id='word_1_190' title='bbox 951 2809 1135 2889; x_wconf 80' lang='lat' dir='ltr'><strong>Carthagini·</strong></span> 
     </span>
     <span class='ocr_line' id='line_1_25' title="bbox 75 2915 1135 2994; baseline 0.007 -22"><span class='ocrx_word' id='word_1_191' title='bbox 75 2917 194 2974; x_wconf 88' lang='lat' dir='ltr'><strong>ensibus</strong></span> <span class='ocrx_word' id='word_1_192' title='bbox 215 2915 318 2974; x_wconf 83' lang='lat' dir='ltr'><strong>lenisse</strong></span> <span class='ocrx_word' id='word_1_193' title='bbox 339 2917 376 2974; x_wconf 83' lang='lat' dir='ltr'><strong>nd</strong></span> <span class='ocrx_word' id='word_1_194' title='bbox 400 2927 544 2974; x_wconf 82' lang='lat' dir='ltr'><strong>certarnen</strong></span> <span class='ocrx_word' id='word_1_195' title='bbox 575 2917 611 2974; x_wconf 86' lang='lat' dir='ltr'><strong>‹le</strong></span> <span class='ocrx_word' id='word_1_196' title='bbox 630 2917 741 2992; x_wconf 85' lang='lat' dir='ltr'><strong>integro</strong></span> <span class='ocrx_word' id='word_1_197' title='bbox 760 2916 927 2974; x_wconf 87' lang='lat' dir='ltr'><strong>tentandum</strong></span> <span class='ocrx_word' id='word_1_198' title='bbox 953 2918 1009 2976; x_wconf 89' lang='lat' dir='ltr'><strong>dioi</strong></span> <span class='ocrx_word' id='word_1_199' title='bbox 1031 2929 1135 2994; x_wconf 81' lang='lat' dir='ltr'><strong>potest.</strong></span> 
     </span>
     <span class='ocr_line' id='line_1_26' title="bbox 76 3022 1135 3098; baseline 0.002 -18"><span class='ocrx_word' id='word_1_200' title='bbox 76 3023 135 3080; x_wconf 83' lang='lat' dir='ltr'><strong>Sed</strong></span> <span class='ocrx_word' id='word_1_201' title='bbox 158 3041 209 3085; x_wconf 79' lang='lat' dir='ltr'><strong>es.</strong></span> <span class='ocrx_word' id='word_1_202' title='bbox 234 3041 298 3097; x_wconf 78' lang='lat' dir='ltr'><strong>quae</strong></span> <span class='ocrx_word' id='word_1_203' title='bbox 319 3023 509 3080; x_wconf 84' lang='lat' dir='ltr'><strong>subiiciuntur</strong></span> <span class='ocrx_word' id='word_1_204' title='bbox 530 3022 566 3079; x_wconf 87' lang='lat' dir='ltr'><strong>de</strong></span> <span class='ocrx_word' id='word_1_205' title='bbox 587 3041 671 3080; x_wconf 80' lang='lat' dir='ltr'><strong>novte</strong></span> <span class='ocrx_word' id='word_1_206' title='bbox 692 3040 797 3098; x_wconf 72' lang='lat' dir='ltr'><strong>pugnae</strong></span> <span class='ocrx_word' id='word_1_207' title='bbox 828 3031 932 3079; x_wconf 85' lang='lat' dir='ltr'><strong>eventu</strong></span> <span class='ocrx_word' id='word_1_208' title='bbox 955 3026 982 3094; x_wconf 82' lang='lat'><strong>(§</strong></span> <span class='ocrx_word' id='word_1_209' title='bbox 1004 3025 1042 3097; x_wconf 89' lang='grc'><strong>7),</strong></span> <span class='ocrx_word' id='word_1_210' title='bbox 1063 3043 1135 3082; x_wconf 93' lang='lat' dir='ltr'><strong>non·</strong></span> 
     </span>
     <span class='ocr_line' id='line_1_27' title="bbox 76 3127 1135 3206; baseline 0.004 -22"><span class='ocrx_word' id='word_1_211' title='bbox 76 3129 144 3186; x_wconf 87' lang='lat' dir='ltr'><strong>dum</strong></span> <span class='ocrx_word' id='word_1_212' title='bbox 171 3128 309 3204; x_wconf 85' lang='lat' dir='ltr'><strong>expedita</strong></span> <span class='ocrx_word' id='word_1_213' title='bbox 329 3139 403 3186; x_wconf 88' lang='lat' dir='ltr'><strong>sunt.</strong></span> <span class='ocrx_word' id='word_1_214' title='bbox 461 3129 507 3186; x_wconf 86' lang='lat' dir='ltr'><strong>Ea</strong></span> <span class='ocrx_word' id='word_1_215' title='bbox 528 3128 605 3186; x_wconf 91' lang='lat' dir='ltr'><strong>inP</strong></span> <span class='ocrx_word' id='word_1_216' title='bbox 637 3127 679 3184; x_wconf 87' lang='lat' dir='ltr'><strong>sie</strong></span> <span class='ocrx_word' id='word_1_217' title='bbox 709 3128 888 3186; x_wconf 77' lang='lat' dir='ltr'><strong>scribuntur:</strong></span> <span class='ocrx_word' id='word_1_218' title='bbox 921 3129 987 3187; x_wconf 83' lang='lat' dir='ltr'><strong>slii</strong></span> <span class='ocrx_word' id='word_1_219' title='bbox 1017 3131 1135 3206; x_wconf 89' lang='lat' dir='ltr'><strong>pleriq</strong></span> 
     </span>
     <span class='ocr_line' id='line_1_28' title="bbox 76 3233 1135 3308; baseline 0.003 -17"><span class='ocrx_word' id='word_1_220' title='bbox 76 3233 215 3291; x_wconf 88' lang='lat' dir='ltr'><strong>milites</strong></span> <span class='ocrx_word' id='word_1_221' title='bbox 248 3233 354 3308; x_wconf 88' lang='lat' dir='ltr'><strong>sique</strong></span> <span class='ocrx_word' id='word_1_222' title='bbox 382 3234 435 3308; x_wconf 82' lang='lat' dir='ltr'><strong>(sio</strong></span> <span class='ocrx_word' id='word_1_223' title='bbox 457 3234 543 3292; x_wconf 89' lang='lat' dir='ltr'><strong>etiam</strong></span> <span class='ocrx_word' id='word_1_224' title='bbox 571 3235 613 3304; x_wconf 79' lang='lat' dir='ltr'><strong>M,</strong></span> <span class='ocrx_word' id='word_1_225' title='bbox 635 3234 735 3303; x_wconf 66' lang='lat' dir='ltr'><strong>Voss„</strong></span> <span class='ocrx_word' id='word_1_226' title='bbox 772 3233 836 3304; x_wconf 84' lang='lat' dir='ltr'><strong>elii;</strong></span> <span class='ocrx_word' id='word_1_227' title='bbox 870 3235 898 3292; x_wconf 93' lang='lat' dir='ltr'><strong>in</strong></span> <span class='ocrx_word' id='word_1_228' title='bbox 930 3237 1135 3294; x_wconf 81' lang='lat' dir='ltr'><strong>recentioribus</strong></span> 
     </span>
    </p>
   </div>
   <div class='ocr_carea' id='block_1_4' title="bbox 146 3555 1134 3622">
    <p class='ocr_par' dir='ltr' id='par_1_4' title="bbox 146 3555 1134 3622">
     <span class='ocr_line' id='line_1_29' title="bbox 146 3555 1134 3622; baseline 0.001 -16"><span class='ocrx_word' id='word_1_229' title='bbox 146 3556 312 3606; x_wconf 80' lang='lat' dir='ltr'><strong>extendendi.</strong></span> <span class='ocrx_word' id='word_1_230' title='bbox 348 3555 430 3618; x_wconf 78' lang='lat' dir='ltr'><strong>Nem,</strong></span> <span class='ocrx_word' id='word_1_231' title='bbox 449 3565 478 3605; x_wconf 87' lang='lat' dir='ltr'><strong>ut</strong></span> <span class='ocrx_word' id='word_1_232' title='bbox 496 3557 618 3621; x_wconf 82' lang='lat' dir='ltr'><strong>proximis</strong></span> <span class='ocrx_word' id='word_1_233' title='bbox 636 3557 761 3622; x_wconf 85' lang='lat' dir='ltr'><strong>exemplis</strong></span> <span class='ocrx_word' id='word_1_234' title='bbox 780 3565 852 3606; x_wconf 87' lang='lat' dir='ltr'><strong>utar.</strong></span> <span class='ocrx_word' id='word_1_235' title='bbox 870 3557 945 3607; x_wconf 87' lang='lat' dir='ltr'><strong>etism</strong></span> <span class='ocrx_word' id='word_1_236' title='bbox 965 3573 987 3606; x_wconf 85' lang='lat' dir='ltr'><strong>c.</strong></span> <span class='ocrx_word' id='word_1_237' title='bbox 1007 3560 1049 3618; x_wconf 82' lang='grc'><strong>37,</strong></span> <span class='ocrx_word' id='word_1_238' title='bbox 1069 3562 1083 3607; x_wconf 85' lang='lat' dir='ltr'><strong>o</strong></span> <span class='ocrx_word' id='word_1_239' title='bbox 1102 3558 1134 3606; x_wconf 83' lang='lat' dir='ltr'><strong>sd</strong></span> 
     </span>
    </p>
   </div>
   <div class='ocr_carea' id='block_1_5' title="bbox 145 3649 1135 3786">
    <p class='ocr_par' dir='ltr' id='par_1_5' title="bbox 145 3649 1135 3786">
     <span class='ocr_line' id='line_1_30' title="bbox 145 3649 1135 3786; baseline 0.004 -20"><span class='ocrx_word' id='word_1_240' title='bbox 145 3717 256 3781; x_wconf 78' lang='lat' dir='ltr'><strong>vestigia</strong></span> <span class='ocrx_word' id='word_1_241' title='bbox 286 3717 380 3768; x_wconf 81' lang='lat' dir='ltr'><strong>codicis</strong></span> <span class='ocrx_word' id='word_1_242' title='bbox 408 3720 496 3784; x_wconf 89' lang='lat' dir='ltr'><strong>optimi</strong></span> <span class='ocrx_word' id='word_1_243' title='bbox 533 3649 712 3784; x_wconf 50' lang='lat' dir='ltr'><strong>(piiuerst)</strong></span> <span class='ocrx_word' id='word_1_244' title='bbox 742 3719 823 3785; x_wconf 87' lang='lat' dir='ltr'><strong>Lipsii</strong></span> <span class='ocrx_word' id='word_1_245' title='bbox 843 3719 991 3769; x_wconf 79' lang='lat' dir='ltr'><strong>coniectura</strong></span> <span class='ocrx_word' id='word_1_246' title='bbox 1018 3719 1135 3786; x_wconf 81' lang='lat' dir='ltr'><strong>(polam</strong></span> 
     </span>
    </p>
   </div>
   <div class='ocr_carea' id='block_1_6' title="bbox 146 3801 1136 4166">
    <p class='ocr_par' dir='ltr' id='par_1_6' title="bbox 146 3801 1136 4166">
     <span class='ocr_line' id='line_1_31' title="bbox 146 3801 1136 3877; baseline 0.002 -18"><span class='ocrx_word' id='word_1_247' title='bbox 146 3810 233 3872; x_wconf 82' lang='lat' dir='ltr'><strong>esst)</strong></span> <span class='ocrx_word' id='word_1_248' title='bbox 252 3801 390 3874; x_wconf 78' lang='lat' dir='ltr'><strong>aptissimis</strong></span> <span class='ocrx_word' id='word_1_249' title='bbox 408 3813 491 3862; x_wconf 83' lang='lat' dir='ltr'><strong>verbis</strong></span> <span class='ocrx_word' id='word_1_250' title='bbox 508 3812 613 3877; x_wconf 85' lang='lat' dir='ltr'><strong>propius</strong></span> <span class='ocrx_word' id='word_1_251' title='bbox 632 3811 734 3862; x_wconf 78' lang='lat' dir='ltr'><strong>secedit</strong></span> <span class='ocrx_word' id='word_1_252' title='bbox 752 3827 829 3876; x_wconf 89' lang='lat' dir='ltr'><strong>qusnr</strong></span> <span class='ocrx_word' id='word_1_253' title='bbox 856 3825 913 3876; x_wconf 73' lang='lat' dir='ltr'><strong>qne</strong></span> <span class='ocrx_word' id='word_1_254' title='bbox 937 3825 1018 3876; x_wconf 87' lang='lat' dir='ltr'><strong>nuper</strong></span> <span class='ocrx_word' id='word_1_255' title='bbox 1035 3811 1136 3876; x_wconf 85' lang='lat' dir='ltr'><strong>prodita</strong></span> 
     </span>
     <span class='ocr_line' id='line_1_32' title="bbox 146 3901 1135 3969; baseline 0.004 -19"><span class='ocrx_word' id='word_1_256' title='bbox 146 3911 187 3952; x_wconf 87' lang='lat' dir='ltr'><strong>est</strong></span> <span class='ocrx_word' id='word_1_257' title='bbox 203 3901 330 3966; x_wconf 83' lang='lat' dir='ltr'><strong>(sperte</strong></span> <span class='ocrx_word' id='word_1_258' title='bbox 348 3907 434 3969; x_wconf 76' lang='lat' dir='ltr'><strong>ruti),</strong></span> <span class='ocrx_word' id='word_1_259' title='bbox 466 3914 530 3954; x_wconf 87' lang='lat' dir='ltr'><strong>eto.</strong></span> <span class='ocrx_word' id='word_1_260' title='bbox 551 3909 601 3958; x_wconf 81' lang='lat'><strong>³8.</strong></span> <span class='ocrx_word' id='word_1_261' title='bbox 635 3905 916 3956; x_wconf 83' lang='lat' dir='ltr'><strong>lexoonroestio</strong></span> <span class='ocrx_word' id='word_1_262' title='bbox 943 3905 1020 3968; x_wconf 85' lang='lat' dir='ltr'><strong>quib</strong></span> <span class='ocrx_word' id='word_1_263' title='bbox 1043 3905 1135 3955; x_wconf 84' lang='lat' dir='ltr'><strong>melius</strong></span> 
     </span>
     <span class='ocr_line' id='line_1_33' title="bbox 147 3993 1136 4063; baseline 0.003 -19"><span class='ocrx_word' id='word_1_264' title='bbox 147 3993 292 4044; x_wconf 77' lang='lat' dir='ltr'><strong>Gronovius</strong></span> <span class='ocrx_word' id='word_1_265' title='bbox 310 3993 441 4046; x_wconf 78' lang='lat' dir='ltr'><strong>sffeeerst:</strong></span> <span class='ocrx_word' id='word_1_266' title='bbox 461 3999 655 4047; x_wconf 79' lang='lat' dir='ltr'><strong>convocatis</strong></span> <span class='ocrx_word' id='word_1_267' title='bbox 679 3999 749 4049; x_wconf 86' lang='lat' dir='ltr'><strong>suis</strong></span> <span class='ocrx_word' id='word_1_268' title='bbox 767 4011 844 4063; x_wconf 88' lang='lat' dir='ltr'><strong>quam</strong></span> <span class='ocrx_word' id='word_1_269' title='bbox 864 3995 998 4047; x_wconf 79' lang='lat' dir='ltr'><strong>Bottoberr</strong></span> <span class='ocrx_word' id='word_1_270' title='bbox 1017 4011 1136 4047; x_wconf 84' lang='lat' dir='ltr'><strong>conro-</strong></span> 
     </span>
     <span class='ocr_line' id='line_1_34' title="bbox 146 4091 450 4166; baseline 0.013 -28"><span class='ocrx_word' id='word_1_271' title='bbox 146 4097 199 4139; x_wconf 84' lang='lat' dir='ltr'><strong>ost</strong></span> <span class='ocrx_word' id='word_1_272' title='bbox 217 4102 303 4148; x_wconf 83' lang='lat' dir='ltr'><strong>suos,</strong></span> <span class='ocrx_word' id='word_1_273' title='bbox 319 4091 450 4166; x_wconf 87' lang='lat' dir='ltr'><strong>quibus.</strong></span> 
     </span>
    </p>
   </div>
   <div class='ocr_carea' id='block_1_7' title="bbox 0 0 1420 4644">
    <p class='ocr_par' dir='ltr' id='par_1_7' title="bbox 0 0 1420 4644">
     <span class='ocr_line' id='line_1_35' title="bbox 0 0 1420 4644; baseline 0 0"><span class='ocrx_word' id='word_1_274' title='bbox 0 0 1420 4644; x_wconf 95' lang='lat' dir='ltr'><strong> </strong></span> 
     </span>
    </p>
   </div>
  </div>
 </body>
</html>
