<?xml version="1.0" encoding="UTF-8"?>
<!DOCTYPE html PUBLIC "-//W3C//DTD XHTML 1.0 Transitional//EN"
    "http://www.w3.org/TR/xhtml1/DTD/xhtml1-transitional.dtd">
<html xmlns="http://www.w3.org/1999/xhtml" xml:lang="en" lang="en">
 <head>
  <title>
</title>
<meta http-equiv="Content-Type" content="text/html;charset=utf-8" />
  <meta name='ocr-system' content='tesseract 3.04.00' />
  <meta name='ocr-capabilities' content='ocr_page ocr_carea ocr_par ocr_line ocrx_word'/>
</head>
<body>
  <div class='ocr_page' id='page_1' title='image "./emendationesliv02madvgoog_0452.png"; bbox 0 0 2800 4646; ppageno 0'>
   <div class='ocr_carea' id='block_1_1' title="bbox 598 295 1160 356">
    <p class='ocr_par' dir='ltr' id='par_1_1' title="bbox 598 295 1160 356">
     <span class='ocr_line' id='line_1_1' title="bbox 598 295 1160 356; baseline -0.02 1"><span class='ocrx_word' id='word_1_1' title='bbox 598 299 655 356; x_wconf 67' lang='lat' dir='ltr'><strong>tta</strong></span> <span class='ocrx_word' id='word_1_2' title='bbox 935 297 990 346; x_wconf 86' lang='lat' dir='ltr'><strong>Lib.</strong></span> <span class='ocrx_word' id='word_1_3' title='bbox 1003 295 1160 346; x_wconf 74' lang='lat' dir='ltr'><strong>xxxviii.</strong></span> 
     </span>
    </p>
   </div>
   <div class='ocr_carea' id='block_1_2' title="bbox 178 480 1256 560">
    <p class='ocr_par' dir='ltr' id='par_1_2' title="bbox 178 480 1256 560">
     <span class='ocr_line' id='line_1_2' title="bbox 178 480 1256 560; baseline -0.003 -19"><span class='ocrx_word' id='word_1_4' title='bbox 178 480 251 560; x_wconf 83' lang='lat' dir='ltr'><strong>Cap.</strong></span> <span class='ocrx_word' id='word_1_5' title='bbox 275 485 325 556; x_wconf 80' lang='lat'><strong>2⁸,</strong></span> <span class='ocrx_word' id='word_1_6' title='bbox 349 487 366 542; x_wconf 84' lang='lat' dir='ltr'><strong>s</strong></span> <span class='ocrx_word' id='word_1_7' title='bbox 388 485 441 557; x_wconf 86' lang='lat' dir='ltr'><strong>(de</strong></span> <span class='ocrx_word' id='word_1_8' title='bbox 463 481 652 560; x_wconf 76' lang='lat' dir='ltr'><strong>Cephallenia</strong></span> <span class='ocrx_word' id='word_1_9' title='bbox 673 500 692 538; x_wconf 89' lang='lat' dir='ltr'><strong>a</strong></span> <span class='ocrx_word' id='word_1_10' title='bbox 715 482 756 542; x_wconf 88' lang='grc' dir='ltr'><strong>Μ.</strong></span> <span class='ocrx_word' id='word_1_11' title='bbox 780 483 885 540; x_wconf 79' lang='lat' dir='ltr'><strong>Fulvio</strong></span> <span class='ocrx_word' id='word_1_12' title='bbox 907 481 1025 539; x_wconf 88' lang='lat' dir='ltr'><strong>consulo</strong></span> <span class='ocrx_word' id='word_1_13' title='bbox 1046 483 1164 557; x_wconf 66' lang='lat' dir='ltr'><strong>capta),</strong></span> <span class='ocrx_word' id='word_1_14' title='bbox 1254 486 1256 494; x_wconf 76' lang='grc'>’</span> 
     </span>
    </p>
   </div>
   <div class='ocr_carea' id='block_1_3' title="bbox 88 582 1163 3305">
    <p class='ocr_par' dir='ltr' id='par_1_3' title="bbox 88 582 1163 3305">
     <span class='ocr_line' id='line_1_3' title="bbox 93 582 1163 666; baseline 0 -22"><span class='ocrx_word' id='word_1_15' title='bbox 93 587 254 646; x_wconf 81' lang='lat' dir='ltr'>Obsides</span> <span class='ocrx_word' id='word_1_16' title='bbox 275 582 409 647; x_wconf 87' lang='lat' dir='ltr'><strong>deiude</strong></span> <span class='ocrx_word' id='word_1_17' title='bbox 430 590 635 666; x_wconf 88' lang='lat' dir='ltr'><strong>imperatos</strong></span> <span class='ocrx_word' id='word_1_18' title='bbox 655 605 720 663; x_wconf 92' lang='lat' dir='ltr'><strong>pro</strong></span> <span class='ocrx_word' id='word_1_19' title='bbox 742 587 887 646; x_wconf 82' lang='lat' dir='ltr'><strong>viribus</strong></span> <span class='ocrx_word' id='word_1_20' title='bbox 917 585 1036 662; x_wconf 92' lang='lat' dir='ltr'><strong>inopis</strong></span> <span class='ocrx_word' id='word_1_21' title='bbox 1051 606 1163 664; x_wconf 84' lang='lat' dir='ltr'><strong>popu·</strong></span> 
     </span>
     <span class='ocr_line' id='line_1_4' title="bbox 92 686 1161 766; baseline -0.001 -18"><span class='ocrx_word' id='word_1_22' title='bbox 92 693 121 749; x_wconf 92' lang='lat' dir='ltr'><strong>li</strong></span> <span class='ocrx_word' id='word_1_23' title='bbox 143 686 499 766; x_wconf 62' lang='lat' dir='ltr'><strong>vicenos‘Nesiotse,</strong></span> <span class='ocrx_word' id='word_1_24' title='bbox 521 691 670 762; x_wconf 82' lang='lat' dir='ltr'><strong>Cranii,</strong></span> <span class='ocrx_word' id='word_1_25' title='bbox 698 693 874 751; x_wconf 78' lang='lat' dir='ltr'>Palenses</span> <span class='ocrx_word' id='word_1_26' title='bbox 896 703 930 750; x_wconf 92' lang='lat' dir='ltr'><strong>et</strong></span> <span class='ocrx_word' id='word_1_27' title='bbox 952 691 1080 750; x_wconf 79' lang='lat' dir='ltr'><strong>Summi</strong></span> <span class='ocrx_word' id='word_1_28' title='bbox 1100 687 1161 748; x_wconf 87' lang='lat' dir='ltr'><strong>de·</strong></span> 
     </span>
     <span class='ocr_line' id='line_1_5' title="bbox 92 797 1162 860; baseline -0.002 -6"><span class='ocrx_word' id='word_1_29' title='bbox 92 799 235 859; x_wconf 87' lang='lat' dir='ltr'><strong>derunt.</strong></span> <span class='ocrx_word' id='word_1_30' title='bbox 297 800 346 860; x_wconf 90' lang='lat' dir='ltr'><strong>Sic</strong></span> <span class='ocrx_word' id='word_1_31' title='bbox 378 801 445 858; x_wconf 91' lang='lat' dir='ltr'><strong>inde</strong></span> <span class='ocrx_word' id='word_1_32' title='bbox 478 801 516 858; x_wconf 83' lang='lat' dir='ltr'><strong>ab</strong></span> <span class='ocrx_word' id='word_1_33' title='bbox 538 797 664 856; x_wconf 87' lang='lat' dir='ltr'><strong>edit-ione</strong></span> <span class='ocrx_word' id='word_1_34' title='bbox 692 799 880 856; x_wconf 83' lang='lat' dir='ltr'><strong>Frobeniena</strong></span> <span class='ocrx_word' id='word_1_35' title='bbox 902 799 934 856; x_wconf 89' lang='lat'><strong>11</strong></span> <span class='ocrx_word' id='word_1_36' title='bbox 968 797 1005 853; x_wconf 88' lang='lat' dir='ltr'><strong>ed</strong></span> <span class='ocrx_word' id='word_1_37' title='bbox 1031 805 1162 853; x_wconf 87' lang='lat' dir='ltr'><strong>nostram</strong></span> 
     </span>
     <span class='ocr_line' id='line_1_6' title="bbox 92 901 1162 978; baseline -0.005 -16"><span class='ocrx_word' id='word_1_38' title='bbox 92 915 210 962; x_wconf 81' lang='lat' dir='ltr'><strong>satutem</strong></span> <span class='ocrx_word' id='word_1_39' title='bbox 233 905 387 977; x_wconf 76' lang='lat' dir='ltr'><strong>scribitur,</strong></span> <span class='ocrx_word' id='word_1_40' title='bbox 416 903 608 962; x_wconf 87' lang='lat' dir='ltr'><strong>incertissima</strong></span> <span class='ocrx_word' id='word_1_41' title='bbox 631 905 821 975; x_wconf 80' lang='lat' dir='ltr'><strong>auctoritate,</strong></span> <span class='ocrx_word' id='word_1_42' title='bbox 852 903 987 978; x_wconf 89' lang='lat' dir='ltr'><strong>quoniam</strong></span> <span class='ocrx_word' id='word_1_43' title='bbox 1022 901 1162 960; x_wconf 77' lang='lat' dir='ltr'><strong>Gelenius</strong></span> 
     </span>
     <span class='ocr_line' id='line_1_7' title="bbox 92 1007 1160 1086; baseline -0.001 -21"><span class='ocrx_word' id='word_1_44' title='bbox 92 1008 165 1066; x_wconf 92' lang='lat' dir='ltr'><strong>nihil</strong></span> <span class='ocrx_word' id='word_1_45' title='bbox 194 1010 360 1082; x_wconf 77' lang='lat' dir='ltr'><strong>adnotavit,</strong></span> <span class='ocrx_word' id='word_1_46' title='bbox 392 1011 472 1086; x_wconf 89' lang='lat' dir='ltr'><strong>quod</strong></span> <span class='ocrx_word' id='word_1_47' title='bbox 500 1009 633 1080; x_wconf 81' lang='lat' dir='ltr'><strong>fecisset,</strong></span> <span class='ocrx_word' id='word_1_48' title='bbox 670 1010 788 1086; x_wconf 91' lang='lat' dir='ltr'><strong>opinor,</strong></span> <span class='ocrx_word' id='word_1_49' title='bbox 824 1010 849 1066; x_wconf 91' lang='lat' dir='ltr'><strong>si</strong></span> <span class='ocrx_word' id='word_1_50' title='bbox 871 1029 907 1066; x_wconf 87' lang='lat' dir='ltr'><strong>ex</strong></span> <span class='ocrx_word' id='word_1_51' title='bbox 929 1010 962 1066; x_wconf 88' lang='lat' dir='ltr'>M</span> <span class='ocrx_word' id='word_1_52' title='bbox 983 1007 1160 1065; x_wconf 76' lang='lat' dir='ltr'><strong>Nasiotas</strong></span> 
     </span>
     <span class='ocr_line' id='line_1_8' title="bbox 92 1113 1159 1192; baseline 0 -22"><span class='ocrx_word' id='word_1_53' title='bbox 92 1114 159 1172; x_wconf 89' lang='lat' dir='ltr'><strong>illos</strong></span> <span class='ocrx_word' id='word_1_54' title='bbox 181 1117 360 1192; x_wconf 76' lang='lat' dir='ltr'><strong>sumpsisset.</strong></span> <span class='ocrx_word' id='word_1_55' title='bbox 403 1115 557 1176; x_wconf 85' lang='lat' dir='ltr'><strong>Convincit</strong></span> <span class='ocrx_word' id='word_1_56' title='bbox 578 1124 675 1172; x_wconf 86' lang='lat' dir='ltr'><strong>autem</strong></span> <span class='ocrx_word' id='word_1_57' title='bbox 700 1133 750 1172; x_wconf 90' lang='lat' dir='ltr'><strong>eos</strong></span> <span class='ocrx_word' id='word_1_58' title='bbox 774 1113 838 1192; x_wconf 87' lang='lat' dir='ltr'><strong>ipsa</strong></span> <span class='ocrx_word' id='word_1_59' title='bbox 859 1133 920 1186; x_wconf 68' lang='lat' dir='ltr'><strong>res,</strong></span> <span class='ocrx_word' id='word_1_60' title='bbox 941 1133 1009 1171; x_wconf 85' lang='lat' dir='ltr'><strong>nam</strong></span> <span class='ocrx_word' id='word_1_61' title='bbox 1026 1123 1159 1188; x_wconf 83' lang='lat' dir='ltr'><strong>quartum</strong></span> 
     </span>
     <span class='ocr_line' id='line_1_9' title="bbox 92 1217 1161 1299; baseline -0.005 -21"><span class='ocrx_word' id='word_1_62' title='bbox 92 1219 291 1297; x_wconf 71' lang='lat' dir='ltr'><strong>Cephallenia</strong></span> <span class='ocrx_word' id='word_1_63' title='bbox 312 1223 451 1299; x_wconf 91' lang='lat' dir='ltr'><strong>oppidum</strong></span> <span class='ocrx_word' id='word_1_64' title='bbox 484 1241 568 1279; x_wconf 89' lang='lat' dir='ltr'><strong>nemo</strong></span> <span class='ocrx_word' id='word_1_65' title='bbox 590 1223 713 1279; x_wconf 88' lang='lat' dir='ltr'><strong>Neson</strong></span> <span class='ocrx_word' id='word_1_66' title='bbox 747 1221 905 1297; x_wconf 86' lang='lat' dir='ltr'><strong>appellavit</strong></span> <span class='ocrx_word' id='word_1_67' title='bbox 928 1217 1095 1298; x_wconf 49' lang='lat' dir='ltr'><strong>(record,-</strong></span> <span class='ocrx_word' id='word_1_68' title='bbox 1109 1217 1161 1274; x_wconf 90' lang='lat' dir='ltr'><strong>sed</strong></span> 
     </span>
     <span class='ocr_line' id='line_1_10' title="bbox 91 1316 1160 1408; baseline -0.001 -24"><span class='ocrx_word' id='word_1_69' title='bbox 91 1338 146 1384; x_wconf 83' lang='lat' dir='ltr'><strong>aut</strong></span> <span class='ocrx_word' id='word_1_70' title='bbox 171 1316 327 1408; x_wconf 77' lang='grc' dir='ltr'><strong><em>Πρόνους</em></strong></span> <span class='ocrx_word' id='word_1_71' title='bbox 361 1327 540 1404; x_wconf 83' lang='lat' dir='ltr'><strong>(incolasque</strong></span> <span class='ocrx_word' id='word_1_72' title='bbox 569 1321 786 1407; x_wconf 75' lang='grc' dir='ltr'><strong><em>Προναίους,</em></strong></span> <span class='ocrx_word' id='word_1_73' title='bbox 809 1322 1039 1407; x_wconf 64' lang='lat' dir='ltr'><strong>timoremve,</strong></span> <span class='ocrx_word' id='word_1_74' title='bbox 1065 1321 1160 1403; x_wconf 81' lang='grc' dir='ltr'><em>Προ-</em></span> 
     </span>
     <span class='ocr_line' id='line_1_11' title="bbox 93 1421 1161 1514; baseline -0.01 -20"><span class='ocrx_word' id='word_1_75' title='bbox 93 1421 210 1508; x_wconf 75' lang='grc' dir='ltr'>νόους)</span> <span class='ocrx_word' id='word_1_76' title='bbox 233 1444 285 1492; x_wconf 87' lang='lat' dir='ltr'><strong>aut</strong></span> <span class='ocrx_word' id='word_1_77' title='bbox 307 1423 491 1514; x_wconf 75' lang='grc' dir='ltr'><strong><em>Πρόνησον</em></strong></span> <span class='ocrx_word' id='word_1_78' title='bbox 513 1434 627 1510; x_wconf 85' lang='lat' dir='ltr'><strong>(Steph.</strong></span> <span class='ocrx_word' id='word_1_79' title='bbox 640 1434 726 1509; x_wconf 81' lang='lat' dir='ltr'><strong>Byz.)</strong></span> <span class='ocrx_word' id='word_1_80' title='bbox 750 1423 1003 1512; x_wconf 62' lang='lat' dir='ltr'><strong>nutflpoiorpoov</strong></span> <span class='ocrx_word' id='word_1_81' title='bbox 1025 1429 1161 1503; x_wconf 84' lang='lat' dir='ltr'><strong>(Strab.).</strong></span> 
     </span>
     <span class='ocr_line' id='line_1_12' title="bbox 91 1535 1162 1615; baseline -0.005 -19"><span class='ocrx_word' id='word_1_82' title='bbox 91 1541 200 1615; x_wconf 87' lang='lat' dir='ltr'><strong>Itaque</strong></span> <span class='ocrx_word' id='word_1_83' title='bbox 220 1540 491 1610; x_wconf 87' lang='lat' dir='ltr'><strong>Weissenbornius,</strong></span> <span class='ocrx_word' id='word_1_84' title='bbox 511 1540 714 1598; x_wconf 82' lang='lat' dir='ltr'><strong>animadverso</strong></span> <span class='ocrx_word' id='word_1_85' title='bbox 739 1540 825 1597; x_wconf 87' lang='lat' dir='ltr'><strong>etiam</strong></span> <span class='ocrx_word' id='word_1_86' title='bbox 859 1536 1051 1614; x_wconf 79' lang='lat' dir='ltr'><strong>copulationis</strong></span> <span class='ocrx_word' id='word_1_87' title='bbox 1087 1535 1162 1592; x_wconf 81' lang='lat' dir='ltr'><strong>vitio</strong></span> 
     </span>
     <span class='ocr_line' id='line_1_13' title="bbox 91 1641 1161 1721; baseline -0.005 -19"><span class='ocrx_word' id='word_1_88' title='bbox 91 1645 135 1717; x_wconf 93' lang='lat' dir='ltr'><strong>(in</strong></span> <span class='ocrx_word' id='word_1_89' title='bbox 162 1656 211 1716; x_wconf 88' lang='lat' dir='ltr'><strong>et;</strong></span> <span class='ocrx_word' id='word_1_90' title='bbox 249 1641 307 1706; x_wconf 86' lang='lat' dir='ltr'><strong>vid.</strong></span> <span class='ocrx_word' id='word_1_91' title='bbox 328 1647 366 1703; x_wconf 84' lang='lat' dir='ltr'><strong>sd</strong></span> <span class='ocrx_word' id='word_1_92' title='bbox 389 1645 455 1717; x_wconf 87' lang='lat' dir='ltr'><strong>Ill,</strong></span> <span class='ocrx_word' id='word_1_93' title='bbox 495 1650 525 1715; x_wconf 85' lang='lat' dir='ltr'><strong>t,</strong></span> <span class='ocrx_word' id='word_1_94' title='bbox 551 1643 598 1720; x_wconf 90' lang='lat'><strong>5),</strong></span> <span class='ocrx_word' id='word_1_95' title='bbox 632 1647 722 1704; x_wconf 85' lang='lat' dir='ltr'><strong>verbe</strong></span> <span class='ocrx_word' id='word_1_96' title='bbox 751 1647 792 1703; x_wconf 89' lang='lat' dir='ltr'><strong>sic</strong></span> <span class='ocrx_word' id='word_1_97' title='bbox 822 1645 937 1721; x_wconf 78' lang='lat' dir='ltr'><strong>scripsit</strong></span> <span class='ocrx_word' id='word_1_98' title='bbox 958 1641 1161 1716; x_wconf 76' lang='lat' dir='ltr'><strong>distinxitquet</strong></span> 
     </span>
     <span class='ocr_line' id='line_1_14' title="bbox 92 1747 1160 1826; baseline -0.006 -18"><span class='ocrx_word' id='word_1_99' title='bbox 92 1751 259 1808; x_wconf 80' lang='lat' dir='ltr'><strong>Nesiotae</strong></span> <span class='ocrx_word' id='word_1_100' title='bbox 275 1750 401 1810; x_wconf 84' lang='lat' dir='ltr'><strong>Cranii</strong></span> <span class='ocrx_word' id='word_1_101' title='bbox 424 1761 459 1809; x_wconf 88' lang='lat' dir='ltr'><strong>et</strong></span> <span class='ocrx_word' id='word_1_102' title='bbox 476 1751 656 1810; x_wconf 80' lang='lat' dir='ltr'><strong>Palenses</strong></span> <span class='ocrx_word' id='word_1_103' title='bbox 679 1761 713 1809; x_wconf 89' lang='lat' dir='ltr'><strong>et</strong></span> <span class='ocrx_word' id='word_1_104' title='bbox 734 1751 874 1821; x_wconf 72' lang='lat' dir='ltr'><strong>Samaei,</strong></span> <span class='ocrx_word' id='word_1_105' title='bbox 896 1749 1002 1826; x_wconf 87' lang='lat' dir='ltr'><strong>copula</strong></span> <span class='ocrx_word' id='word_1_106' title='bbox 1022 1767 1059 1810; x_wconf 84' lang='lat' dir='ltr'><strong>ex</strong></span> <span class='ocrx_word' id='word_1_107' title='bbox 1081 1747 1160 1804; x_wconf 81' lang='lat' dir='ltr'><strong>codi-</strong></span> 
     </span>
     <span class='ocr_line' id='line_1_15' title="bbox 92 1857 1162 1933; baseline -0.007 -17"><span class='ocrx_word' id='word_1_108' title='bbox 92 1858 176 1916; x_wconf 88' lang='lat' dir='ltr'><strong>cibus</strong></span> <span class='ocrx_word' id='word_1_109' title='bbox 198 1867 323 1933; x_wconf 86' lang='lat' dir='ltr'><strong>sumpta.</strong></span> <span class='ocrx_word' id='word_1_110' title='bbox 373 1857 432 1917; x_wconf 89' lang='lat' dir='ltr'><strong>Sed</strong></span> <span class='ocrx_word' id='word_1_111' title='bbox 461 1876 555 1933; x_wconf 89' lang='lat' dir='ltr'><strong>neque</strong></span> <span class='ocrx_word' id='word_1_112' title='bbox 584 1857 642 1914; x_wconf 87' lang='lat' dir='ltr'><strong>tria</strong></span> <span class='ocrx_word' id='word_1_113' title='bbox 670 1857 789 1914; x_wconf 87' lang='lat' dir='ltr'><strong>uomina</strong></span> <span class='ocrx_word' id='word_1_114' title='bbox 820 1875 874 1932; x_wconf 90' lang='lat' dir='ltr'><strong>pro</strong></span> <span class='ocrx_word' id='word_1_115' title='bbox 897 1864 1035 1931; x_wconf 89' lang='lat' dir='ltr'><strong>quattuor</strong></span> <span class='ocrx_word' id='word_1_116' title='bbox 1066 1871 1162 1928; x_wconf 88' lang='lat' dir='ltr'><strong>neque</strong></span> 
     </span>
     <span class='ocr_line' id='line_1_16' title="bbox 94 1959 1159 2036; baseline -0.004 -16"><span class='ocrx_word' id='word_1_117' title='bbox 94 1979 198 2020; x_wconf 89' lang='lat' dir='ltr'><strong>omnes</strong></span> <span class='ocrx_word' id='word_1_118' title='bbox 220 1961 321 2019; x_wconf 69' lang='lat' dir='ltr'><strong>insulae</strong></span> <span class='ocrx_word' id='word_1_119' title='bbox 342 1959 443 2018; x_wconf 75' lang='lat' dir='ltr'><strong>incolae</strong></span> <span class='ocrx_word' id='word_1_120' title='bbox 466 1961 615 2036; x_wconf 89' lang='lat' dir='ltr'><strong>(insulani)</strong></span> <span class='ocrx_word' id='word_1_121' title='bbox 638 1959 744 2020; x_wconf 70' lang='lat' dir='ltr'><strong>Grmca</strong></span> <span class='ocrx_word' id='word_1_122' title='bbox 772 1963 1005 2021; x_wconf 88' lang='lat' dir='ltr'><strong>Nasiotarum</strong></span> <span class='ocrx_word' id='word_1_123' title='bbox 1030 1960 1159 2036; x_wconf 86' lang='lat' dir='ltr'><strong>appella-</strong></span> 
     </span>
     <span class='ocr_line' id='line_1_17' title="bbox 93 2064 1159 2144; baseline -0.001 -20"><span class='ocrx_word' id='word_1_124' title='bbox 93 2069 173 2125; x_wconf 84' lang='lat' dir='ltr'><strong>tione</strong></span> <span class='ocrx_word' id='word_1_125' title='bbox 195 2067 395 2144; x_wconf 83' lang='lat' dir='ltr'><strong>comprehensi</strong></span> <span class='ocrx_word' id='word_1_126' title='bbox 419 2067 508 2124; x_wconf 89' lang='lat' dir='ltr'><strong>ullam</strong></span> <span class='ocrx_word' id='word_1_127' title='bbox 530 2064 905 2144; x_wconf 73' lang='lat' dir='ltr'><strong>habeut&#39;probabilitatem.</strong></span> <span class='ocrx_word' id='word_1_128' title='bbox 949 2069 984 2125; x_wconf 93' lang='lat' dir='ltr'><strong>In</strong></span> <span class='ocrx_word' id='word_1_129' title='bbox 1003 2067 1159 2135; x_wconf 78' lang='lat' dir='ltr'><strong>codicibus,</strong></span> 
     </span>
     <span class='ocr_line' id='line_1_18' title="bbox 93 2171 1159 2248; baseline -0.002 -18"><span class='ocrx_word' id='word_1_130' title='bbox 93 2173 131 2230; x_wconf 90' lang='lat' dir='ltr'><strong>de</strong></span> <span class='ocrx_word' id='word_1_131' title='bbox 154 2172 260 2248; x_wconf 91' lang='lat' dir='ltr'><strong>quibus</strong></span> <span class='ocrx_word' id='word_1_132' title='bbox 282 2182 405 2242; x_wconf 81' lang='lat' dir='ltr'><strong>constat,</strong></span> <span class='ocrx_word' id='word_1_133' title='bbox 427 2173 668 2231; x_wconf 87' lang='lat' dir='ltr'><strong>Nesioturum</strong></span> <span class='ocrx_word' id='word_1_134' title='bbox 705 2171 814 2231; x_wconf 91' lang='lat' dir='ltr'><strong>nullum</strong></span> <span class='ocrx_word' id='word_1_135' title='bbox 841 2173 994 2248; x_wconf 86' lang='lat' dir='ltr'><strong>vestigium</strong></span> <span class='ocrx_word' id='word_1_136' title='bbox 1016 2183 1075 2243; x_wconf 86' lang='lat' dir='ltr'><strong>cst,</strong></span> <span class='ocrx_word' id='word_1_137' title='bbox 1108 2172 1159 2228; x_wconf 92' lang='lat' dir='ltr'><strong>sed</strong></span> 
     </span>
     <span class='ocr_line' id='line_1_19' title="bbox 90 2277 1161 2352; baseline -0.003 -15"><span class='ocrx_word' id='word_1_138' title='bbox 90 2279 134 2338; x_wconf 89' lang='lat' dir='ltr'><strong>sic</strong></span> <span class='ocrx_word' id='word_1_139' title='bbox 156 2277 304 2336; x_wconf 87' lang='lat' dir='ltr'><strong>scribitur:</strong></span> <span class='ocrx_word' id='word_1_140' title='bbox 332 2277 486 2335; x_wconf 86' lang='lat' dir='ltr'><strong>vicenos</strong></span> <span class='ocrx_word' id='word_1_141' title='bbox 521 2287 640 2336; x_wconf 89' lang='lat' dir='ltr'><strong>autem</strong></span> <span class='ocrx_word' id='word_1_142' title='bbox 673 2278 866 2337; x_wconf 85' lang='lat' dir='ltr'><strong>Grannoni</strong></span> <span class='ocrx_word' id='word_1_143' title='bbox 897 2279 936 2346; x_wconf 88' lang='grc' dir='ltr'><strong>(Β</strong></span> <span class='ocrx_word' id='word_1_144' title='bbox 970 2289 999 2336; x_wconf 86' lang='lat' dir='ltr'><strong>et</strong></span> <span class='ocrx_word' id='word_1_145' title='bbox 1020 2287 1161 2352; x_wconf 88' lang='lat' dir='ltr'><strong>quattuor</strong></span> 
     </span>
     <span class='ocr_line' id='line_1_20' title="bbox 90 2382 1156 2455; baseline -0.003 -13"><span class='ocrx_word' id='word_1_146' title='bbox 90 2383 255 2453; x_wconf 76' lang='lat' dir='ltr'><strong>Drakenb,</strong></span> <span class='ocrx_word' id='word_1_147' title='bbox 277 2383 443 2441; x_wconf 88' lang='lat' dir='ltr'><strong>Granoni</strong></span> <span class='ocrx_word' id='word_1_148' title='bbox 466 2393 523 2441; x_wconf 89' lang='lat' dir='ltr'><strong>tres</strong></span> <span class='ocrx_word' id='word_1_149' title='bbox 545 2383 650 2455; x_wconf 75' lang='lat' dir='ltr'><strong>Drak,</strong></span> <span class='ocrx_word' id='word_1_150' title='bbox 672 2383 871 2451; x_wconf 83' lang='lat' dir='ltr'><strong>Granouii‚</strong></span> <span class='ocrx_word' id='word_1_151' title='bbox 902 2382 1076 2441; x_wconf 83' lang='lat' dir='ltr'><strong>Gramoni</strong></span> <span class='ocrx_word' id='word_1_152' title='bbox 1098 2383 1156 2440; x_wconf 89' lang='lat' dir='ltr'><strong>sin-</strong></span> 
     </span>
     <span class='ocr_line' id='line_1_21' title="bbox 89 2487 1157 2566; baseline 0.001 -21"><span class='ocrx_word' id='word_1_153' title='bbox 89 2489 166 2566; x_wconf 80' lang='lat' dir='ltr'><strong>guli)</strong></span> <span class='ocrx_word' id='word_1_154' title='bbox 189 2499 224 2546; x_wconf 91' lang='lat' dir='ltr'><strong>et</strong></span> <span class='ocrx_word' id='word_1_155' title='bbox 244 2487 426 2546; x_wconf 85' lang='lat' dir='ltr'><strong>Palenses</strong></span> <span class='ocrx_word' id='word_1_156' title='bbox 448 2497 480 2545; x_wconf 91' lang='lat' dir='ltr'><strong>et</strong></span> <span class='ocrx_word' id='word_1_157' title='bbox 503 2488 631 2546; x_wconf 72' lang='lat' dir='ltr'><strong>Samari</strong></span> <span class='ocrx_word' id='word_1_158' title='bbox 654 2489 794 2556; x_wconf 84' lang='lat' dir='ltr'><strong>(Tamei</strong></span> <span class='ocrx_word' id='word_1_159' title='bbox 818 2491 853 2560; x_wconf 89' lang='lat' dir='ltr'><strong>B,</strong></span> <span class='ocrx_word' id='word_1_160' title='bbox 868 2490 933 2546; x_wconf 88' lang='lat' dir='ltr'><strong>Pol.</strong></span> <span class='ocrx_word' id='word_1_161' title='bbox 950 2495 972 2560; x_wconf 87' lang='lat' dir='ltr'><strong>l,</strong></span> <span class='ocrx_word' id='word_1_162' title='bbox 995 2487 1157 2546; x_wconf 77' lang='lat' dir='ltr'><strong>Thamsei</strong></span> 
     </span>
     <span class='ocr_line' id='line_1_22' title="bbox 90 2592 1158 2670; baseline -0.001 -18"><span class='ocrx_word' id='word_1_163' title='bbox 90 2607 151 2652; x_wconf 90' lang='lat' dir='ltr'><strong>tres</strong></span> <span class='ocrx_word' id='word_1_164' title='bbox 171 2593 281 2664; x_wconf 84' lang='lat' dir='ltr'><strong>Drak.)</strong></span> <span class='ocrx_word' id='word_1_165' title='bbox 304 2593 489 2650; x_wconf 88' lang='lat' dir='ltr'><strong>dederunt.</strong></span> <span class='ocrx_word' id='word_1_166' title='bbox 534 2595 617 2664; x_wconf 73' lang='lat' dir='ltr'><strong>(Hoc</strong></span> <span class='ocrx_word' id='word_1_167' title='bbox 638 2597 759 2653; x_wconf 87' lang='lat' dir='ltr'><strong>verbum</strong></span> <span class='ocrx_word' id='word_1_168' title='bbox 782 2595 888 2653; x_wconf 86' lang='lat' dir='ltr'><strong>omittit</strong></span> <span class='ocrx_word' id='word_1_169' title='bbox 910 2592 960 2669; x_wconf 83' lang='lat' dir='ltr'><strong>B.)</strong></span> <span class='ocrx_word' id='word_1_170' title='bbox 1005 2595 1063 2654; x_wconf 88' lang='lat' dir='ltr'><strong>Sed</strong></span> <span class='ocrx_word' id='word_1_171' title='bbox 1082 2613 1158 2670; x_wconf 85' lang='lat' dir='ltr'><strong>pras·</strong></span> 
     </span>
     <span class='ocr_line' id='line_1_23' title="bbox 90 2698 1156 2758; baseline 0.002 -2"><span class='ocrx_word' id='word_1_172' title='bbox 90 2710 136 2756; x_wconf 88' lang='lat' dir='ltr'><strong>ter</strong></span> <span class='ocrx_word' id='word_1_173' title='bbox 158 2699 233 2756; x_wconf 86' lang='lat' dir='ltr'><strong>banc</strong></span> <span class='ocrx_word' id='word_1_174' title='bbox 260 2699 289 2755; x_wconf 92' lang='lat' dir='ltr'><strong>iu</strong></span> <span class='ocrx_word' id='word_1_175' title='bbox 319 2699 484 2756; x_wconf 89' lang='lat' dir='ltr'><strong>nominibus</strong></span> <span class='ocrx_word' id='word_1_176' title='bbox 516 2698 713 2758; x_wconf 84' lang='lat' dir='ltr'><strong>difficultatem</strong></span> <span class='ocrx_word' id='word_1_177' title='bbox 736 2701 815 2758; x_wconf 87' lang='lat' dir='ltr'><strong>aliud</strong></span> <span class='ocrx_word' id='word_1_178' title='bbox 837 2711 881 2758; x_wconf 88' lang='lat' dir='ltr'><strong>est</strong></span> <span class='ocrx_word' id='word_1_179' title='bbox 900 2699 1113 2758; x_wconf 89' lang='lat' dir='ltr'><strong>incommodum</strong></span> <span class='ocrx_word' id='word_1_180' title='bbox 1138 2721 1156 2758; x_wconf 89' lang='lat' dir='ltr'><strong>a</strong></span> 
     </span>
     <span class='ocr_line' id='line_1_24' title="bbox 89 2804 1158 2880; baseline 0.003 -19"><span class='ocrx_word' id='word_1_181' title='bbox 89 2805 241 2862; x_wconf 87' lang='lat' dir='ltr'><strong>nullodum</strong></span> <span class='ocrx_word' id='word_1_182' title='bbox 282 2804 531 2880; x_wconf 64' lang='lat' dir='ltr'><strong>animadversum</strong></span> <span class='ocrx_word' id='word_1_183' title='bbox 566 2823 659 2880; x_wconf 90' lang='lat' dir='ltr'><strong>neque</strong></span> <span class='ocrx_word' id='word_1_184' title='bbox 692 2806 767 2864; x_wconf 89' lang='lat' dir='ltr'><strong>enim</strong></span> <span class='ocrx_word' id='word_1_185' title='bbox 805 2817 934 2864; x_wconf 83' lang='lat' dir='ltr'><strong>veterum</strong></span> <span class='ocrx_word' id='word_1_186' title='bbox 972 2807 1158 2880; x_wconf 85' lang='lat' dir='ltr'><strong>meximeque</strong></span> 
     </span>
     <span class='ocr_line' id='line_1_25' title="bbox 89 2909 1156 2990; baseline 0.001 -22"><span class='ocrx_word' id='word_1_187' title='bbox 89 2909 263 2968; x_wconf 81' lang='lat' dir='ltr'><strong>Graecorum</strong></span> <span class='ocrx_word' id='word_1_188' title='bbox 290 2911 427 2986; x_wconf 87' lang='lat' dir='ltr'><strong>loquendi</strong></span> <span class='ocrx_word' id='word_1_189' title='bbox 452 2928 506 2968; x_wconf 90' lang='lat' dir='ltr'><strong>usu</strong></span> <span class='ocrx_word' id='word_1_190' title='bbox 536 2929 610 2967; x_wconf 89' lang='lat' dir='ltr'><strong>uuus</strong></span> <span class='ocrx_word' id='word_1_191' title='bbox 640 2919 703 2967; x_wconf 87' lang='lat' dir='ltr'><strong>erat</strong></span> <span class='ocrx_word' id='word_1_192' title='bbox 734 2909 988 2986; x_wconf 85' lang='lat' dir='ltr'><strong>Cephallaniorum</strong></span> <span class='ocrx_word' id='word_1_193' title='bbox 1020 2913 1156 2990; x_wconf 86' lang='lat' dir='ltr'><strong>popalus,</strong></span> 
     </span>
     <span class='ocr_line' id='line_1_26' title="bbox 89 3015 1156 3094; baseline 0.002 -22"><span class='ocrx_word' id='word_1_194' title='bbox 89 3015 143 3072; x_wconf 89' lang='lat' dir='ltr'><strong>sed</strong></span> <span class='ocrx_word' id='word_1_195' title='bbox 165 3025 312 3090; x_wconf 87' lang='lat' dir='ltr'><strong>quattuor.</strong></span> <span class='ocrx_word' id='word_1_196' title='bbox 355 3017 460 3092; x_wconf 87' lang='lat' dir='ltr'><strong>Itaque</strong></span> <span class='ocrx_word' id='word_1_197' title='bbox 481 3015 657 3086; x_wconf 86' lang='lat' dir='ltr'><strong>rectissime,</strong></span> <span class='ocrx_word' id='word_1_198' title='bbox 678 3017 764 3073; x_wconf 85' lang='lat' dir='ltr'><strong>etiem</strong></span> <span class='ocrx_word' id='word_1_199' title='bbox 788 3017 825 3074; x_wconf 85' lang='lat' dir='ltr'><strong>sd</strong></span> <span class='ocrx_word' id='word_1_200' title='bbox 849 3018 990 3094; x_wconf 83' lang='lat' dir='ltr'><strong>reliquam</strong></span> <span class='ocrx_word' id='word_1_201' title='bbox 1015 3018 1156 3076; x_wconf 88' lang='lat' dir='ltr'><strong>orationis</strong></span> 
     </span>
     <span class='ocr_line' id='line_1_27' title="bbox 88 3120 1158 3197; baseline 0.003 -19"><span class='ocrx_word' id='word_1_202' title='bbox 88 3120 228 3190; x_wconf 76' lang='lat' dir='ltr'><strong>fonnem,</strong></span> <span class='ocrx_word' id='word_1_203' title='bbox 249 3130 281 3178; x_wconf 91' lang='lat' dir='ltr'><strong>ut</strong></span> <span class='ocrx_word' id='word_1_204' title='bbox 306 3120 412 3197; x_wconf 71' lang='lat' dir='ltr'><strong>inopiae</strong></span> <span class='ocrx_word' id='word_1_205' title='bbox 434 3131 462 3178; x_wconf 90' lang='lat' dir='ltr'><strong>et</strong></span> <span class='ocrx_word' id='word_1_206' title='bbox 483 3121 587 3178; x_wconf 88' lang='lat' dir='ltr'><strong>virium</strong></span> <span class='ocrx_word' id='word_1_207' title='bbox 609 3121 717 3179; x_wconf 87' lang='lat' dir='ltr'><strong>mentio</strong></span> <span class='ocrx_word' id='word_1_208' title='bbox 740 3123 777 3180; x_wconf 87' lang='lat' dir='ltr'><strong>sd</strong></span> <span class='ocrx_word' id='word_1_209' title='bbox 799 3124 959 3182; x_wconf 86' lang='lat' dir='ltr'><strong>subiectum</strong></span> <span class='ocrx_word' id='word_1_210' title='bbox 981 3136 1010 3182; x_wconf 90' lang='lat' dir='ltr'><strong>et</strong></span> <span class='ocrx_word' id='word_1_211' title='bbox 1031 3125 1069 3182; x_wconf 85' lang='lat' dir='ltr'><strong>ed</strong></span> <span class='ocrx_word' id='word_1_212' title='bbox 1091 3143 1158 3181; x_wconf 89' lang='lat' dir='ltr'><strong>ver-</strong></span> 
     </span>
     <span class='ocr_line' id='line_1_28' title="bbox 89 3226 1159 3305; baseline 0.001 -21"><span class='ocrx_word' id='word_1_213' title='bbox 89 3227 159 3284; x_wconf 88' lang='lat' dir='ltr'><strong>bum</strong></span> <span class='ocrx_word' id='word_1_214' title='bbox 183 3226 361 3284; x_wconf 80' lang='lat' dir='ltr'><strong>dederunt</strong></span> <span class='ocrx_word' id='word_1_215' title='bbox 381 3227 624 3298; x_wconf 75' lang='lat' dir='ltr'><strong>accommodetur,</strong></span> <span class='ocrx_word' id='word_1_216' title='bbox 649 3227 678 3300; x_wconf 87' lang='lat' dir='ltr'><strong>ip</strong></span> <span class='ocrx_word' id='word_1_217' title='bbox 701 3228 727 3285; x_wconf 92' lang='lat' dir='ltr'>B</span> <span class='ocrx_word' id='word_1_218' title='bbox 753 3235 796 3300; x_wconf 85' lang='lat' dir='ltr'><strong>(et</strong></span> <span class='ocrx_word' id='word_1_219' title='bbox 816 3229 941 3288; x_wconf 82' lang='lat' dir='ltr'><strong>fortasse</strong></span> <span class='ocrx_word' id='word_1_220' title='bbox 962 3231 992 3286; x_wconf 91' lang='lat' dir='ltr'><strong>in</strong></span> <span class='ocrx_word' id='word_1_221' title='bbox 1015 3229 1159 3305; x_wconf 84' lang='lat' dir='ltr'><strong>pluribus,</strong></span> 
     </span>
    </p>
   </div>
   <div class='ocr_carea' id='block_1_4' title="bbox 89 3331 1155 3414">
    <p class='ocr_par' dir='ltr' id='par_1_4' title="bbox 89 3331 1155 3414">
     <span class='ocr_line' id='line_1_29' title="bbox 89 3331 1155 3414; baseline 0.004 -26"><span class='ocrx_word' id='word_1_222' title='bbox 89 3331 113 3388; x_wconf 89' lang='lat' dir='ltr'><strong>si</strong></span> <span class='ocrx_word' id='word_1_223' title='bbox 137 3331 252 3389; x_wconf 85' lang='lat' dir='ltr'><strong>tantilla</strong></span> <span class='ocrx_word' id='word_1_224' title='bbox 270 3351 318 3390; x_wconf 87' lang='lat' dir='ltr'><strong>res</strong></span> <span class='ocrx_word' id='word_1_225' title='bbox 341 3332 481 3390; x_wconf 84' lang='lat' dir='ltr'><strong>adnotata</strong></span> <span class='ocrx_word' id='word_1_226' title='bbox 499 3341 587 3400; x_wconf 79' lang='lat' dir='ltr'><strong>esset)</strong></span> <span class='ocrx_word' id='word_1_227' title='bbox 605 3333 740 3391; x_wconf 85' lang='lat' dir='ltr'><strong>scribitur</strong></span> <span class='ocrx_word' id='word_1_228' title='bbox 762 3335 892 3414; x_wconf 77' lang='lat' dir='ltr'><strong>inopes</strong></span> <span class='ocrx_word' id='word_1_229' title='bbox 913 3335 1049 3411; x_wconf 91' lang='lat' dir='ltr'><strong>populi.</strong></span> <span class='ocrx_word' id='word_1_230' title='bbox 1089 3335 1155 3392; x_wconf 89' lang='lat' dir='ltr'><strong>Hoc</strong></span> 
     </span>
    </p>
   </div>
   <div class='ocr_carea' id='block_1_5' title="bbox 87 3436 1158 4148">
    <p class='ocr_par' dir='ltr' id='par_1_5' title="bbox 87 3436 1158 4148">
     <span class='ocr_line' id='line_1_30' title="bbox 90 3436 1155 3516; baseline 0.006 -24"><span class='ocrx_word' id='word_1_231' title='bbox 90 3436 296 3496; x_wconf 82' lang='lat' dir='ltr'><strong>animadverso</strong></span> <span class='ocrx_word' id='word_1_232' title='bbox 320 3438 507 3514; x_wconf 85' lang='lat' dir='ltr'><strong>intelligitur,</strong></span> <span class='ocrx_word' id='word_1_233' title='bbox 533 3459 597 3515; x_wconf 89' lang='lat' dir='ltr'><strong>pro</strong></span> <span class='ocrx_word' id='word_1_234' title='bbox 626 3439 773 3496; x_wconf 82' lang='lat' dir='ltr'><strong>viribus</strong></span> <span class='ocrx_word' id='word_1_235' title='bbox 796 3458 830 3496; x_wconf 86' lang='lat' dir='ltr'><strong>eo</strong></span> <span class='ocrx_word' id='word_1_236' title='bbox 853 3440 1013 3516; x_wconf 87' lang='lat' dir='ltr'><strong>pertinere,</strong></span> <span class='ocrx_word' id='word_1_237' title='bbox 1044 3449 1075 3497; x_wconf 90' lang='lat' dir='ltr'><strong>ut</strong></span> <span class='ocrx_word' id='word_1_238' title='bbox 1095 3459 1155 3498; x_wconf 91' lang='lat' dir='ltr'><strong>uon</strong></span> 
     </span>
     <span class='ocr_line' id='line_1_31' title="bbox 89 3541 1158 3622; baseline 0.007 -24"><span class='ocrx_word' id='word_1_239' title='bbox 89 3542 167 3600; x_wconf 91' lang='lat' dir='ltr'><strong>idem</strong></span> <span class='ocrx_word' id='word_1_240' title='bbox 190 3544 227 3600; x_wconf 89' lang='lat' dir='ltr'><strong>ab</strong></span> <span class='ocrx_word' id='word_1_241' title='bbox 250 3545 384 3602; x_wconf 89' lang='lat' dir='ltr'><strong>omnibus</strong></span> <span class='ocrx_word' id='word_1_242' title='bbox 407 3553 545 3620; x_wconf 88' lang='lat' dir='ltr'><strong>quattuor</strong></span> <span class='ocrx_word' id='word_1_243' title='bbox 566 3541 683 3622; x_wconf 91' lang='lat' dir='ltr'><strong>populis</strong></span> <span class='ocrx_word' id='word_1_244' title='bbox 704 3562 840 3602; x_wconf 89' lang='lat' dir='ltr'><strong>numeras</strong></span> <span class='ocrx_word' id='word_1_245' title='bbox 862 3543 947 3602; x_wconf 88' lang='lat' dir='ltr'><strong>datus</strong></span> <span class='ocrx_word' id='word_1_246' title='bbox 969 3547 1016 3617; x_wconf 89' lang='lat' dir='ltr'><strong>sit,</strong></span> <span class='ocrx_word' id='word_1_247' title='bbox 1038 3547 1158 3604; x_wconf 90' lang='lat' dir='ltr'><strong>eodem·</strong></span> 
     </span>
     <span class='ocr_line' id='line_1_32' title="bbox 92 3649 1154 3724; baseline 0.005 -18"><span class='ocrx_word' id='word_1_248' title='bbox 92 3667 149 3724; x_wconf 89' lang='lat' dir='ltr'><strong>que</strong></span> <span class='ocrx_word' id='word_1_249' title='bbox 171 3660 303 3724; x_wconf 86' lang='lat' dir='ltr'><strong>spectare</strong></span> <span class='ocrx_word' id='word_1_250' title='bbox 325 3650 475 3708; x_wconf 87' lang='lat' dir='ltr'><strong>vicenos</strong></span> <span class='ocrx_word' id='word_1_251' title='bbox 499 3655 626 3714; x_wconf 77' lang='lat' dir='ltr'><strong>auten.</strong></span> <span class='ocrx_word' id='word_1_252' title='bbox 670 3651 775 3724; x_wconf 89' lang='lat' dir='ltr'><strong>ltaque</strong></span> <span class='ocrx_word' id='word_1_253' title='bbox 800 3649 838 3706; x_wconf 85' lang='lat' dir='ltr'><strong>ad</strong></span> <span class='ocrx_word' id='word_1_254' title='bbox 859 3649 935 3707; x_wconf 88' lang='lat' dir='ltr'><strong>hauc</strong></span> <span class='ocrx_word' id='word_1_255' title='bbox 955 3650 1081 3710; x_wconf 83' lang='lat' dir='ltr'><strong>formam</strong></span> <span class='ocrx_word' id='word_1_256' title='bbox 1104 3653 1154 3710; x_wconf 87' lang='lat' dir='ltr'><strong>Li-</strong></span> 
     </span>
     <span class='ocr_line' id='line_1_33' title="bbox 89 3754 1156 3831; baseline 0.006 -20"><span class='ocrx_word' id='word_1_257' title='bbox 89 3754 155 3811; x_wconf 85' lang='lat' dir='ltr'><strong>vius</strong></span> <span class='ocrx_word' id='word_1_258' title='bbox 177 3755 346 3830; x_wconf 81' lang='lat' dir='ltr'><strong>scripserat:</strong></span> <span class='ocrx_word' id='word_1_259' title='bbox 379 3757 537 3815; x_wconf 91' lang='lat' dir='ltr'><strong>Obsides</strong></span> <span class='ocrx_word' id='word_1_260' title='bbox 564 3755 648 3814; x_wconf 88' lang='lat' dir='ltr'><strong>iude</strong></span> <span class='ocrx_word' id='word_1_261' title='bbox 679 3755 882 3831; x_wconf 88' lang='lat' dir='ltr'><strong>imperatos</strong></span> <span class='ocrx_word' id='word_1_262' title='bbox 911 3773 975 3830; x_wconf 90' lang='lat' dir='ltr'><strong>pro</strong></span> <span class='ocrx_word' id='word_1_263' title='bbox 1008 3757 1156 3816; x_wconf 88' lang='lat' dir='ltr'><strong>viribus</strong></span> 
     </span>
     <span class='ocr_line' id='line_1_34' title="bbox 88 3857 1157 3940; baseline 0.002 -22"><span class='ocrx_word' id='word_1_264' title='bbox 88 3861 219 3936; x_wconf 89' lang='lat' dir='ltr'><strong>inopes</strong></span> <span class='ocrx_word' id='word_1_265' title='bbox 241 3862 385 3938; x_wconf 90' lang='lat' dir='ltr'><strong>populi,</strong></span> <span class='ocrx_word' id='word_1_266' title='bbox 409 3859 676 3940; x_wconf 83' lang='lat' dir='ltr'><strong>[quadraginta</strong></span> <span class='ocrx_word' id='word_1_267' title='bbox 698 3857 897 3937; x_wconf 78' lang='lat' dir='ltr'><strong>l&#39;ronucei,]</strong></span> <span class='ocrx_word' id='word_1_268' title='bbox 916 3863 1068 3920; x_wconf 85' lang='lat' dir='ltr'><strong>vicenos</strong></span> <span class='ocrx_word' id='word_1_269' title='bbox 1090 3881 1157 3920; x_wconf 86' lang='lat' dir='ltr'><strong>au-</strong></span> 
     </span>
     <span class='ocr_line' id='line_1_35' title="bbox 88 3965 1156 4028; baseline 0.004 -6"><span class='ocrx_word' id='word_1_270' title='bbox 88 3978 158 4022; x_wconf 89' lang='lat' dir='ltr'><strong>tem</strong></span> <span class='ocrx_word' id='word_1_271' title='bbox 181 3965 308 4024; x_wconf 82' lang='lat' dir='ltr'><strong>Cranii</strong></span> <span class='ocrx_word' id='word_1_272' title='bbox 338 3977 374 4024; x_wconf 87' lang='lat' dir='ltr'><strong>et</strong></span> <span class='ocrx_word' id='word_1_273' title='bbox 411 3967 592 4026; x_wconf 87' lang='lat' dir='ltr'><strong>Palenses</strong></span> <span class='ocrx_word' id='word_1_274' title='bbox 630 3967 812 4025; x_wconf 80' lang='lat' dir='ltr'><strong>stSamoei</strong></span> <span class='ocrx_word' id='word_1_275' title='bbox 835 3965 1024 4028; x_wconf 85' lang='lat' dir='ltr'><strong>dederunt.</strong></span> <span class='ocrx_word' id='word_1_276' title='bbox 1058 3968 1156 4028; x_wconf 82' lang='lat' dir='ltr'><strong>Aber-</strong></span> 
     </span>
     <span class='ocr_line' id='line_1_36' title="bbox 87 4069 1152 4148; baseline 0.003 -20"><span class='ocrx_word' id='word_1_277' title='bbox 87 4069 166 4130; x_wconf 87' lang='lat' dir='ltr'><strong>ravit</strong></span> <span class='ocrx_word' id='word_1_278' title='bbox 186 4071 298 4130; x_wconf 86' lang='lat' dir='ltr'><strong>librarii</strong></span> <span class='ocrx_word' id='word_1_279' title='bbox 320 4072 420 4131; x_wconf 90' lang='lat' dir='ltr'><strong>oculus</strong></span> <span class='ocrx_word' id='word_1_280' title='bbox 448 4091 466 4130; x_wconf 85' lang='lat' dir='ltr'><strong>s</strong></span> <span class='ocrx_word' id='word_1_281' title='bbox 486 4072 585 4148; x_wconf 90' lang='lat' dir='ltr'><strong>priore</strong></span> <span class='ocrx_word' id='word_1_282' title='bbox 606 4091 726 4131; x_wconf 89' lang='lat' dir='ltr'><strong>numero</strong></span> <span class='ocrx_word' id='word_1_283' title='bbox 746 4073 784 4130; x_wconf 90' lang='lat' dir='ltr'><strong>ad</strong></span> <span class='ocrx_word' id='word_1_284' title='bbox 808 4073 939 4131; x_wconf 87' lang='lat' dir='ltr'><strong>altemm.</strong></span> <span class='ocrx_word' id='word_1_285' title='bbox 990 4073 1152 4132; x_wconf 89' lang='lat' dir='ltr'><strong>Numerum</strong></span> 
     </span>
    </p>
   </div>
   <div class='ocr_carea' id='block_1_6' title="bbox 0 0 1404 4646">
    <p class='ocr_par' dir='ltr' id='par_1_6' title="bbox 0 0 1404 4646">
     <span class='ocr_line' id='line_1_37' title="bbox 0 0 1404 4646; baseline 0 0"><span class='ocrx_word' id='word_1_286' title='bbox 0 0 1404 4646; x_wconf 95' lang='lat' dir='ltr'><strong> </strong></span> 
     </span>
    </p>
   </div>
  </div>
 </body>
</html>
