<?xml version="1.0" encoding="UTF-8"?>
<!DOCTYPE html PUBLIC "-//W3C//DTD XHTML 1.0 Transitional//EN"
    "http://www.w3.org/TR/xhtml1/DTD/xhtml1-transitional.dtd">
<html xmlns="http://www.w3.org/1999/xhtml" xml:lang="en" lang="en">
 <head>
  <title>
</title>
<meta http-equiv="Content-Type" content="text/html;charset=utf-8" />
  <meta name='ocr-system' content='tesseract 3.04.00' />
  <meta name='ocr-capabilities' content='ocr_page ocr_carea ocr_par ocr_line ocrx_word'/>
</head>
<body>
  <div class='ocr_page' id='page_1' title='image "./emendationesliv02madvgoog_0331.png"; bbox 0 0 2810 4644; ppageno 0'>
   <div class='ocr_carea' id='block_1_1' title="bbox 302 252 843 312">
    <p class='ocr_par' dir='ltr' id='par_1_1' title="bbox 302 252 843 312">
     <span class='ocr_line' id='line_1_1' title="bbox 302 252 843 312; baseline -0.004 -10"><span class='ocrx_word' id='word_1_1' title='bbox 302 253 359 304; x_wconf 75' lang='lat' dir='ltr'><strong>tib.</strong></span> <span class='ocrx_word' id='word_1_2' title='bbox 371 252 484 302; x_wconf 82' lang='lat' dir='ltr'><strong>xxvn.</strong></span> <span class='ocrx_word' id='word_1_3' title='bbox 785 255 843 312; x_wconf 75' lang='lat'><strong>322</strong></span> 
     </span>
    </p>
   </div>
   <div class='ocr_carea' id='block_1_2' title="bbox 281 433 1335 3790">
    <p class='ocr_par' dir='ltr' id='par_1_2' title="bbox 283 433 1335 1256">
     <span class='ocr_line' id='line_1_2' title="bbox 283 433 1328 514; baseline -0.006 -18"><span class='ocrx_word' id='word_1_4' title='bbox 283 438 400 514; x_wconf 83' lang='lat' dir='ltr'>opinor,</span> <span class='ocrx_word' id='word_1_5' title='bbox 434 437 505 495; x_wconf 86' lang='lat' dir='ltr'><strong>locis</strong></span> <span class='ocrx_word' id='word_1_6' title='bbox 545 433 704 510; x_wconf 83' lang='lat' dir='ltr'><strong>perfectum</strong></span> <span class='ocrx_word' id='word_1_7' title='bbox 726 436 755 494; x_wconf 91' lang='lat' dir='ltr'><strong>in</strong></span> <span class='ocrx_word' id='word_1_8' title='bbox 786 437 842 494; x_wconf 81' lang='lat' dir='ltr'><strong>bec</strong></span> <span class='ocrx_word' id='word_1_9' title='bbox 874 437 969 496; x_wconf 81' lang='lat' dir='ltr'><strong>forma</strong></span> <span class='ocrx_word' id='word_1_10' title='bbox 999 437 1152 514; x_wconf 80' lang='lat' dir='ltr'><strong>reperitur:</strong></span> <span class='ocrx_word' id='word_1_11' title='bbox 1189 435 1243 504; x_wconf 83' lang='lat' dir='ltr'><strong>1v,</strong></span> <span class='ocrx_word' id='word_1_12' title='bbox 1266 437 1328 501; x_wconf 78' lang='grc'><strong>7,3</strong></span> 
     </span>
     <span class='ocr_line' id='line_1_3' title="bbox 285 539 1330 616; baseline -0.003 -14"><span class='ocrx_word' id='word_1_13' title='bbox 285 544 475 614; x_wconf 80' lang='lat' dir='ltr'><strong>(inierunt,</strong></span> <span class='ocrx_word' id='word_1_14' title='bbox 499 539 586 608; x_wconf 78' lang='lat' dir='ltr'><strong>sed§</strong></span> <span class='ocrx_word' id='word_1_15' title='bbox 612 544 622 597; x_wconf 93' lang='lat' dir='ltr'><strong>l</strong></span> <span class='ocrx_word' id='word_1_16' title='bbox 649 541 799 600; x_wconf 85' lang='lat' dir='ltr'><strong>condita</strong></span> <span class='ocrx_word' id='word_1_17' title='bbox 821 543 927 616; x_wconf 79' lang='lat' dir='ltr'><strong>eret),</strong></span> <span class='ocrx_word' id='word_1_18' title='bbox 955 544 1109 614; x_wconf 85' lang='lat' dir='ltr'>XXVIII,</span> <span class='ocrx_word' id='word_1_19' title='bbox 1133 545 1179 612; x_wconf 79' lang='grc'><strong>16,</strong></span> <span class='ocrx_word' id='word_1_20' title='bbox 1205 546 1240 600; x_wconf 83' lang='lat' dir='ltr'><strong>ll</strong></span> <span class='ocrx_word' id='word_1_21' title='bbox 1268 541 1330 614; x_wconf 84' lang='lat' dir='ltr'><strong>(ec-</strong></span> 
     </span>
     <span class='ocr_line' id='line_1_4' title="bbox 284 648 1332 726; baseline -0.001 -19"><span class='ocrx_word' id='word_1_22' title='bbox 284 651 410 726; x_wconf 86' lang='lat' dir='ltr'><strong>cepit)‚</strong></span> <span class='ocrx_word' id='word_1_23' title='bbox 437 648 560 716; x_wconf 82' lang='lat' dir='ltr'>XXXI,</span> <span class='ocrx_word' id='word_1_24' title='bbox 594 649 689 716; x_wconf 81' lang='grc'>14,2,</span> <span class='ocrx_word' id='word_1_25' title='bbox 711 648 869 718; x_wconf 80' lang='lat' dir='ltr'>XXXVI,</span> <span class='ocrx_word' id='word_1_26' title='bbox 900 651 949 720; x_wconf 80' lang='lat'><strong>39,</strong></span> <span class='ocrx_word' id='word_1_27' title='bbox 972 653 1001 706; x_wconf 87' lang='lat'><strong>5.</strong></span> <span class='ocrx_word' id='word_1_28' title='bbox 1052 649 1164 707; x_wconf 77' lang='lat' dir='ltr'><strong>Eadem</strong></span> <span class='ocrx_word' id='word_1_29' title='bbox 1184 648 1260 706; x_wconf 83' lang='lat' dir='ltr'><strong>ratio</strong></span> <span class='ocrx_word' id='word_1_30' title='bbox 1283 656 1332 718; x_wconf 67' lang='lat' dir='ltr'><strong>est,</strong></span> 
     </span>
     <span class='ocr_line' id='line_1_5' title="bbox 284 753 1334 831; baseline -0.002 -17"><span class='ocrx_word' id='word_1_31' title='bbox 284 775 371 831; x_wconf 88' lang='lat' dir='ltr'><strong>quum</strong></span> <span class='ocrx_word' id='word_1_32' title='bbox 394 754 497 812; x_wconf 89' lang='lat' dir='ltr'><strong>dicitur</strong></span> <span class='ocrx_word' id='word_1_33' title='bbox 523 763 606 830; x_wconf 87' lang='lat' dir='ltr'><strong>post</strong></span> <span class='ocrx_word' id='word_1_34' title='bbox 627 753 746 825; x_wconf 80' lang='lat' dir='ltr'><strong>(intra)</strong></span> <span class='ocrx_word' id='word_1_35' title='bbox 777 753 868 812; x_wconf 88' lang='lat' dir='ltr'><strong>diem</strong></span> <span class='ocrx_word' id='word_1_36' title='bbox 898 754 1059 829; x_wconf 87' lang='lat' dir='ltr'><strong>quintum</strong></span> <span class='ocrx_word' id='word_1_37' title='bbox 1089 772 1200 830; x_wconf 79' lang='lat' dir='ltr'><strong>quem.</strong></span> <span class='ocrx_word' id='word_1_38' title='bbox 1251 754 1334 828; x_wconf 87' lang='lat' dir='ltr'><strong>Quod</strong></span> 
     </span>
     <span class='ocr_line' id='line_1_6' title="bbox 284 857 1334 936; baseline -0.001 -16"><span class='ocrx_word' id='word_1_39' title='bbox 284 862 327 920; x_wconf 90' lang='lat' dir='ltr'><strong>ad</strong></span> <span class='ocrx_word' id='word_1_40' title='bbox 349 869 415 918; x_wconf 84' lang='lat' dir='ltr'><strong>ente</strong></span> <span class='ocrx_word' id='word_1_41' title='bbox 438 859 609 919; x_wconf 89' lang='lat' dir='ltr'><strong>Siciliam</strong></span> <span class='ocrx_word' id='word_1_42' title='bbox 630 857 680 916; x_wconf 88' lang='lat' dir='ltr'><strong>alii</strong></span> <span class='ocrx_word' id='word_1_43' title='bbox 700 857 763 915; x_wconf 89' lang='lat' dir='ltr'><strong>tolli</strong></span> <span class='ocrx_word' id='word_1_44' title='bbox 784 859 893 930; x_wconf 85' lang='lat' dir='ltr'><strong>volunt,</strong></span> <span class='ocrx_word' id='word_1_45' title='bbox 913 859 963 918; x_wconf 82' lang='lat' dir='ltr'><strong>ulii</strong></span> <span class='ocrx_word' id='word_1_46' title='bbox 984 879 1049 918; x_wconf 86' lang='lat' dir='ltr'><strong>oum</strong></span> <span class='ocrx_word' id='word_1_47' title='bbox 1072 861 1107 918; x_wconf 90' lang='lat' dir='ltr'><strong>in</strong></span> <span class='ocrx_word' id='word_1_48' title='bbox 1128 869 1334 936; x_wconf 71' lang='lat' dir='ltr'><strong>permutarunt</strong></span> 
     </span>
     <span class='ocr_line' id='line_1_7' title="bbox 283 963 1334 1044; baseline 0 -20"><span class='ocrx_word' id='word_1_49' title='bbox 283 967 379 1024; x_wconf 89' lang='lat' dir='ltr'><strong>nescio</strong></span> <span class='ocrx_word' id='word_1_50' title='bbox 401 985 439 1024; x_wconf 87' lang='lat' dir='ltr'><strong>nu</strong></span> <span class='ocrx_word' id='word_1_51' title='bbox 460 975 562 1024; x_wconf 88' lang='lat' dir='ltr'><strong>neutro</strong></span> <span class='ocrx_word' id='word_1_52' title='bbox 584 982 658 1040; x_wconf 91' lang='lat' dir='ltr'><strong>opus</strong></span> <span class='ocrx_word' id='word_1_53' title='bbox 681 963 726 1023; x_wconf 88' lang='lat' dir='ltr'><strong>sit.</strong></span> <span class='ocrx_word' id='word_1_54' title='bbox 771 963 894 1024; x_wconf 89' lang='lat' dir='ltr'><strong>Videtur</strong></span> <span class='ocrx_word' id='word_1_55' title='bbox 914 967 990 1024; x_wconf 88' lang='lat' dir='ltr'><strong>enim</strong></span> <span class='ocrx_word' id='word_1_56' title='bbox 1004 967 1105 1026; x_wconf 87' lang='lat' dir='ltr'><strong>Livius</strong></span> <span class='ocrx_word' id='word_1_57' title='bbox 1126 967 1251 1044; x_wconf 90' lang='lat' dir='ltr'><strong>primum</strong></span> <span class='ocrx_word' id='word_1_58' title='bbox 1274 966 1334 1024; x_wconf 86' lang='lat' dir='ltr'><strong>uni·</strong></span> 
     </span>
     <span class='ocr_line' id='line_1_8' title="bbox 284 1069 1335 1149; baseline 0 -19"><span class='ocrx_word' id='word_1_59' title='bbox 284 1091 366 1130; x_wconf 85' lang='lat' dir='ltr'><strong>verse</strong></span> <span class='ocrx_word' id='word_1_60' title='bbox 387 1091 467 1130; x_wconf 86' lang='lat' dir='ltr'><strong>mare</strong></span> <span class='ocrx_word' id='word_1_61' title='bbox 488 1071 565 1130; x_wconf 79' lang='lat' dir='ltr'><strong>circe</strong></span> <span class='ocrx_word' id='word_1_62' title='bbox 592 1070 720 1129; x_wconf 86' lang='lat' dir='ltr'><strong>Siciliam</strong></span> <span class='ocrx_word' id='word_1_63' title='bbox 750 1069 926 1145; x_wconf 79' lang='lat' dir='ltr'><strong>significare,</strong></span> <span class='ocrx_word' id='word_1_64' title='bbox 959 1073 1061 1130; x_wconf 90' lang='lat' dir='ltr'><strong>deinde</strong></span> <span class='ocrx_word' id='word_1_65' title='bbox 1089 1085 1190 1149; x_wconf 84' lang='lat' dir='ltr'><strong>portus</strong></span> <span class='ocrx_word' id='word_1_66' title='bbox 1220 1073 1335 1130; x_wconf 88' lang='lat' dir='ltr'><strong>nomine</strong></span> 
     </span>
     <span class='ocr_line' id='line_1_9' title="bbox 285 1171 1334 1256; baseline 0 -20"><span class='ocrx_word' id='word_1_67' title='bbox 285 1180 495 1256; x_wconf 75' lang='lat' dir='ltr'><strong>(Lilybaeum</strong></span> <span class='ocrx_word' id='word_1_68' title='bbox 527 1171 709 1249; x_wconf 85' lang='lat' dir='ltr'><strong>revectus)</strong></span> <span class='ocrx_word' id='word_1_69' title='bbox 742 1175 777 1232; x_wconf 93' lang='lat' dir='ltr'><strong>in</strong></span> <span class='ocrx_word' id='word_1_70' title='bbox 808 1177 935 1236; x_wconf 87' lang='lat' dir='ltr'><strong>Siciliam</strong></span> <span class='ocrx_word' id='word_1_71' title='bbox 965 1189 1134 1254; x_wconf 86' lang='lat' dir='ltr'><strong>perventum</strong></span> <span class='ocrx_word' id='word_1_72' title='bbox 1163 1179 1334 1254; x_wconf 80' lang='lat' dir='ltr'><strong>significare.</strong></span> 
     </span>
    </p>

    <p class='ocr_par' dir='ltr' id='par_1_3' title="bbox 281 1280 1335 3156">
     <span class='ocr_line' id='line_1_10' title="bbox 365 1280 1335 1362; baseline -0.003 -19"><span class='ocrx_word' id='word_1_73' title='bbox 365 1283 438 1362; x_wconf 87' lang='lat' dir='ltr'><strong>Cap.</strong></span> <span class='ocrx_word' id='word_1_74' title='bbox 463 1284 509 1352; x_wconf 78' lang='lat'><strong>12,</strong></span> <span class='ocrx_word' id='word_1_75' title='bbox 532 1285 549 1339; x_wconf 85' lang='lat'>2</span> <span class='ocrx_word' id='word_1_76' title='bbox 572 1291 601 1339; x_wconf 90' lang='lat' dir='ltr'><strong>et</strong></span> <span class='ocrx_word' id='word_1_77' title='bbox 623 1283 640 1339; x_wconf 86' lang='grc'>3</span> <span class='ocrx_word' id='word_1_78' title='bbox 671 1280 802 1339; x_wconf 80' lang='lat' dir='ltr'><strong>cretione</strong></span> <span class='ocrx_word' id='word_1_79' title='bbox 824 1282 866 1340; x_wconf 92' lang='lat' dir='ltr'><strong>sic</strong></span> <span class='ocrx_word' id='word_1_80' title='bbox 887 1283 1043 1360; x_wconf 80' lang='lat' dir='ltr'><strong>descripte:</strong></span> <span class='ocrx_word' id='word_1_81' title='bbox 1085 1285 1174 1343; x_wconf 89' lang='lat' dir='ltr'><strong>Post</strong></span> <span class='ocrx_word' id='word_1_82' title='bbox 1199 1301 1335 1360; x_wconf 84' lang='lat' dir='ltr'><strong>paucos</strong></span> 
     </span>
     <span class='ocr_line' id='line_1_11' title="bbox 283 1386 1335 1466; baseline -0.002 -18"><span class='ocrx_word' id='word_1_83' title='bbox 283 1392 359 1449; x_wconf 86' lang='lat' dir='ltr'><strong>dies</strong></span> <span class='ocrx_word' id='word_1_84' title='bbox 380 1397 596 1450; x_wconf 86' lang='lat' dir='ltr'><strong>consecutus</strong></span> <span class='ocrx_word' id='word_1_85' title='bbox 617 1386 753 1446; x_wconf 84' lang='lat' dir='ltr'><strong>Fabius</strong></span> <span class='ocrx_word' id='word_1_86' title='bbox 776 1387 852 1460; x_wconf 80' lang='lat' dir='ltr'><strong>(est),</strong></span> <span class='ocrx_word' id='word_1_87' title='bbox 873 1389 935 1462; x_wconf 90' lang='lat' dir='ltr'><strong>qui</strong></span> <span class='ocrx_word' id='word_1_88' title='bbox 956 1397 991 1446; x_wconf 91' lang='lat' dir='ltr'><strong>et</strong></span> <span class='ocrx_word' id='word_1_89' title='bbox 1011 1389 1189 1466; x_wconf 77' lang='lat' dir='ltr'><strong>collegam</strong></span> <span class='ocrx_word' id='word_1_90' title='bbox 1213 1408 1335 1448; x_wconf 80' lang='lat' dir='ltr'><strong>coram</strong></span> 
     </span>
     <span class='ocr_line' id='line_1_12' title="bbox 283 1491 1334 1570; baseline -0.002 -16"><span class='ocrx_word' id='word_1_91' title='bbox 283 1499 489 1556; x_wconf 86' lang='lat' dir='ltr'><strong>obtestatus</strong></span> <span class='ocrx_word' id='word_1_92' title='bbox 511 1504 545 1551; x_wconf 91' lang='lat' dir='ltr'><strong>et</strong></span> <span class='ocrx_word' id='word_1_93' title='bbox 565 1512 628 1568; x_wconf 90' lang='lat' dir='ltr'><strong>per</strong></span> <span class='ocrx_word' id='word_1_94' title='bbox 649 1491 796 1550; x_wconf 73' lang='lat' dir='ltr'><strong>litteras</strong></span> <span class='ocrx_word' id='word_1_95' title='bbox 811 1493 1033 1564; x_wconf 76' lang='lat' dir='ltr'><strong>Marcellum,</strong></span> <span class='ocrx_word' id='word_1_96' title='bbox 1054 1505 1091 1552; x_wconf 91' lang='lat' dir='ltr'><strong>ut</strong></span> <span class='ocrx_word' id='word_1_97' title='bbox 1113 1513 1216 1570; x_wconf 80' lang='lat' dir='ltr'><strong>qnam</strong></span> <span class='ocrx_word' id='word_1_98' title='bbox 1239 1514 1334 1552; x_wconf 83' lang='lat' dir='ltr'><strong>ecer-</strong></span> 
     </span>
     <span class='ocr_line' id='line_1_13' title="bbox 282 1597 1334 1675; baseline -0.003 -15"><span class='ocrx_word' id='word_1_99' title='bbox 282 1604 373 1660; x_wconf 90' lang='lat' dir='ltr'><strong>rimo</strong></span> <span class='ocrx_word' id='word_1_100' title='bbox 395 1601 492 1660; x_wconf 89' lang='lat' dir='ltr'><strong>bello</strong></span> <span class='ocrx_word' id='word_1_101' title='bbox 515 1600 697 1658; x_wconf 90' lang='lat' dir='ltr'><strong>detineret</strong></span> <span class='ocrx_word' id='word_1_102' title='bbox 718 1597 975 1670; x_wconf 76' lang='lat' dir='ltr'><strong>Hannibalem,</strong></span> <span class='ocrx_word' id='word_1_103' title='bbox 1002 1601 1181 1675; x_wconf 66' lang='lat' dir='ltr'><strong>dumjpss</strong></span> <span class='ocrx_word' id='word_1_104' title='bbox 1202 1601 1334 1658; x_wconf 85' lang='lat' dir='ltr'><strong>Taren·</strong></span> 
     </span>
     <span class='ocr_line' id='line_1_14' title="bbox 282 1705 1254 1783; baseline -0.001 -18"><span class='ocrx_word' id='word_1_105' title='bbox 282 1717 416 1765; x_wconf 87' lang='lat' dir='ltr'><strong>tentum</strong></span> <span class='ocrx_word' id='word_1_106' title='bbox 440 1713 670 1783; x_wconf 76' lang='lat' dir='ltr'><strong>oppugnaret</strong></span> <span class='ocrx_word' id='word_1_107' title='bbox 703 1709 758 1771; x_wconf 92' lang='lat'><strong>(-</strong></span> <span class='ocrx_word' id='word_1_108' title='bbox 789 1723 829 1762; x_wconf 83' lang='lat' dir='ltr'><strong>es</strong></span> <span class='ocrx_word' id='word_1_109' title='bbox 851 1705 938 1762; x_wconf 89' lang='lat' dir='ltr'><strong>urbe</strong></span> <span class='ocrx_word' id='word_1_110' title='bbox 959 1707 1129 1782; x_wconf 86' lang='lat' dir='ltr'><strong>adempte</strong></span> <span class='ocrx_word' id='word_1_111' title='bbox 1155 1707 1254 1764; x_wconf 89' lang='lat' dir='ltr'><strong>hosti</strong></span> 
     </span>
     <span class='ocr_line' id='line_1_15' title="bbox 282 1810 1332 1886; baseline 0 -16"><span class='ocrx_word' id='word_1_112' title='bbox 282 1833 324 1870; x_wconf 91' lang='lat' dir='ltr'><strong>ne</strong></span> <span class='ocrx_word' id='word_1_113' title='bbox 354 1811 563 1870; x_wconf 85' lang='lat' dir='ltr'><strong>remorandi</strong></span> <span class='ocrx_word' id='word_1_114' title='bbox 598 1810 743 1886; x_wconf 89' lang='lat' dir='ltr'><strong>quidem</strong></span> <span class='ocrx_word' id='word_1_115' title='bbox 777 1829 927 1868; x_wconf 76' lang='lat' dir='ltr'><strong>causam</strong></span> <span class='ocrx_word' id='word_1_116' title='bbox 961 1811 995 1868; x_wconf 93' lang='lat' dir='ltr'><strong>in</strong></span> <span class='ocrx_word' id='word_1_117' title='bbox 1025 1811 1141 1869; x_wconf 86' lang='lat' dir='ltr'><strong>Italia</strong></span> <span class='ocrx_word' id='word_1_118' title='bbox 1169 1811 1250 1870; x_wconf 86' lang='lat' dir='ltr'><strong>fore</strong></span> <span class='ocrx_word' id='word_1_119' title='bbox 1272 1815 1332 1883; x_wconf 80' lang='grc'><strong>-),</strong></span> 
     </span>
     <span class='ocr_line' id='line_1_16' title="bbox 283 1916 1332 1994; baseline -0.002 -16"><span class='ocrx_word' id='word_1_120' title='bbox 283 1919 430 1994; x_wconf 85' lang='lat' dir='ltr'><strong>Regium</strong></span> <span class='ocrx_word' id='word_1_121' title='bbox 452 1917 559 1974; x_wconf 86' lang='lat' dir='ltr'><strong>etiam</strong></span> <span class='ocrx_word' id='word_1_122' title='bbox 581 1916 702 1984; x_wconf 69' lang='lat' dir='ltr'><strong>mittit,</strong></span> <span class='ocrx_word' id='word_1_123' title='bbox 724 1925 788 1982; x_wconf 80' lang='lat' dir='ltr'><strong>oet,</strong></span> <span class='ocrx_word' id='word_1_124' title='bbox 820 1916 959 1974; x_wconf 75' lang='lat' dir='ltr'><strong>vitabitur</strong></span> <span class='ocrx_word' id='word_1_125' title='bbox 978 1917 1092 1988; x_wconf 72' lang='lat' dir='ltr'><strong>vitiosa,</strong></span> <span class='ocrx_word' id='word_1_126' title='bbox 1114 1935 1173 1991; x_wconf 87' lang='lat' dir='ltr'><strong>que</strong></span> <span class='ocrx_word' id='word_1_127' title='bbox 1194 1919 1243 1976; x_wconf 89' lang='lat' dir='ltr'><strong>hic</strong></span> <span class='ocrx_word' id='word_1_128' title='bbox 1264 1937 1332 1993; x_wconf 89' lang='lat' dir='ltr'><strong>qno·</strong></span> 
     </span>
     <span class='ocr_line' id='line_1_17' title="bbox 283 2021 1331 2101; baseline 0 -19"><span class='ocrx_word' id='word_1_129' title='bbox 283 2045 338 2101; x_wconf 88' lang='lat' dir='ltr'><strong>que</strong></span> <span class='ocrx_word' id='word_1_130' title='bbox 360 2025 410 2083; x_wconf 85' lang='lat' dir='ltr'><strong>W.</strong></span> <span class='ocrx_word' id='word_1_131' title='bbox 433 2023 531 2090; x_wconf 84' lang='lat' dir='ltr'><strong>utitur,</strong></span> <span class='ocrx_word' id='word_1_132' title='bbox 559 2021 666 2098; x_wconf 80' lang='lat' dir='ltr'><strong>ellipsis</strong></span> <span class='ocrx_word' id='word_1_133' title='bbox 688 2022 769 2080; x_wconf 88' lang='lat' dir='ltr'><strong>verbi</strong></span> <span class='ocrx_word' id='word_1_134' title='bbox 791 2022 963 2080; x_wconf 80' lang='lat' dir='ltr'><strong>substantivi</strong></span> <span class='ocrx_word' id='word_1_135' title='bbox 993 2023 1071 2098; x_wconf 86' lang='lat' dir='ltr'><strong>apud</strong></span> <span class='ocrx_word' id='word_1_136' title='bbox 1098 2024 1331 2099; x_wconf 78' lang='lat' dir='ltr'><strong>perticipiumiu</strong></span> 
     </span>
     <span class='ocr_line' id='line_1_18' title="bbox 282 2127 1331 2203; baseline -0.003 -14"><span class='ocrx_word' id='word_1_137' title='bbox 282 2131 422 2189; x_wconf 80' lang='lat' dir='ltr'><strong>sententie</strong></span> <span class='ocrx_word' id='word_1_138' title='bbox 442 2128 565 2186; x_wconf 85' lang='lat' dir='ltr'><strong>relativa</strong></span> <span class='ocrx_word' id='word_1_139' title='bbox 597 2127 671 2202; x_wconf 88' lang='lat' dir='ltr'><strong>(qui</strong></span> <span class='ocrx_word' id='word_1_140' title='bbox 707 2174 734 2187; x_wconf 91' lang='lat'><strong>..</strong></span> <span class='ocrx_word' id='word_1_141' title='bbox 763 2129 972 2186; x_wconf 82' lang='lat' dir='ltr'><strong>obtestatus</strong></span> <span class='ocrx_word' id='word_1_142' title='bbox 992 2147 1061 2203; x_wconf 87' lang='lat' dir='ltr'><strong>pro:</strong></span> <span class='ocrx_word' id='word_1_143' title='bbox 1093 2129 1156 2203; x_wconf 90' lang='lat' dir='ltr'><strong>qui</strong></span> <span class='ocrx_word' id='word_1_144' title='bbox 1183 2171 1211 2190; x_wconf 88' lang='lat'><strong>..</strong></span> <span class='ocrx_word' id='word_1_145' title='bbox 1238 2132 1331 2189; x_wconf 89' lang='lat' dir='ltr'><strong>obte-</strong></span> 
     </span>
     <span class='ocr_line' id='line_1_19' title="bbox 282 2231 1329 2312; baseline -0.002 -20"><span class='ocrx_word' id='word_1_146' title='bbox 282 2244 401 2292; x_wconf 79' lang='lat' dir='ltr'><strong>status</strong></span> <span class='ocrx_word' id='word_1_147' title='bbox 424 2231 501 2312; x_wconf 84' lang='lat' dir='ltr'><strong>est).</strong></span> <span class='ocrx_word' id='word_1_148' title='bbox 544 2233 685 2304; x_wconf 86' lang='lat' dir='ltr'><strong>(Similem</strong></span> <span class='ocrx_word' id='word_1_149' title='bbox 707 2234 801 2292; x_wconf 88' lang='lat' dir='ltr'><strong>locum</strong></span> <span class='ocrx_word' id='word_1_150' title='bbox 833 2235 993 2304; x_wconf 80' lang='lat' dir='ltr'>XXXIV,</span> <span class='ocrx_word' id='word_1_151' title='bbox 1026 2237 1084 2304; x_wconf 79' lang='lat'><strong>27,</strong></span> <span class='ocrx_word' id='word_1_152' title='bbox 1117 2235 1265 2292; x_wconf 75' lang='lat' dir='ltr'><strong>brectius</strong></span> <span class='ocrx_word' id='word_1_153' title='bbox 1286 2235 1329 2291; x_wconf 88' lang='lat' dir='ltr'><strong>de-</strong></span> 
     </span>
     <span class='ocr_line' id='line_1_20' title="bbox 281 2339 1329 2418; baseline -0.003 -19"><span class='ocrx_word' id='word_1_154' title='bbox 281 2342 382 2418; x_wconf 84' lang='lat' dir='ltr'><strong>scripsi</strong></span> <span class='ocrx_word' id='word_1_155' title='bbox 403 2359 491 2416; x_wconf 89' lang='lat' dir='ltr'><strong>supra</strong></span> <span class='ocrx_word' id='word_1_156' title='bbox 513 2359 541 2415; x_wconf 94' lang='lat' dir='ltr'><strong>p.</strong></span> <span class='ocrx_word' id='word_1_157' title='bbox 566 2341 648 2412; x_wconf 75' lang='lat'><strong>215)</strong></span> <span class='ocrx_word' id='word_1_158' title='bbox 699 2339 832 2398; x_wconf 89' lang='lat' dir='ltr'><strong>Ceterum</strong></span> <span class='ocrx_word' id='word_1_159' title='bbox 859 2351 936 2398; x_wconf 89' lang='lat' dir='ltr'><strong>recte</strong></span> <span class='ocrx_word' id='word_1_160' title='bbox 957 2340 1128 2398; x_wconf 86' lang='lat' dir='ltr'><strong>recentiores</strong></span> <span class='ocrx_word' id='word_1_161' title='bbox 1149 2339 1265 2415; x_wconf 86' lang='lat' dir='ltr'><strong>aliquot</strong></span> <span class='ocrx_word' id='word_1_162' title='bbox 1285 2359 1329 2396; x_wconf 90' lang='lat' dir='ltr'><strong>co·</strong></span> 
     </span>
     <span class='ocr_line' id='line_1_21' title="bbox 281 2445 1329 2521; baseline -0.002 -16"><span class='ocrx_word' id='word_1_163' title='bbox 281 2448 358 2506; x_wconf 87' lang='lat' dir='ltr'><strong>dices</strong></span> <span class='ocrx_word' id='word_1_164' title='bbox 380 2457 409 2504; x_wconf 91' lang='lat' dir='ltr'><strong>et</strong></span> <span class='ocrx_word' id='word_1_165' title='bbox 427 2449 465 2504; x_wconf 83' lang='lat' dir='ltr'><strong>A.</strong></span> <span class='ocrx_word' id='word_1_166' title='bbox 479 2445 648 2504; x_wconf 87' lang='lat' dir='ltr'><strong>Perizonius</strong></span> <span class='ocrx_word' id='word_1_167' title='bbox 669 2447 891 2516; x_wconf 87' lang='lat' dir='ltr'><strong>detinereut;</strong></span> <span class='ocrx_word' id='word_1_168' title='bbox 915 2446 1068 2504; x_wconf 84' lang='lat' dir='ltr'><strong>coniuncte</strong></span> <span class='ocrx_word' id='word_1_169' title='bbox 1088 2446 1162 2504; x_wconf 91' lang='lat' dir='ltr'><strong>enim</strong></span> <span class='ocrx_word' id='word_1_170' title='bbox 1184 2447 1329 2521; x_wconf 86' lang='lat' dir='ltr'><strong>utriusque</strong></span> 
     </span>
     <span class='ocr_line' id='line_1_22' title="bbox 282 2551 1330 2630; baseline -0.003 -19"><span class='ocrx_word' id='word_1_171' title='bbox 282 2573 371 2630; x_wconf 87' lang='lat' dir='ltr'><strong>opera</strong></span> <span class='ocrx_word' id='word_1_172' title='bbox 388 2552 543 2628; x_wconf 80' lang='lat' dir='ltr'><strong>significari</strong></span> <span class='ocrx_word' id='word_1_173' title='bbox 565 2551 657 2610; x_wconf 77' lang='lat' dir='ltr'><strong>debet.</strong></span> <span class='ocrx_word' id='word_1_174' title='bbox 704 2552 752 2608; x_wconf 90' lang='lat' dir='ltr'><strong>Ne</strong></span> <span class='ocrx_word' id='word_1_175' title='bbox 772 2552 841 2610; x_wconf 94' lang='lat' dir='ltr'><strong>illud</strong></span> <span class='ocrx_word' id='word_1_176' title='bbox 857 2551 972 2626; x_wconf 91' lang='lat' dir='ltr'><strong>quidem</strong></span> <span class='ocrx_word' id='word_1_177' title='bbox 993 2551 1054 2608; x_wconf 88' lang='lat' dir='ltr'><strong>sine</strong></span> <span class='ocrx_word' id='word_1_178' title='bbox 1075 2561 1145 2608; x_wconf 82' lang='lat' dir='ltr'><strong>nota</strong></span> <span class='ocrx_word' id='word_1_179' title='bbox 1168 2563 1220 2609; x_wconf 89' lang='lat' dir='ltr'><strong>aut</strong></span> <span class='ocrx_word' id='word_1_180' title='bbox 1239 2551 1330 2628; x_wconf 87' lang='lat' dir='ltr'><strong>suspi-</strong></span> 
     </span>
     <span class='ocr_line' id='line_1_23' title="bbox 281 2657 1328 2734; baseline -0.004 -16"><span class='ocrx_word' id='word_1_181' title='bbox 281 2660 363 2718; x_wconf 90' lang='lat' dir='ltr'><strong>cione</strong></span> <span class='ocrx_word' id='word_1_182' title='bbox 383 2657 665 2734; x_wconf 80' lang='lat' dir='ltr'><strong>praetermittendum,</strong></span> <span class='ocrx_word' id='word_1_183' title='bbox 687 2677 754 2728; x_wconf 81' lang='lat' dir='ltr'><strong>uno,</strong></span> <span class='ocrx_word' id='word_1_184' title='bbox 776 2659 854 2732; x_wconf 90' lang='lat' dir='ltr'><strong>quod</strong></span> <span class='ocrx_word' id='word_1_185' title='bbox 865 2658 964 2726; x_wconf 81' lang='lat' dir='ltr'><strong>eciem,</strong></span> <span class='ocrx_word' id='word_1_186' title='bbox 985 2659 1041 2714; x_wconf 90' lang='lat' dir='ltr'><strong>boe</strong></span> <span class='ocrx_word' id='word_1_187' title='bbox 1054 2657 1119 2715; x_wconf 91' lang='lat' dir='ltr'><strong>loco</strong></span> <span class='ocrx_word' id='word_1_188' title='bbox 1131 2659 1209 2733; x_wconf 87' lang='lat' dir='ltr'><strong>apud</strong></span> <span class='ocrx_word' id='word_1_189' title='bbox 1225 2660 1328 2716; x_wconf 89' lang='lat' dir='ltr'><strong>bonum</strong></span> 
     </span>
     <span class='ocr_line' id='line_1_24' title="bbox 281 2762 1328 2841; baseline -0.003 -20"><span class='ocrx_word' id='word_1_190' title='bbox 281 2783 375 2841; x_wconf 80' lang='lat' dir='ltr'><strong>prosae</strong></span> <span class='ocrx_word' id='word_1_191' title='bbox 394 2763 532 2820; x_wconf 82' lang='lat' dir='ltr'><strong>o&#39;rntionis</strong></span> <span class='ocrx_word' id='word_1_192' title='bbox 547 2762 715 2838; x_wconf 82' lang='lat' dir='ltr'><strong>scriptorem</strong></span> <span class='ocrx_word' id='word_1_193' title='bbox 737 2765 918 2822; x_wconf 89' lang='lat' dir='ltr'><strong>remorari</strong></span> <span class='ocrx_word' id='word_1_194' title='bbox 938 2783 992 2840; x_wconf 92' lang='lat' dir='ltr'><strong>pro</strong></span> <span class='ocrx_word' id='word_1_195' title='bbox 1013 2763 1194 2820; x_wconf 76' lang='lat' dir='ltr'><strong>intransitive</strong></span> <span class='ocrx_word' id='word_1_196' title='bbox 1206 2765 1328 2839; x_wconf 88' lang='lat' dir='ltr'><strong>positum</strong></span> 
     </span>
     <span class='ocr_line' id='line_1_25' title="bbox 281 2867 1327 2944; baseline -0.003 -18"><span class='ocrx_word' id='word_1_197' title='bbox 281 2871 350 2944; x_wconf 88' lang='lat' dir='ltr'><strong>legi;</strong></span> <span class='ocrx_word' id='word_1_198' title='bbox 372 2869 441 2926; x_wconf 81' lang='lat' dir='ltr'><strong>alibi</strong></span> <span class='ocrx_word' id='word_1_199' title='bbox 462 2887 575 2944; x_wconf 87' lang='lat' dir='ltr'><strong>semper</strong></span> <span class='ocrx_word' id='word_1_200' title='bbox 596 2868 778 2926; x_wconf 85' lang='lat' dir='ltr'><strong>transitivum</strong></span> <span class='ocrx_word' id='word_1_201' title='bbox 803 2878 864 2942; x_wconf 83' lang='lat' dir='ltr'><strong>est3</strong></span> <span class='ocrx_word' id='word_1_202' title='bbox 894 2871 985 2928; x_wconf 86' lang='lat' dir='ltr'><strong>eltero</strong></span> <span class='ocrx_word' id='word_1_203' title='bbox 1015 2869 1176 2944; x_wconf 85' lang='lat' dir='ltr'><strong>significatu</strong></span> <span class='ocrx_word' id='word_1_204' title='bbox 1197 2867 1327 2927; x_wconf 78' lang='lat' dir='ltr'><strong>morari</strong></span> 
     </span>
     <span class='ocr_line' id='line_1_26' title="bbox 282 2971 1327 3050; baseline -0.003 -18"><span class='ocrx_word' id='word_1_205' title='bbox 282 2976 384 3034; x_wconf 90' lang='lat' dir='ltr'><strong>dicitur</strong></span> <span class='ocrx_word' id='word_1_206' title='bbox 405 2971 498 3050; x_wconf 89' lang='lat' dir='ltr'><strong>(quod</strong></span> <span class='ocrx_word' id='word_1_207' title='bbox 519 2975 565 3032; x_wconf 90' lang='lat' dir='ltr'><strong>bic</strong></span> <span class='ocrx_word' id='word_1_208' title='bbox 585 2975 614 3032; x_wconf 91' lang='lat' dir='ltr'><strong>in</strong></span> <span class='ocrx_word' id='word_1_209' title='bbox 638 2993 696 3032; x_wconf 89' lang='lat' dir='ltr'><strong>uno</strong></span> <span class='ocrx_word' id='word_1_210' title='bbox 721 2985 750 3032; x_wconf 89' lang='lat' dir='ltr'><strong>at</strong></span> <span class='ocrx_word' id='word_1_211' title='bbox 771 2975 861 3034; x_wconf 91' lang='lat' dir='ltr'><strong>altero</strong></span> <span class='ocrx_word' id='word_1_212' title='bbox 883 2977 1025 3034; x_wconf 86' lang='lat' dir='ltr'><strong>deteriore</strong></span> <span class='ocrx_word' id='word_1_213' title='bbox 1046 2977 1144 3034; x_wconf 88' lang='lat' dir='ltr'><strong>codiee</strong></span> <span class='ocrx_word' id='word_1_214' title='bbox 1171 2977 1327 3041; x_wconf 83' lang='lat' dir='ltr'><strong>scribitur).</strong></span> 
     </span>
     <span class='ocr_line' id='line_1_27' title="bbox 282 3079 817 3156; baseline -0.002 -18"><span class='ocrx_word' id='word_1_215' title='bbox 282 3081 422 3138; x_wconf 85' lang='lat' dir='ltr'><strong>Ortumne</strong></span> <span class='ocrx_word' id='word_1_216' title='bbox 443 3099 480 3136; x_wconf 90' lang='lat' dir='ltr'><strong>re</strong></span> <span class='ocrx_word' id='word_1_217' title='bbox 504 3098 541 3136; x_wconf 86' lang='lat' dir='ltr'><strong>ex</strong></span> <span class='ocrx_word' id='word_1_218' title='bbox 563 3080 734 3156; x_wconf 73' lang='lat' dir='ltr'><strong>precedenti</strong></span> <span class='ocrx_word' id='word_1_219' title='bbox 755 3079 817 3137; x_wconf 87' lang='lat' dir='ltr'><strong>ne?</strong></span> 
     </span>
    </p>

    <p class='ocr_par' dir='ltr' id='par_1_4' title="bbox 281 3183 1329 3790">
     <span class='ocr_line' id='line_1_28' title="bbox 365 3183 1329 3266; baseline 0.001 -23"><span class='ocrx_word' id='word_1_220' title='bbox 365 3183 438 3261; x_wconf 86' lang='lat' dir='ltr'><strong>Cep.</strong></span> <span class='ocrx_word' id='word_1_221' title='bbox 466 3185 577 3259; x_wconf 82' lang='lat'>13,11:</span> <span class='ocrx_word' id='word_1_222' title='bbox 600 3187 829 3244; x_wconf 83' lang='lat' dir='ltr'><strong>Pronuntiat</strong></span> <span class='ocrx_word' id='word_1_223' title='bbox 843 3186 1036 3266; x_wconf 69' lang='lat' dir='ltr'><strong>(Marcellus),</strong></span> <span class='ocrx_word' id='word_1_224' title='bbox 1057 3207 1075 3245; x_wconf 87' lang='lat' dir='ltr'><strong>n</strong></span> <span class='ocrx_word' id='word_1_225' title='bbox 1096 3189 1228 3264; x_wconf 91' lang='lat' dir='ltr'><strong>quibus</strong></span> <span class='ocrx_word' id='word_1_226' title='bbox 1250 3197 1329 3246; x_wconf 81' lang='lat' dir='ltr'><strong>orto</strong></span> 
     </span>
     <span class='ocr_line' id='line_1_29' title="bbox 282 3291 1329 3370; baseline 0.002 -22"><span class='ocrx_word' id='word_1_227' title='bbox 282 3291 400 3367; x_wconf 85' lang='lat' dir='ltr'><strong>pridie</strong></span> <span class='ocrx_word' id='word_1_228' title='bbox 420 3291 506 3366; x_wconf 79' lang='lat' dir='ltr'><strong>luga</strong></span> <span class='ocrx_word' id='word_1_229' title='bbox 527 3301 638 3356; x_wconf 78' lang='lat' dir='ltr'><strong>esset,</strong></span> <span class='ocrx_word' id='word_1_230' title='bbox 670 3293 926 3368; x_wconf 75' lang='lat' dir='ltr'><strong>cohortesque,</strong></span> <span class='ocrx_word' id='word_1_231' title='bbox 958 3313 1031 3368; x_wconf 78' lang='lat' dir='ltr'><strong>quae</strong></span> <span class='ocrx_word' id='word_1_232' title='bbox 1061 3295 1165 3370; x_wconf 81' lang='lat' dir='ltr'><strong>signs</strong></span> <span class='ocrx_word' id='word_1_233' title='bbox 1194 3294 1329 3352; x_wconf 85' lang='lat' dir='ltr'><strong>emisis-</strong></span> 
     </span>
     <span class='ocr_line' id='line_1_30' title="bbox 282 3397 1329 3472; baseline 0.003 -19"><span class='ocrx_word' id='word_1_234' title='bbox 282 3407 375 3468; x_wconf 80' lang='lat' dir='ltr'><strong>sent,</strong></span> <span class='ocrx_word' id='word_1_235' title='bbox 405 3415 441 3454; x_wconf 89' lang='lat' dir='ltr'><strong>se</strong></span> <span class='ocrx_word' id='word_1_236' title='bbox 468 3398 504 3454; x_wconf 89' lang='lat' dir='ltr'><strong>in</strong></span> <span class='ocrx_word' id='word_1_237' title='bbox 536 3397 691 3472; x_wconf 81' lang='lat' dir='ltr'><strong>primam</strong></span> <span class='ocrx_word' id='word_1_238' title='bbox 723 3397 834 3456; x_wconf 83' lang='lat' dir='ltr'><strong>aciem</strong></span> <span class='ocrx_word' id='word_1_239' title='bbox 867 3397 1104 3457; x_wconf 90' lang='lat' dir='ltr'><strong>inducturum.</strong></span> <span class='ocrx_word' id='word_1_240' title='bbox 1158 3401 1226 3458; x_wconf 87' lang='lat' dir='ltr'><strong>Non</strong></span> <span class='ocrx_word' id='word_1_241' title='bbox 1255 3409 1329 3458; x_wconf 86' lang='lat' dir='ltr'><strong>recte</strong></span> 
     </span>
     <span class='ocr_line' id='line_1_31' title="bbox 282 3503 1328 3588; baseline -0.003 -27"><span class='ocrx_word' id='word_1_242' title='bbox 282 3503 386 3580; x_wconf 82' lang='lat' dir='ltr'><strong>singuli</strong></span> <span class='ocrx_word' id='word_1_243' title='bbox 406 3503 510 3561; x_wconf 88' lang='lat' dir='ltr'><strong>milites</strong></span> <span class='ocrx_word' id='word_1_244' title='bbox 533 3505 565 3577; x_wconf 85' lang='lat' dir='ltr'><strong>(c</strong></span> <span class='ocrx_word' id='word_1_245' title='bbox 586 3503 730 3588; x_wconf 76' lang='lat' dir='ltr'><strong>quibus)</strong></span> <span class='ocrx_word' id='word_1_246' title='bbox 751 3513 923 3580; x_wconf 83' lang='lat' dir='ltr'><strong>separentur</strong></span> <span class='ocrx_word' id='word_1_247' title='bbox 944 3503 1150 3562; x_wconf 76' lang='lat' dir='ltr'><strong>acobortibns</strong></span> <span class='ocrx_word' id='word_1_248' title='bbox 1193 3505 1282 3564; x_wconf 85' lang='lat' dir='ltr'><strong>Recte</strong></span> <span class='ocrx_word' id='word_1_249' title='bbox 1302 3504 1328 3560; x_wconf 89' lang='lat' dir='ltr'><strong>in</strong></span> 
     </span>
     <span class='ocr_line' id='line_1_32' title="bbox 282 3609 1328 3684; baseline -0.002 -17"><span class='ocrx_word' id='word_1_250' title='bbox 282 3609 478 3667; x_wconf 86' lang='lat' dir='ltr'><strong>Pseribitur:</strong></span> <span class='ocrx_word' id='word_1_251' title='bbox 509 3629 527 3665; x_wconf 84' lang='lat' dir='ltr'><strong>e</strong></span> <span class='ocrx_word' id='word_1_252' title='bbox 557 3609 685 3684; x_wconf 90' lang='lat' dir='ltr'><strong>quibus</strong></span> <span class='ocrx_word' id='word_1_253' title='bbox 717 3619 797 3666; x_wconf 87' lang='lat' dir='ltr'><strong>orta</strong></span> <span class='ocrx_word' id='word_1_254' title='bbox 817 3610 937 3684; x_wconf 88' lang='lat' dir='ltr'><strong>pridie</strong></span> <span class='ocrx_word' id='word_1_255' title='bbox 958 3609 1047 3684; x_wconf 82' lang='lat' dir='ltr'><strong>fuga</strong></span> <span class='ocrx_word' id='word_1_256' title='bbox 1068 3619 1178 3680; x_wconf 81' lang='lat' dir='ltr'><strong>esset,</strong></span> <span class='ocrx_word' id='word_1_257' title='bbox 1206 3611 1328 3668; x_wconf 89' lang='lat' dir='ltr'><strong>cobor-</strong></span> 
     </span>
     <span class='ocr_line' id='line_1_33' title="bbox 281 3714 1327 3790; baseline 0 -19"><span class='ocrx_word' id='word_1_258' title='bbox 281 3726 351 3784; x_wconf 84' lang='lat' dir='ltr'><strong>tes,</strong></span> <span class='ocrx_word' id='word_1_259' title='bbox 394 3733 543 3789; x_wconf 73' lang='lat' dir='ltr'><strong>queque</strong></span> <span class='ocrx_word' id='word_1_260' title='bbox 584 3715 689 3790; x_wconf 87' lang='lat' dir='ltr'><strong>signe</strong></span> <span class='ocrx_word' id='word_1_261' title='bbox 730 3714 957 3782; x_wconf 82' lang='lat' dir='ltr'><strong>amisissent,</strong></span> <span class='ocrx_word' id='word_1_262' title='bbox 1090 3716 1327 3775; x_wconf 87' lang='lat' dir='ltr'><strong>inducturum.</strong></span> 
     </span>
    </p>
   </div>
   <div class='ocr_carea' id='block_1_3' title="bbox 282 3819 1326 4002">
    <p class='ocr_par' dir='ltr' id='par_1_5' title="bbox 282 3819 1326 4002">
     <span class='ocr_line' id='line_1_34' title="bbox 282 3819 1326 3884; baseline -0.001 -7"><span class='ocrx_word' id='word_1_263' title='bbox 282 3820 345 3877; x_wconf 86' lang='lat' dir='ltr'><strong>Etsi</strong></span> <span class='ocrx_word' id='word_1_264' title='bbox 375 3821 410 3877; x_wconf 89' lang='lat' dir='ltr'><strong>in</strong></span> <span class='ocrx_word' id='word_1_265' title='bbox 435 3821 486 3878; x_wconf 84' lang='lat' dir='ltr'><strong>tali</strong></span> <span class='ocrx_word' id='word_1_266' title='bbox 522 3841 552 3878; x_wconf 88' lang='lat' dir='ltr'><strong>re</strong></span> <span class='ocrx_word' id='word_1_267' title='bbox 585 3819 716 3878; x_wconf 89' lang='lat' dir='ltr'><strong>codicum</strong></span> <span class='ocrx_word' id='word_1_268' title='bbox 750 3821 943 3879; x_wconf 88' lang='lat' dir='ltr'><strong>testimonium</strong></span> <span class='ocrx_word' id='word_1_269' title='bbox 973 3821 1077 3878; x_wconf 90' lang='lat' dir='ltr'><strong>nullius</strong></span> <span class='ocrx_word' id='word_1_270' title='bbox 1108 3822 1243 3880; x_wconf 87' lang='lat' dir='ltr'><strong>momenti</strong></span> <span class='ocrx_word' id='word_1_271' title='bbox 1275 3831 1326 3884; x_wconf 90' lang='lat' dir='ltr'><strong>est;</strong></span> 
     </span>
     <span class='ocr_line' id='line_1_35' title="bbox 282 3923 676 4002; baseline 0 -20"><span class='ocrx_word' id='word_1_272' title='bbox 282 3923 354 4002; x_wconf 86' lang='lat' dir='ltr'><strong>(vid.</strong></span> <span class='ocrx_word' id='word_1_273' title='bbox 378 3927 415 3982; x_wconf 88' lang='lat' dir='ltr'><strong>ed</strong></span> <span class='ocrx_word' id='word_1_274' title='bbox 438 3927 540 3996; x_wconf 77' lang='lat' dir='ltr'>XXV,</span> <span class='ocrx_word' id='word_1_275' title='bbox 563 3929 612 3996; x_wconf 83' lang='lat'><strong>28,</strong></span> <span class='ocrx_word' id='word_1_276' title='bbox 636 3925 676 4000; x_wconf 83' lang='lat'><strong>6).</strong></span> 
     </span>
    </p>
   </div>
   <div class='ocr_carea' id='block_1_4' title="bbox 0 0 1410 4644">
    <p class='ocr_par' dir='ltr' id='par_1_6' title="bbox 0 0 1410 4644">
     <span class='ocr_line' id='line_1_36' title="bbox 0 0 1410 4644; baseline 0 0"><span class='ocrx_word' id='word_1_277' title='bbox 0 0 1410 4644; x_wconf 95' lang='lat' dir='ltr'><strong> </strong></span> 
     </span>
    </p>
   </div>
  </div>
 </body>
</html>
