2826 4650
597 289 635 346 33

83 468 250 526 consentire
267 468 393 525 codicem
419 469 450 528 S.
465 470 560 528 Marci
581 470 780 530 Florentinum
804 473 940 530 Hertaius
957 471 1073 541 iudicat,
1096 472 1144 546 qui

84 576 148 632 eins
170 575 330 650 scripturas
351 573 453 630 babuit
474 593 492 630 a
514 575 610 632 Keilio
635 585 775 634 enotatas.

171 686 201 740 A
234 681 333 738 codice
366 681 464 757 aliquo
497 700 561 738 onnr
591 682 682 738 LlHl
721 693 750 739 et
782 703 846 740 curn
877 685 903 740 P
933 691 1057 756 cognato
1089 681 1144 737 orti

84 787 248 844 deteriores
270 787 383 844 codices
410 798 490 859 sunt,
520 788 660 858 errando,
688 789 875 864 corrigendo,
903 789 1040 846 audacter
1058 788 1145 844 iuter-

85 894 216 970 polando
238 894 323 968 longe
345 894 382 950 ab
407 894 516 968 origine
538 894 733 965 deflectentem
756 896 806 952 sed
828 913 864 951 ca
878 893 1061 970 interpolatio
1075 913 1145 969 par·

85 999 138 1056 tim
160 999 322 1056 communis
344 1009 403 1067 est,
431 1019 467 1056 ex
489 1018 546 1056 uno
568 998 648 1056 fonte
669 1001 819 1070 derivata,
840 999 945 1075 purtim
967 999 1144 1074 singulorum
1185 991 1189 998 ’

85 1115 138 1162 aut
161 1105 343 1180 quorundam
372 1106 413 1162 ita
433 1105 568 1182 propria,
602 1116 633 1163 ut
661 1117 757 1164 tamen
787 1105 986 1163 transferendo
1016 1105 1045 1162 in
1073 1103 1145 1160 alios

85 1211 259 1280 misceatur3
291 1229 355 1285 quse
385 1229 535 1286 quousque
561 1231 717 1288 progressa
743 1231 801 1270 uon
828 1231 895 1269 raro
918 1210 970 1280 eit,
1000 1210 1071 1266 satis
1093 1210 1147 1266 crit

86 1337 145 1374 uno
167 1317 302 1392 exemplo
326 1317 503 1388 declarasse;
537 1337 603 1376 nam
633 1319 662 1375 in
691 1319 765 1376 libro
794 1318 859 1388 IX,
883 1322 910 1388 7,
940 1321 954 1374 7
986 1315 1146 1392 (publica

87 1425 323 1481 auctoritate
356 1441 567 1481 consensum
603 1395 637 1481 in
671 1443 806 1482 omnem
837 1422 990 1480 formam
1025 1421 1145 1478 luctus

86 1528 153 1605 est)
164 1547 253 1604 quum
275 1545 328 1603 pro
351 1545 566 1586 consensum
589 1530 695 1588 alicubi
716 1529 941 1604 scriptumesset
958 1544 1145 1596 consensu,

85 1635 153 1691 binc
169 1633 200 1690 in
212 1631 324 1708 Sigonii
340 1630 448 1700 codice,
470 1631 566 1693 Pelet.
580 1636 608 1704 2,
622 1635 857 1702 Crocharnii,
872 1633 954 1690 Harl.
968 1633 996 1702 2,
1014 1631 1146 1704 Gaertn.‚

87 1739 236 1807 Has-erc„
259 1737 364 1812 fragm.
386 1738 513 1794 Haverc.
537 1735 567 1813 (2
590 1741 679 1814 man.)
701 1750 799 1798 natum
823 1750 881 1798 est:
914 1739 1146 1796 auctoritate

87 1861 318 1902 consensuro
339 1841 375 1898 in
401 1861 536 1901 omnam
564 1844 715 1903 formam
736 1845 858 1902 luctus
884 1845 1046 1920 populus
1068 1859 1146 1900 ver-

86 1969 149 2008 sus
172 1960 239 2006 est.
281 1948 407 2006 Minores
423 1948 526 2023 stirpes
537 1951 781 2026 cognationcsque
796 1961 824 2008 st
839 1961 958 2026 propter
972 1969 1045 2021 earn,
1060 1969 1146 2024 qnam

87 2055 162 2126 dixi,
199 2052 429 2130 interpolationis
456 2053 654 2114 confusionem
680 2057 797 2117 difficile
827 2069 870 2116 est
897 2057 1071 2132 distinguere
1096 2075 1148 2112 uec

88 2179 187 2236 operas
210 2159 348 2234 pretium,
377 2159 445 2233 quia
465 2179 584 2234 prorsus
606 2162 798 2238 improbabile
819 2175 878 2234 est,
908 2162 1065 2238 quidquam
1086 2161 1149 2217 veri

87 2285 124 2322 ex
148 2265 215 2340 ipso
238 2264 337 2321 codice
358 2266 515 2341 archetypo
544 2267 572 2323 in
596 2268 641 2324 his
668 2281 813 2328 seruatum
836 2289 912 2340 esse,
945 2268 1024 2343 quod
1046 2269 1074 2324 in
1097 2268 1146 2326 tri·

86 2371 154 2446 plici
186 2370 337 2428 meliorum
363 2372 451 2448 stirpe
485 2373 567 2446 (MR,
590 2375 625 2448 P,
647 2376 759 2448 HlLt)
790 2375 984 2434 oblitteratum
1014 2375 1065 2444 sit,
1098 2393 1147 2430 ue-

87 2477 173 2546 dum,
208 2475 233 2532 si
264 2477 333 2550 quid
359 2477 500 2535 eiusmodi
534 2480 586 2552 sit,
618 2483 736 2556 agnosci
760 2491 789 2538 et
808 2499 862 2557 pro
884 2491 962 2537 certo
984 2480 1147 2537 testimonio

89 2583 182 2658 accipi
212 2583 313 2658 possit.
384 2581 564 2660 Corrigendo
592 2595 624 2643 ut
647 2587 777 2662 piurimis
799 2587 870 2644 locis
892 2586 1071 2654 aberratum,
1107 2584 1148 2640 ita

89 2689 233 2746 interdurn
246 2689 359 2746 minora
381 2690 486 2746 menda
504 2701 581 2748 recte
602 2692 717 2749 sublata
730 2701 805 2762 suut,
827 2689 986 2748 cuiusmodi
1003 2698 1054 2758 est,
1070 2689 1148 2763 quod

90 2796 145 2865 lV,
172 2799 219 2864 ts,
246 2799 281 2852 iil
305 2795 335 2852 in
356 2795 440 2852 Harl.
464 2798 498 2866 2,
520 2798 659 2872 Portug.,
683 2798 807 2855 Hevero.
830 2817 898 2856 vere
919 2795 1066 2868 scribitur,
1088 2796 1148 2853 iure

90 2901 130 2958 tl.
159 2901 293 2976 Hauptio
323 2900 444 2975 aliisque
478 2903 683 2976 probantibus:
727 2902 811 2976 Qum
843 2912 1035 2978 postquam
1067 2910 1150 2958 sunt

89 3005 232 3075 audita,
254 3015 290 3060 et
309 3006 469 3080 undique
492 3007 669 3082 primores
691 3017 832 3083 patrum
855 3017 888 3064 at
909 3007 1044 3082 prioris
1066 3009 1149 3066 anni

89 3109 263 3168 consules
296 3110 503 3187 increpare,
547 3113 652 3187 quod'
677 3123 748 3182 cet.;
793 3114 822 3170 in
861 3113 960 3171 codice
991 3115 1148 3190 archetypo

90 3217 284 3288 impetiit,
327 3217 516 3275 deterioribus
559 3219 660 3276 ceteris
699 3219 865 3291 omnibus),
905 3239 996 3295 prave
1031 3230 1149 3296 accepto

90 3322 187 3398 priore
210 3331 260 3392 et,
289 3341 344 3398 pro
375 3321 515 3380 infinitivo
536 3323 674 3383 historico
697 3325 881 3382 substitutum
904 3335 965 3382 erat
985 3325 1149 3402 increpe-

90 3439 185 3498 rent,
208 3439 240 3484 ut
261 3427 299 3484 ad
320 3439 512 3504 postquam
533 3428 696 3488 referretur.
760 3431 900 3505 Quasdam
922 3432 1085 3490 huiusmodi
1100 3443 1151 3490 aut

90 3593 289 3602 ——-——-—-

159 3713 211 3762 bile
229 3721 282 3771 cst,
302 3711 327 3760 in
346 3711 425 3761 LtHl
447 3721 572 3762 servatam
591 3729 646 3764 csse
668 3717 792 3780 duplicem
812 3719 976 3782 scripturam,
1003 3719 1030 3766 in
1048 3719 1075 3768 bl
1094 3729 1150 3768 ttin-

161 3813 215 3852 tam
234 3805 461 3868 interpretamento
485 3813 598 3866 retento,
629 3811 766 3873 praesertim
791 3812 867 3860 etium
892 3811 1056 3860 deterioribus
1081 3814 1151 3862 cmli-

161 3897 234 3946 cibns
258 3897 291 3945 ab
322 3895 401 3946 LlHl
436 3895 659 3960 dissentientibus,
687 3910 712 3949 et
736 3903 790 3966 ipse
815 3904 901 3964 locus,
934 3919 984 3968 quo
1008 3905 1150 3968 siugulis

160 3989 278 4052 ponitur,
305 3989 440 4053 apricis
467 4001 626 4054 asperatum,
659 4005 791 4057 repugnat.
833 3995 904 4044 Nihil
921 3996 999 4059 igitur
1016 3997 1063 4046 nisi
1082 4013 1152 4048 error

160 4081 266 4131 subesse
284 4083 391 4132 videtur.

119 4189 226 4226 sauvtuu
241 4189 335 4226 sun..
345 4189 400 4228 htv.
938 4187 953 4227 :t
