2822 4648
304 265 361 314 Lib.
381 265 416 316 V.
776 271 786 324 1
798 270 831 324 14

267 457 319 506 nat
339 451 400 506 haee
421 459 537 525 patrum
562 448 787 524 quorundam
810 448 976 524 appellatio.
1039 451 1116 508 Nam
1140 451 1249 506 ordinis
1272 452 1341 507 uni·

267 557 344 612 versi
366 557 421 612 hoe
445 575 551 614 nomeu
573 565 626 626 est,
650 574 708 612 uon
733 553 926 630 singulorum3
948 553 1056 628 itaque,
1079 573 1167 629 quum
1192 556 1229 614 de
1250 567 1341 631 parte

267 661 376 718 ordinis
411 661 572 736 loquimur,
607 671 685 719 reete
723 660 827 718 multi
866 669 1024 734 patrum,
1061 661 1173 736 aliquot
1208 671 1341 737 patrum,

267 767 408 836 iuniores,
437 768 565 825 seniores
588 777 704 842 patrum
727 765 923 841 appellantnr;
955 766 1089 824 multos
1110 775 1250 840 patres,
1283 767 1342 824 eli-

268 881 339 945 quot
359 881 468 946 patres,
491 871 634 945 quosdam
656 879 753 946 patres
775 889 828 926 neo
850 871 938 928 eeteri
959 873 1094 930 dixerunt
1115 890 1167 928 nee
1189 869 1341 950 Livius1).

269 977 383 1034 Deinde
415 996 506 1052 prave
533 977 624 1034 verbo
653 977 835 1052 petissent
866 975 1032 1050 adiungitur
1057 977 1241 1052 participium
1278 998 1342 1034 re-

267 1082 380 1158 pulsi,
402 1083 495 1157 quasi,
519 1101 607 1156 quum
635 1083 730 1157 primo
757 1081 872 1156 incepto
894 1080 1002 1155 repulsi
1023 1091 1132 1153 essent,
1162 1091 1222 1140 turn
1244 1084 1342 1158 petie-

267 1189 339 1256 rint;
362 1207 456 1262 neque
479 1188 554 1244 euim
579 1207 633 1263 pro
658 1207 703 1258 eo,
728 1186 806 1261 quod
828 1195 883 1242 eet:
921 1186 1027 1260 petii,
1058 1187 1119 1243 sed
1142 1189 1259 1263 primo
1282 1191 1342 1246 in-

266 1305 372 1370 cepto
406 1294 574 1369 repulsus
615 1311 705 1363 suin,
743 1293 801 1349 ullo
835 1292 923 1348 modo
956 1291 1058 1348 Latine
1093 1293 1212 1351 dieitur:
1243 1297 1342 1370 petii

266 1401 382 1476 primo
412 1400 559 1474 incepto
593 1397 771 1473 repulsus.
821 1396 988 1460 (Diversum
1012 1407 1069 1470 est,
1098 1400 1175 1472 quod
1198 1399 1341 1462 Gramm.

268 1508 333 1564 Lat.
357 1511 371 1576 ξ
396 1509 450 1563 431
479 1514 539 1562 not.
566 1505 583 1560 2
614 1504 660 1564 ed.
687 1503 778 1559 tertia
799 1502 900 1560 Germ.
923 1504 1150 1560 commemoravi
1180 1505 1217 1562 de
1238 1508 1342 1580 parti-

268 1613 334 1686 ripii
356 1609 476 1686 perfecti
499 1609 638 1684 temporis
660 1609 689 1664 in
713 1608 848 1664 ablativis
870 1608 1010 1664 absolutis
1032 1627 1085 1664 usu
1108 1611 1186 1684 apud
1206 1612 1340 1676 Livium,

266 1719 413 1791 Tacitum,
437 1715 623 1784 Suetonium,
645 1714 719 1771 alios
743 1714 773 1770 in
797 1713 987 1787 significanda
1008 1733 1055 1784 re,
1077 1734 1141 1788 quie
1163 1717 1341 1791 primariam

267 1823 436 1890 comitatur,
464 1821 542 1896 apud
565 1819 700 1876 'l‘ecitunr
728 1827 757 1876 et
778 1818 948 1876 Suetonium
972 1818 1058 1875 atiani
1080 1819 1116 1876 de
1137 1831 1243 1878 eventu
1267 1841 1341 1880 eon-

267 1937 365 1986 seeuto
389 1935 438 1984 aut
468 1945 526 1982 nou
555 1933 725 1993 consecuto,
760 1931 791 1980 ut
814 1925 893 1982 Suet.
917 1921 1022 1982 Oetav.
1050 1928 1099 1980 ii:
1136 1928 1341 2002 utrobique

266 2043 370 2110 parte
394 2031 678 2090 Liburnicarum
701 2031 880 2096 demersa,
902 2026 1004 2085 Claud.
1031 2030 1083 2086 26:
1118 2049 1186 2086 non
1209 2051 1341 2106 reper-

171 2193 174 2199 i
266 2139 329 2206 tis,
360 2137 420 2211 qui
451 2143 694 2208 sequerentur
725 2133 947 2208 exemplum.)
997 2135 1102 2208 Itaque
1123 2136 1243 2209 gravius
1266 2138 1342 2194 latet

266 2243 410 2312 mendum,
430 2240 507 2315 quod
532 2249 623 2296 totum
647 2247 726 2295 eerta
748 2237 949 2294 emendatione
972 2238 1072 2296 tollere
1089 2259 1215 2313 nequeo;
1237 2260 1339 2316 neque

265 2359 362 2407 temon
393 2346 550 2404 admodum
584 2343 774 2401 dubitandum
810 2343 939 2412 videtur,
973 2343 1042 2417 quin
1074 2345 1238 2402 huiusmodi
1273 2347 1339 2405 fere

265 2456 350 2513 fuerit
376 2451 515 2510 orationis
538 2449 674 2506 universa
699 2447 795 2506 forma
817 2449 868 2522 (-
886 2448 1000 2522 singula
1022 2449 1097 2506 enim
1120 2453 1252 2525 praestari
1275 2473 1338 2510 non

265 2569 386 2638 possunt
411 2563 478 2627 —):
521 2557 573 2626 Is,
608 2555 704 2629 quod
736 2553 919 2628 petissent
951 2563 1091 2628 patres,
1125 2573 1228 2634 quum
1265 2559 1338 2620 im

264 2668 382 2742 primo
404 2665 553 2736 incepto
578 2660 879 2735 repulsionem,
917 2667 1034 2716 tamen
1058 2660 1226 2717 tribunos
1250 2661 1337 2724 iliis

266 2785 498 2845 expugnasse
520 2763 751 2834 vociferans,
773 2758 861 2834 eet.²)
898 2763 981 2821 Infra
1002 2765 1031 2822 in
1050 2767 1106 2822 hoo
1128 2765 1222 2840 eapite
1237 2767 1267 2838 (ξ
1286 2773 1336 2840 14)

265 2873 373 2932 frustra
388 2871 550 2928 defenditur
569 2871 629 2927 haec
648 2869 825 2926 coniunctio:
848 2869 975 2943 plenus
998 2870 1185 2928 vulnerum
1209 2891 1251 2928 ae
1273 2892 1336 2948 pa-

265 2996 351 3034 vore
392 2975 532 3050 exemplis
580 2975 666 3050 plane
705 2975 906 3043 dissimilibus3
943 2993 1011 3031 narn
1048 2995 1085 3032 ne
1122 2976 1335 3035 Sallustianum

265 3083 381 3157 quidem
404 3101 419 3138 e
439 3080 524 3138 Catil.
549 3083 597 3149 33,
625 3084 633 3136 l
664 3079 757 3136 simile
779 3087 831 3148 est,
867 3081 980 3137 etiamsi
1002 3091 1111 3137 eertum
1135 3091 1220 3150 esset,
1252 3083 1336 3156 quod

306 3263 463 3272 —--..-.—-—-·

284 3371 309 3438 ¹)
334 3373 425 3424 Cicero
439 3375 618 3423 semeiludons
632 3375 709 3424 dixit:
732 3375 871 3423 mutavit
890 3375 1033 3434 enleeos3
1052 3383 1144 3438 pater
1162 3379 1334 3442 conserip-

335 3475 386 3516 tue
405 3466 513 3516 iactus
532 3475 587 3516 est.

281 3578 308 3646 ²)
334 3583 469 3646 Hauptiue‚
488 3589 620 3645 perspecto
639 3582 699 3630 vitio
718 3583 744 3630 iu
762 3581 911 3646 pronomine
930 3579 1075 3642 quidam,
1101 3582 1264 3632 scribendum
1284 3601 1333 3648 pu-

335 3676 411 3723 tavit:
441 3675 485 3731 Is,
506 3689 531 3736 q.
547 3689 571 3735 p.
591 3681 702 3736 patres
722 3674 885 3736 quondum
904 3672 1006 3735 primo
1025 3671 1164 3736 incepto
1184 3676 1332 3738 repulsi,

336 3777 442 3816 tamen
470 3765 634 3828 [tribunos
661 3763 813 3828 militnm]
840 3778 1046 3828 expugnasse
1065 3762 1253 3815 vociferans
1273 3777 1333 3826 ete,

336 3875 411 3923 quarn
432 3857 604 3906 coniecturam
623 3857 740 3905 Hertzius
759 3865 861 3906 secutus
890 3863 935 3904 est.
987 3855 1038 3904 Sed
1062 3865 1176 3904 romanet
1193 3858 1284 3907 uitium
1306 3861 1331 3908 in
1395 3839 1396 3845 ἵ

334 3951 468 4015 participio
497 3949 638 4012 repulsi,
673 3963 721 3997 nee
749 3949 908 4012 quondam
935 3947 960 3994 id
989 3955 1073 4011 patres
1101 3948 1256 4010 petiverant,
1286 3953 1332 4000 sed

335 4043 424 4092 eodem
443 4056 520 4092 anno.
