2822 4648
291 273 348 326 nro.
367 271 428 322 vra
763 275 821 336 tte

256 456 398 518 diceret
419 463 473 514 cot.
525 457 662 531 Apparet
690 455 766 516 eninr
785 421 905 516 ‘larium
931 455 968 512 ab
988 453 1072 514 initio
1094 455 1328 516 condicionalem

255 561 412 622 instituisse
436 561 584 620 0001001110
610 561 752 632 formam,
783 561 813 620 iu
834 579 894 636 qua
917 560 1131 635 argumentatio
1152 561 1249 636 posita
1271 569 1330 632 eat,

255 685 379 740 eamque
400 665 508 741 duplici
529 666 673 742 exemplo,
702 666 794 727 altero
815 665 957 741 longiore,
978 665 1179 741 interruptum,
1199 668 1328 742 repetita

254 771 399 848 particula
420 772 451 830 si
471 789 630 832 renovasse
648 771 678 830 in
693 771 810 832 lectoris
831 772 945 842 animo;
967 771 1149 832 scribendum
1171 781 1215 828 est
1235 772 1330 846 igitur

255 877 435 939 necessario:
469 877 521 946 Si,
551 883 588 933 ut
609 892 759 940 avorum
778 878 957 936 mensoria
979 879 1014 936 P.
1037 877 1175 936 Decius
1198 909 1247 948 -‚
1278 878 1326 948 si,

256 991 293 1046 ut
328 981 436 1040 nobis
475 981 778 1041 adolescentibus
823 980 1047 1060 Calpurnius
1083 983 1247 1040 Flamma
1286 1013 1322 1026 -

255 1086 417 1158 dixit-‚
438 1087 469 1146 01
486 1088 600 1146 hocP.
615 1085 853 1162 Sempronius
876 1089 1016 1146 diceret
1036 1096 1093 1152 cet.
1140 1089 1182 1148 Ut
1194 1088 1326 1160 redeam,

256 1193 332 1252 undo
352 1192 501 1266 digressus
522 1210 605 1263 sum,
628 1193 666 1250 ed
694 1191 771 1262 v11,
800 1195 855 1264 13,
885 1194 1048 1252 laudandus
1071 1193 1142 1252 mihi
1164 1193 1326 1269 aliquando

255 1297 477 1368 Anthemous,
509 1298 589 1372 quod
617 1297 707 1374 paulo
729 1307 797 1356 aute
828 1297 856 1378 (§
880 1302 910 1372 3)
943 1319 981 1358 ex
1012 1300 1039 1358 P
1072 1308 1101 1358 et
1131 1299 1326 1358 deterioribus

255 1403 402 1462 codicibus
426 1402 728 1484 (Drakenborohianis
752 1407 837 1478 octo)
860 1405 998 1464 restituit:
1022 1405 1186 1476 silicet,
1208 1405 1323 1463 diota·

254 1520 326 1578 tor,
348 1509 437 1566 allato
459 1509 547 1568 etiam
569 1509 700 1566 Terentii
725 1511 860 1586 exemplo
882 1513 1001 1578 (Heaut.
1023 1512 1062 1582 V,
1085 1513 1113 1582 2,
1136 1513 1189 1568 20:
1211 1511 1324 1582 Here,

255 1614 431 1687 11001001),
450 1615 480 1674 in
499 1634 558 1690 quo
573 1615 704 1672 similitor
724 1614 754 1672 in
769 1615 855 1674 venia
865 1617 980 1674 dicendi
1001 1617 1126 1692 petenda
1148 1617 1248 1692 loqui
1271 1625 1324 1674 aut

255 1719 378 1778 dicero
401 1719 551 1780 omittitur.
596 1719 646 1780 Sic
663 1720 739 1778 enim
751 1721 900 1797 aptissime
915 1721 1032 1780 militari
1053 1721 1324 1780 brevitate'l'ullius

255 1826 351 1886 dicere
373 1825 485 1882 orditur
507 1825 576 1897 (Mis
596 1824 778 1896 Erlnubniss,
811 1825 979 1900 Fcldherr).
1033 1827 1185 1888 Scilicet
1213 1827 1243 1886 in
1265 1828 1324 1884 heo

255 1939 359 2006 aperta
379 1939 409 1988 et
429 1930 552 2006 simplici
572 1949 686 2002 causa,
716 1947 767 1990 cur
794 1931 906 1992 Tullius
930 1933 1102 1994 dictatorem
1130 1935 1225 2004 adeat,
1245 1933 1322 1990 indi·

255 2035 370 2096 catione
391 2036 501 2094 nullum
522 2035 611 2094 habet
635 2037 740 2096 locum.
783 2037 889 2111 Neque
910 2039 985 2098 enim
1013 2039 1072 2098 ullo
1094 2040 1181 2098 modo
1204 2058 1239 2096 ea
1260 2057 1323 2098 vox

255 2148 326 2216 apta
348 2149 392 2200 cst
415 2142 451 2210 ei,
482 2142 533 2216 qui
554 2141 742 2200 admirationi
772 2141 890 2202 alterius
914 2143 1045 2216 (tacite)
1069 2145 1211 2216 occurrit,
1240 2145 1322 2220 quod

257 2246 511 2306 Weissenbornius
541 2247 625 2322 fingit
655 2245 753 2321 (quasi
775 2247 868 2308 dicas:
901 2263 944 2308 nc
965 2250 1121 2308 miratus
1143 2251 1206 2319 sis;
1228 2250 1324 2308 scito

256 2352 347 2410 enim
370 2353 571 2410 exercitum
590 2385 630 2394 —-
656 2371 708 2408 me
730 2355 885 2424 orasse),
908 2373 1002 2428 neque
1024 2357 1178 2430 quicquam
1201 2354 1325 2412 alienius

256 2475 344 2532 quam
375 2458 540 2532 exemplum
571 2477 590 2514 a
613 2459 850 2518 Weissenbornio
875 2459 985 2518 elibro
1008 2460 1077 2532 XL,
1100 2463 1128 2530 11,
1155 2464 1165 2518 1
1193 2460 1324 2534 adscrip-

256 2573 326 2634 tum,
349 2564 400 2622 ubi
423 2565 565 2634 Perseus,
598 2564 690 2639 patris
712 2564 889 2634 orationem,
912 2583 971 2640 qua
992 2573 1146 2640 utrumque
1167 2567 1256 2624 lilium
1279 2566 1324 2622 in-

255 2678 408 2744 crepuerat
430 2669 615 2744 maximeque
641 2670 752 2729 Persea
772 2669 965 2728 accusationis
988 2679 1145 2740 auctorem,
1175 2670 1323 2745 excipiens

254 2790 320 2830 cum
351 2775 458 2832 acerba
488 2775 595 2832 ironia:
626 2773 841 2849 Aperienda
869 2775 1050 2844 nimirum,
1083 2775 1184 2850 inquit,
1217 2786 1324 2836 uoote

255 2877 365 2934 ianua
386 2876 456 2936 luit
484 2881 634 2954 (quoniam
658 2897 715 2949 me,
738 2880 817 2953 quod
838 2900 884 2938 me
906 2879 1093 2948 defenderim,
1114 2881 1323 2956 reprehendis).

196 3007 199 3014 ·
255 2983 360 3055 Itaque
379 2983 402 3040 si
423 2985 460 3042 ad
471 2985 543 3042 illud
557 2984 721 3061 exemplum
734 2987 811 3045 hunc
822 2987 917 3044 locum
932 3005 1111 3056 enarramus,
1133 2987 1246 3044 Tullius
1260 2988 1322 3046 dic·

255 3087 343 3146 taturi
366 3089 427 3164 (qni
449 3089 558 3148 nullum
576 3092 696 3148 verbum
718 3090 801 3162 fecit)
824 3092 932 3150 ironice
947 3111 1100 3150 occurrens
1115 3111 1217 3169 reapse
1233 3105 1323 3169 negat

254 3210 287 3250 se
316 3193 354 3250 ab
382 3195 510 3254 exercitu
535 3207 686 3271 rogatum,
720 3205 752 3254 ut
774 3217 839 3256 euru
863 3199 965 3256 adiret.
1011 3199 1094 3256 Nihil
1115 3200 1173 3258 vidi
1197 3200 1322 3256 inconsi-

255 3297 382 3356 deratius
408 3300 563 3375 scriptum,
593 3302 647 3360 etsi
668 3301 779 3360 infinita
800 3303 830 3360 iu
851 3306 907 3364 hoc
927 3323 1034 3379 genere
1054 3305 1188 3381 exempla
1211 3305 1321 3364 adscri-

254 3403 341 3462 bendi
363 3405 578 3462 inconsiderate
600 3406 826 3466 committuntur.
835 3404 859 3482 ¹)

338 3507 411 3585 Cap.
442 3513 488 3580 18,
511 3514 528 3566 4
552 3509 614 3584 (ubi
637 3523 901 3572 commemorantur
923 3513 957 3576 C.
980 3516 1147 3592 Sulpicius„
1164 3517 1207 3576 M.
1229 3515 1320 3576 Valc-

254 3610 314 3668 rius
344 3613 477 3674 consules
510 3616 576 3674 fidei
609 3634 668 3676 suae
701 3618 829 3689 duxissa,
864 3629 894 3676 nt
918 3623 1097 3697 accepissent
1126 3620 1184 3678 duo
1207 3619 1321 3696 patricii

254 3717 447 3790 consulatum,
475 3721 517 3780 itu
539 3723 682 3780 ambobus
703 3724 832 3799 patriciis
856 3725 1022 3801 mandaru)=
1044 3727 1137 3800 Quin
1159 3734 1220 3782 aut
1241 3733 1319 3783 1010

254 3821 450 3882 cedendum
475 3844 570 3898 esse,
594 3827 624 3884 si
647 3827 815 3902 plebeius
837 3830 907 3888 iam
928 3831 1168 3904 magistratus
1190 3848 1318 3890 consu·

253 3924 351 3984 latus
383 3926 466 4000 fiat,
507 3939 568 3990 aut
599 3941 714 3994 totum
743 3936 1021 4010 possidendum,
1049 3955 1151 4011 quam
1174 3955 1321 4013 posses·

253 4063 453 4076 ⁸*—

271 4141 298 4210 ¹)
323 4145 387 4212 Gap.
404 4154 443 4210 11,
466 4153 564 4216 lattigi
579 4169 603 4218 p.
617 4160 651 4203 80
665 4155 857 4220 significarique
876 4159 1059 4208 restituendum
1080 4172 1137 4208 esso
1156 4157 1319 4209 censebat.
