2810 4644
584 269 641 326 349
975 266 1031 316 Lib.
1051 265 1138 316 m.

85 449 181 524 potius
202 451 360 508 certissime
383 461 542 525 corrupto,
563 451 612 508 lib.
634 451 727 519 XLI,
747 451 801 519 24,
836 452 889 520 tc,
919 451 968 525 qui
998 451 1079 509 locus
1109 453 1139 510 in

86 554 184 612 codice
215 556 256 612 sic
282 556 428 614 scribitur:
462 575 504 614 ne
535 555 799 614 interdictione
831 554 959 613 linium
992 568 1139 615 nostros

86 680 227 737 quoque
253 671 287 720 et
307 679 371 719 uos
392 661 498 737 segni
520 679 715 718 arceamus.
763 661 829 719 Hoc
849 661 914 718 loco
937 671 973 719 et
994 682 1011 719 e
1033 683 1140 738 prace-

85 768 162 825 denti
184 786 200 829 e
221 777 315 824 ortum
339 777 390 824 est.

175 871 249 948 Cap.
275 875 320 942 tu,
348 879 439 948 lsqq.
460 873 548 948 paulo
570 871 654 948 plura
674 871 863 928 describenda
883 883 965 944 sunt,
987 883 1019 930 ut
1039 874 1139 932 vitium

84 989 239 1054 appareat:
261 980 320 1037 Ibi
342 979 498 1056 Syphax,
522 978 600 1035 dum
623 976 815 1050 obequitat
835 978 991 1036 hostium
1013 981 1141 1038 turmis
1192 955 1196 965 ,

90 1128 163 1157 ...,
186 1105 281 1161 equo
302 1085 471 1162 graviter
499 1086 575 1142 icto
610 1082 753 1140 effusus
783 1085 1006 1159 opprimit-ur
1038 1087 1141 1163 capi-

84 1201 218 1266 turque
239 1192 401 1262 etvivus,
422 1191 542 1248 latum
563 1201 653 1247 ante
674 1189 1032 1248 omnesMassinissas
1052 1211 1141 1268 prre·

85 1297 229 1354 biturus
250 1297 517 1372 spectaculum,
539 1297 583 1353 ad
614 1294 759 1353 Laelium
784 1296 1049 1370 pertrahitur..
1067 1297 1142 1356 Cir·

85 1413 122 1459 ta
142 1413 255 1478 caput
274 1404 381 1478 regni
402 1403 586 1480 Syphacis
610 1411 707 1469 erat,
739 1418 857 1474 eoque
878 1417 915 1456 se
932 1400 1060 1476 ingens
1081 1404 1141 1461 ho·
1183 1411 1185 1414 '

85 1509 215 1566 minum
247 1509 405 1566 contulit
433 1511 499 1568 vis.
567 1506 690 1565 Gades
722 1506 756 1562 in
789 1525 829 1562 eo
849 1505 995 1580 proelio
1029 1507 1143 1563 minor

86 1631 191 1688 quam
214 1591 376 1672 victoria
396 1615 570 1691 fuitqnia
591 1613 755 1688 equestri
773 1610 1019 1668 tantummodo
1039 1630 1141 1686 proe-

84 1719 135 1775 lio
157 1729 335 1777 certatum
357 1719 490 1780 iuerat.
536 1721 615 1778 Nou
633 1719 715 1794 plus
737 1719 766 1774 V
788 1717 893 1774 milia
914 1718 1059 1788 occisa,
1081 1717 1141 1774 mi·

85 1843 151 1882 nus
173 1825 362 1882 dimidium
384 1826 461 1882 eius
482 1825 663 1883 hominurn
685 1833 830 1900 captum
853 1833 924 1893 est,
951 1822 1087 1899 impetu
1105 1825 1141 1880 iu

85 1941 209 1990 castra
231 1931 350 2001 lacto,
377 1949 445 2006 quo
474 1931 648 2007 perculsa
678 1950 762 2007 rege
792 1929 925 1986 emisso
946 1929 1143 1987 multitudo

85 2055 123 2094 se
144 2037 363 2096 contulerat.
411 2037 636 2094 Massinissa
665 2036 738 2092 sibi
770 2035 910 2110 quidem
941 2035 1065 2093 dicere
1086 2047 1140 2097 ete.

85 2139 239 2216 (Sequitur
260 2142 409 2200 consilium
432 2142 521 2200 Laelio
544 2163 563 2200 a
583 2144 756 2200 Massinissa
776 2142 885 2211 datum,
906 2153 939 2197 ut
959 2159 990 2196 se
1011 2159 1076 2198 cum
1087 2141 1142 2217 Sy-

86 2248 180 2322 phace
203 2246 312 2306 Cirtam
334 2248 497 2324 praemittat,
519 2249 622 2306 deinde
645 2249 757 2323 reliqua
779 2249 814 2305 de
836 2257 923 2323 capta
950 2247 1020 2302 urbe
1048 2256 1076 2303 et
1097 2265 1142 2304 re·

85 2355 162 2430 gia.)
211 2355 268 2428 Qui
290 2355 350 2412 hac
377 2363 484 2410 attente
505 2353 626 2429 legerit,
659 2355 775 2424 sentiet,
805 2371 924 2428 prorsus
952 2370 1087 2426 perverse
1113 2353 1141 2408 in

84 2459 151 2536 ipsa
172 2460 273 2540 proelii
295 2461 459 2518 narratione
480 2459 651 2534 interregis
673 2479 770 2517 casum
787 2469 816 2516 et
829 2469 1142 2533 caesommcaptorum·
1167 2503 1170 2510 .

86 2585 145 2641 que
165 2584 315 2623 nnmerum
337 2566 479 2642 interponi
506 2567 622 2623 brevem
644 2566 724 2623 illam
753 2565 788 2622 de
810 2563 892 2623 Cirta
913 2563 1141 2638 hominibusque,

85 2672 137 2748 qui
159 2690 194 2728 ao
215 2671 403 2747 perfugerint,
424 2671 604 2740 sententiam,
625 2672 751 2728 nondum
767 2679 992 2728 commemorata
1013 2670 1084 2745 fuga
1105 2689 1142 2726 ex

85 2777 150 2834 acie
171 2777 200 2834 in
220 2777 285 2852 ipse
305 2787 400 2834 castra
416 2779 443 2850 (ξ
458 2782 489 2834 5:
512 2795 581 2851 quo
603 2777 780 2852 perculsa
803 2795 888 2853 rege
911 2777 1045 2834 amisso
1067 2780 1142 2848 cet).

83 2883 166 2940 Nam
191 2882 269 2956 quod
289 2882 540 2962 Weissenbornius
561 2881 719 2958 praeparari
742 2883 801 2954 ait,
832 2901 895 2958 quae
924 2887 939 2953 ᾖ
966 2889 983 2938 u
1013 2893 1042 2940 et
1063 2884 1142 2940 dein·

84 3005 154 3064 cepe
177 2997 337 3056 narrentur,
359 2988 433 3044 mira
450 3005 519 3044 vero
542 3007 577 3044 ea
598 2997 642 3046 est
661 2988 845 3064 praeparntio,
867 2997 899 3045 ut
913 2987 1023 3045 initium
1039 3007 1142 3046 narra-

83 3093 174 3150 tionis
195 3093 233 3150 ab
254 3093 319 3168 ipsa
342 3094 485 3150 divulsum
507 3105 537 3151 et
557 3095 706 3170 aliquanto
729 3113 817 3169 supra
836 3103 990 3150 remeatum
1006 3093 1080 3150 alius
1101 3093 1143 3151 rei

83 3199 265 3276 exponendus
286 3200 415 3256 ordinem
437 3200 633 3276 interrumpat
681 3202 774 3259 Recta
794 3199 892 3256 omnia
914 3207 997 3256 erunt
1018 3198 1143 3256 etfacile

83 3309 247 3374 decurrent,
273 3303 298 3361 si
319 3303 477 3362 clausulam
509 3306 588 3362 illam
625 3307 756 3364 undecim
784 3306 939 3366 verborum
974 3325 1011 3362 ex
1041 3305 1142 3381 proelii

81 3412 253 3470 narratione
273 3410 430 3468 detractam
455 3429 508 3468 suo
530 3411 594 3469 loco
614 3413 844 3486 reposuerimus,
876 3414 931 3470 hoc
957 3411 1058 3468 modo:

82 3519 128 3576 ad
146 3517 552 3592 Lmliumpertrahitnr.
614 3515 735 3575 Coedes
772 3517 805 3574 in
839 3537 879 3574 eo
912 3516 1055 3592 proelio

81 3633 266 3682 certatum
288 3621 417 3679 fuerat.
462 3623 543 3680 Non
565 3622 645 3698 plus
669 3624 698 3680 V
723 3623 888 3683 milia...
916 3633 1060 3699 captum
1081 3633 1144 3692 est,

81 3731 224 3807 impetu
246 3729 281 3785 in
304 3739 434 3784 castra
455 3727 563 3798 facto,
586 3747 654 3803 quo
757 3728 957 3786 multitudo
987 3747 1024 3786 se
1053 3747 1142 3785 con·

80 3835 232 3894 tulerat.
275 3833 344 3906 (llic
372 3833 473 3909 proelii
502 3834 629 3890 namatio
656 3835 766 3906 finitur;
797 3847 972 3911 sequuntur,
992 3855 1056 3910 qum
1077 3848 1143 3911 post

78 3941 226 4020 proelium
250 3949 317 3998 acta
337 3949 419 4010 sunt,
456 3940 537 3997 initio
569 3951 654 4015 capto
686 3961 704 3996 a
728 3941 877 3998 notatione
897 3940 969 4010 loci,
997 3961 1055 4016 quo
1078 3952 1144 3998 acta

77 4055 173 4116 sunt.)
229 4043 331 4104 Cirta
369 4056 478 4122 caput
510 4045 610 4120 regni
634 4045 814 4122 Syphacis
842 4059 939 4118 arat,
967 4065 1083 4122 eoque
1105 4067 1143 4102 sc
