2800 4646
306 273 362 322 nra.
381 273 468 324 xxn.
771 277 829 334 234

269 458 412 514 diceretur
431 456 649 533 proconsul,
675 467 893 533 proprietam
921 475 966 526 ea,
998 475 1120 532 quorum
1144 457 1238 516 rarior
1260 475 1332 514 usus

270 573 342 635 erat,
364 564 490 620 nondum
513 561 661 620 Ciceronis
683 562 818 637 Liviique
847 572 932 620 aetate
953 583 991 620 ne
1021 564 1189 637 quotidiano
1211 563 1330 638 quidem

270 689 323 726 usu
344 679 461 744 recepta
482 668 580 736 fuisse,
603 667 729 724 ostendit
751 687 816 743 pro
838 668 1333 744 magistrosemperappellatus,

271 775 320 850 qui
341 774 471 850 magistri
492 775 555 831 vice
576 773 753 848 fungeretur,
775 784 804 830 et
818 774 940 831 vitatum
963 773 1008 850 (ut
1028 775 1085 832 boc
1109 774 1184 850 utar)
1206 793 1225 830 a
1246 773 1333 832 Cice-

179 883 185 894 '
270 900 341 937 rone
362 880 391 936 in
413 877 668 938 commemoranda
688 879 790 936 Verris
811 879 841 938 in
856 879 959 937 Cilicia
980 879 1228 936 administratione
1251 897 1331 953 quae-

271 986 352 1042 st-orii
374 984 500 1042 muneris
523 983 622 1058 (Verr.
644 983 659 1039 I
679 1001 705 1040 c.
720 986 758 1042 26
774 985 853 1060 sqq.)
868 986 1075 1060 proquaestoria
1096 1003 1209 1042 nomen.
1256 985 1333 1042 Pro·

271 1091 420 1148 dictatoris
442 1089 558 1163 quidem
581 1088 739 1164 appellatio
768 1109 805 1148 ex
828 1109 885 1148 uno
903 1091 953 1147 illo
976 1091 1106 1160 homine,
1136 1090 1185 1164 qui
1206 1089 1333 1146 dictato-

270 1197 344 1253 riam
366 1203 542 1270 potestatem
564 1204 648 1250 extra
670 1195 798 1251 ordinem
823 1213 858 1252 aa
882 1205 966 1252 astate
989 1196 1100 1264 habuit,
1123 1213 1181 1268 qua
1201 1195 1332 1250 nondum

271 1301 423 1376 quisquam
446 1300 626 1374 proconsulis
648 1317 753 1355 nomen
774 1295 1002 1376 (substantivum
1024 1319 1076 1375 per
1100 1317 1185 1356 casus
1204 1299 1334 1356 declina-

270 1411 343 1478 tum)
366 1406 535 1474 audiverat,
556 1406 636 1463 nasci
659 1405 710 1462 vix
731 1405 835 1480 potuit.
885 1406 991 1478 ltaque
1019 1415 1049 1461 et
1069 1405 1157 1462 ceteri
1178 1415 1207 1461 et
1230 1405 1334 1461 Livius

270 1511 299 1568 in
328 1512 440 1586 reliqua
467 1513 633 1568 narratione
661 1511 787 1566 Fabium
815 1510 985 1566 dictatorem
1014 1511 1075 1566 sine
1103 1510 1163 1566 ulla
1189 1511 1335 1566 varietate

271 1616 434 1692 appellant;
460 1635 494 1672 ac
524 1636 560 1672 ne
581 1617 631 1673 illo
654 1616 769 1690 quidem
792 1615 866 1684 loco,
898 1633 957 1688 qno
980 1615 1080 1671 Livius
1102 1625 1263 1672 ceterorum
1287 1633 1334 1670 er-

270 1741 365 1778 rorem
398 1721 530 1795 castigat,
563 1721 769 1796 prodictatoris
800 1721 916 1778 nomine
946 1721 1048 1789 utitur,
1080 1721 1131 1778 sed
1160 1731 1335 1790 creatum,

272 1826 332 1900 qui
356 1845 420 1901 pro
443 1827 629 1883 dictatore
652 1835 764 1893 esset,
786 1825 863 1882 dicit.
912 1828 1012 1900 Atque
1038 1825 1106 1881 mihi
1132 1825 1211 1881 illum
1235 1826 1333 1883 locum

271 1931 379 2006 legenti
401 1941 430 1987 et
452 1949 515 1988 cum
539 1931 688 2006 superiore
709 1930 877 1987 narratione
892 1930 1073 2004 comparanti
1091 1931 1336 2006 contendentique

271 2037 349 2094 illurn
372 2036 439 2092 libri
461 2036 557 2111 quarti
588 2036 684 2092 locum
718 2038 755 2109 (o.
782 2038 816 2092 19
840 2045 867 2091 et
891 2037 963 2107 20),
993 2055 1051 2109 quo
1081 2035 1182 2092 Livius
1205 2036 1333 2110 primurn

271 2141 341 2198 satis
370 2142 466 2198 multis
501 2154 529 2199 et
559 2141 717 2217 splendidis
749 2141 846 2198 verbis
883 2140 979 2216 spolia
1008 2141 1106 2215 opima
1142 2161 1161 2198 a
1194 2140 1334 2198 Cornelio

271 2246 421 2328 Cossogtr.
451 2248 571 2304 militum
603 2256 690 2322 capta
711 2258 820 2315 narrat,
851 2264 972 2302 ornnes
994 2255 1080 2303 ante
1101 2264 1139 2303 se
1159 2257 1334 2304 auctores

270 2363 432 2423 secutus,
461 2353 564 2409 deinde
597 2363 693 2409 autern
725 2351 816 2408 critici
846 2369 1000 2426 personam
1024 2351 1152 2427 suscipit,
1178 2352 1334 2426 probabile

271 2477 305 2514 ac
326 2459 422 2532 potius
445 2466 554 2516 certum
575 2459 616 2528 fit,
640 2457 755 2514 Livium
770 2475 862 2531 usque
877 2456 915 2512 ad
930 2455 1010 2512 illurn
1031 2456 1061 2512 in
1083 2475 1146 2532 cap.
1165 2459 1197 2514 31
1226 2457 1333 2524 laetam,

271 2573 399 2620 secutum
430 2562 583 2619 omnium
611 2581 724 2637 prope
754 2562 907 2619 annales
937 2569 965 2618 et
987 2560 1133 2631 Caelium,
1164 2562 1335 2636 simpliciter

271 2669 307 2724 de
328 2668 422 2724 Fabio
445 2679 583 2741 tanquam
606 2668 748 2724 dictatore
770 2676 867 2724 creato
888 2684 1032 2736 nauseae,
1053 2667 1094 2724 ibi
1116 2676 1212 2724 eutem
1235 2668 1333 2724 subito

270 2774 309 2841 id,
334 2773 412 2846 quod
432 2773 543 2830 interca
572 2773 678 2831 alicubi
708 2773 878 2830 adnotatum
907 2773 1095 2848 repperisset,
1125 2773 1334 2848 interposuisse

270 2897 334 2934 cum
356 2878 440 2951 gravi
474 2879 524 2934 illa
545 2888 689 2936 accuratas
709 2879 940 2951 investigationis
967 2877 1077 2953 specio,
1100 2898 1186 2952 quern
1209 2879 1335 2935 subinde

270 2983 297 3038 ei
318 2983 427 3057 placuit
453 2983 614 3040 narrationi
641 3003 678 3041 ex
700 2984 836 3058 proximo
870 2983 962 3040 ductae
990 2995 1018 3039 et
1047 2983 1190 3041 interdum
1216 2984 1335 3041 incaute

270 3088 366 3144 verbis
388 3099 536 3145 exornate
557 3089 711 3146 obducere.
756 3089 860 3163 ltaque
882 3089 947 3158 hoc,
977 3089 1012 3144 de
1035 3107 1092 3162 quo
1115 3085 1247 3164 agimus,¹
1266 3089 1334 3146 loco

269 3193 398 3250 nondum
421 3193 576 3268 quiequam
600 3194 715 3250 Livium
746 3193 782 3250 de
808 3193 1063 3268 prodictatore
1085 3195 1228 3270 cogitasse
1249 3207 1334 3270 puto,

270 3296 392 3372 quodsi
413 3297 543 3370 fecisset,
575 3300 621 3356 hic
649 3299 727 3356 illam
760 3298 882 3355 aliorum
905 3300 1156 3375 reprehensionem
1187 3301 1336 3374 posuisset

269 3411 298 3459 et
321 3423 356 3458 ea
378 3405 533 3462 verborum
555 3403 736 3480 proprietate
757 3421 827 3460 usus
848 3415 938 3476 esset,
973 3425 1031 3479 qua
1051 3405 1110 3462 illic
1131 3403 1229 3459 utitur.
1274 3406 1334 3460 At-

270 3526 325 3582 que
347 3509 567 3567 dictatorem
592 3510 708 3566 Livium
732 3509 890 3585 scripsisse,
920 3511 1072 3586 perspicue
1093 3509 1179 3566 etiarn
1204 3508 1334 3564 ostendit

268 3613 424 3688 praeposita
445 3614 673 3671 illasententia:
707 3615 801 3688 quod
824 3634 1002 3689 nunquam
1034 3625 1118 3672 ants
1141 3632 1215 3670 aum
1238 3613 1332 3670 diem

269 3715 405 3775 iactum
428 3729 524 3788 erat,
551 3739 615 3794 quae
643 3739 702 3777 non
724 3721 905 3794 superiorum
929 3739 1047 3778 eausam
1070 3719 1195 3778 continet
1220 3719 1331 3784 (dioen-

269 3821 337 3878 dum
362 3823 437 3878 enim
460 3833 528 3882 tum,
542 3834 606 3882 erat
627 3825 723 3900 quod
744 3825 794 3896 io,
820 3845 872 3883 nec
893 3826 963 3883 iuris
985 3826 1035 3882 illa
1056 3843 1146 3883 causa
1166 3828 1257 3897 erat),
1280 3825 1332 3882 sed

268 3927 305 3983 ad
328 3927 367 3998 id,
390 3929 468 4002 quod
488 3930 627 4004 sequitur,
648 3930 785 4006 pertinet;
817 3950 876 3988 non
897 3941 961 3988 erat
982 3939 1079 3988 eutem
1100 3929 1248 4006 proiecto,
1281 3949 1333 3988 cur

269 4030 369 4088 Livius
397 4033 686 4108 prodictatorem
720 4054 868 4110 nunquam
901 4047 988 4094 antea
1014 4055 1033 4094 a
1062 4035 1171 4111 populo
1201 4045 1332 4092 creatum
