<?xml version="1.0" encoding="UTF-8"?>
<!DOCTYPE html PUBLIC "-//W3C//DTD XHTML 1.0 Transitional//EN"
    "http://www.w3.org/TR/xhtml1/DTD/xhtml1-transitional.dtd">
<html xmlns="http://www.w3.org/1999/xhtml" xml:lang="en" lang="en">
 <head>
  <title>
</title>
<meta http-equiv="Content-Type" content="text/html;charset=utf-8" />
  <meta name='ocr-system' content='tesseract 3.04.00' />
  <meta name='ocr-capabilities' content='ocr_page ocr_carea ocr_par ocr_line ocrx_word'/>
</head>
<body>
  <div class='ocr_page' id='page_1' title='image "./emendationesliv02madvgoog_0261.png"; bbox 0 0 2800 4646; ppageno 0'>
   <div class='ocr_carea' id='block_1_1' title="bbox 295 291 817 350">
    <p class='ocr_par' dir='ltr' id='par_1_1' title="bbox 295 291 817 350">
     <span class='ocr_line' id='line_1_1' title="bbox 295 291 817 350; baseline -0.006 -6"><span class='ocrx_word' id='word_1_1' title='bbox 295 293 351 344; x_wconf 79' lang='lat' dir='ltr'><strong>Lib.</strong></span> <span class='ocrx_word' id='word_1_2' title='bbox 366 291 457 345; x_wconf 84' lang='lat' dir='ltr'><strong>xxn.</strong></span> <span class='ocrx_word' id='word_1_3' title='bbox 759 294 817 350; x_wconf 81' lang='lat'><strong>252</strong></span> 
     </span>
    </p>
   </div>
   <div class='ocr_carea' id='block_1_2' title="bbox 259 477 1327 3178">
    <p class='ocr_par' dir='ltr' id='par_1_2' title="bbox 259 477 1325 1184">
     <span class='ocr_line' id='line_1_2' title="bbox 259 477 1325 552; baseline 0 -18"><span class='ocrx_word' id='word_1_4' title='bbox 259 495 299 536; x_wconf 79' lang='lat' dir='ltr'><strong>sc</strong></span> <span class='ocrx_word' id='word_1_5' title='bbox 328 487 458 534; x_wconf 87' lang='lat' dir='ltr'><strong>tenore</strong></span> <span class='ocrx_word' id='word_1_6' title='bbox 479 495 554 534; x_wconf 91' lang='lat' dir='ltr'><strong>nno</strong></span> <span class='ocrx_word' id='word_1_7' title='bbox 585 521 614 535; x_wconf 94' lang='lat'><strong>..</strong></span> <span class='ocrx_word' id='word_1_8' title='bbox 641 477 901 552; x_wconf 86' lang='lat' dir='ltr'><strong>pervenerunt)</strong></span> <span class='ocrx_word' id='word_1_9' title='bbox 928 477 1022 534; x_wconf 88' lang='lat' dir='ltr'><strong>locum</strong></span> <span class='ocrx_word' id='word_1_10' title='bbox 1044 496 1104 534; x_wconf 88' lang='lat' dir='ltr'><strong>non</strong></span> <span class='ocrx_word' id='word_1_11' title='bbox 1137 479 1236 546; x_wconf 86' lang='lat' dir='ltr'><strong>hebet,</strong></span> <span class='ocrx_word' id='word_1_12' title='bbox 1269 496 1325 534; x_wconf 89' lang='lat' dir='ltr'><strong>nec</strong></span> 
     </span>
     <span class='ocr_line' id='line_1_3' title="bbox 260 581 1323 658; baseline -0.001 -19"><span class='ocrx_word' id='word_1_13' title='bbox 260 582 369 658; x_wconf 30' lang='lat' dir='ltr'><strong>(quod-</strong></span> <span class='ocrx_word' id='word_1_14' title='bbox 385 582 479 656; x_wconf 89' lang='lat' dir='ltr'><strong>ipsum</strong></span> <span class='ocrx_word' id='word_1_15' title='bbox 504 581 574 638; x_wconf 89' lang='lat' dir='ltr'><strong>illud</strong></span> <span class='ocrx_word' id='word_1_16' title='bbox 605 601 674 638; x_wconf 88' lang='lat' dir='ltr'><strong>nno</strong></span> <span class='ocrx_word' id='word_1_17' title='bbox 706 589 832 638; x_wconf 88' lang='lat' dir='ltr'><strong>tenore</strong></span> <span class='ocrx_word' id='word_1_18' title='bbox 860 582 997 653; x_wconf 73' lang='lat' dir='ltr'><strong>ostendit)</strong></span> <span class='ocrx_word' id='word_1_19' title='bbox 1028 582 1200 640; x_wconf 76' lang='lat' dir='ltr'>describitur</span> <span class='ocrx_word' id='word_1_20' title='bbox 1227 593 1323 638; x_wconf 86' lang='lat' dir='ltr'><strong>status</strong></span> 
     </span>
     <span class='ocr_line' id='line_1_4' title="bbox 259 687 1324 763; baseline -0.002 -19"><span class='ocrx_word' id='word_1_21' title='bbox 259 705 364 763; x_wconf 80' lang='lat' dir='ltr'><strong>pugnae</strong></span> <span class='ocrx_word' id='word_1_22' title='bbox 391 687 601 762; x_wconf 74' lang='lat' dir='ltr'><strong>aliquantisper</strong></span> <span class='ocrx_word' id='word_1_23' title='bbox 628 688 729 744; x_wconf 89' lang='lat' dir='ltr'><strong>eodem</strong></span> <span class='ocrx_word' id='word_1_24' title='bbox 766 687 831 744; x_wconf 91' lang='lat' dir='ltr'><strong>loco</strong></span> <span class='ocrx_word' id='word_1_25' title='bbox 867 703 997 745; x_wconf 81' lang='lat' dir='ltr'><strong>manens.</strong></span> <span class='ocrx_word' id='word_1_26' title='bbox 1057 687 1256 762; x_wconf 76' lang='lat' dir='ltr'><strong>Peruagatum</strong></span> <span class='ocrx_word' id='word_1_27' title='bbox 1278 695 1324 742; x_wconf 91' lang='lat' dir='ltr'><strong>est</strong></span> 
     </span>
     <span class='ocr_line' id='line_1_5' title="bbox 259 791 1323 868; baseline -0.001 -20"><span class='ocrx_word' id='word_1_28' title='bbox 259 792 366 850; x_wconf 89' lang='lat' dir='ltr'><strong>hocin</strong></span> <span class='ocrx_word' id='word_1_29' title='bbox 393 792 468 850; x_wconf 85' lang='lat' dir='ltr'><strong>Livii</strong></span> <span class='ocrx_word' id='word_1_30' title='bbox 485 793 633 850; x_wconf 76' lang='lat' dir='ltr'><strong>codicibus</strong></span> <span class='ocrx_word' id='word_1_31' title='bbox 655 793 750 850; x_wconf 87' lang='lat' dir='ltr'><strong>mendi</strong></span> <span class='ocrx_word' id='word_1_32' title='bbox 772 810 863 868; x_wconf 87' lang='lat' dir='ltr'><strong>genus</strong></span> <span class='ocrx_word' id='word_1_33' title='bbox 892 791 921 848; x_wconf 92' lang='lat' dir='ltr'><strong>in</strong></span> <span class='ocrx_word' id='word_1_34' title='bbox 947 792 1000 848; x_wconf 91' lang='lat' dir='ltr'><strong>ire</strong></span> <span class='ocrx_word' id='word_1_35' title='bbox 1032 801 1061 848; x_wconf 90' lang='lat' dir='ltr'><strong>et</strong></span> <span class='ocrx_word' id='word_1_36' title='bbox 1089 792 1179 861; x_wconf 90' lang='lat' dir='ltr'><strong>iere,</strong></span> <span class='ocrx_word' id='word_1_37' title='bbox 1208 801 1269 848; x_wconf 89' lang='lat' dir='ltr'><strong>tum</strong></span> <span class='ocrx_word' id='word_1_38' title='bbox 1292 791 1323 846; x_wconf 91' lang='lat' dir='ltr'><strong>in</strong></span> 
     </span>
     <span class='ocr_line' id='line_1_6' title="bbox 259 897 1324 972; baseline 0 -20"><span class='ocrx_word' id='word_1_39' title='bbox 259 897 428 972; x_wconf 88' lang='lat' dir='ltr'><strong>compositis</strong></span> <span class='ocrx_word' id='word_1_40' title='bbox 461 898 543 954; x_wconf 82' lang='lat' dir='ltr'><strong>verbi</strong></span> <span class='ocrx_word' id='word_1_41' title='bbox 572 906 672 955; x_wconf 82' lang='lat' dir='ltr'><strong>stare</strong></span> <span class='ocrx_word' id='word_1_42' title='bbox 702 897 918 971; x_wconf 80' lang='lat' dir='ltr'><strong>(consistere</strong></span> <span class='ocrx_word' id='word_1_43' title='bbox 948 915 1002 972; x_wconf 89' lang='lat' dir='ltr'><strong>pro</strong></span> <span class='ocrx_word' id='word_1_44' title='bbox 1036 897 1257 966; x_wconf 89' lang='lat' dir='ltr'><strong>constitere,</strong></span> <span class='ocrx_word' id='word_1_45' title='bbox 1291 907 1324 952; x_wconf 89' lang='lat' dir='ltr'><strong>ut</strong></span> 
     </span>
     <span class='ocr_line' id='line_1_7' title="bbox 259 1001 1322 1080; baseline 0 -22"><span class='ocrx_word' id='word_1_46' title='bbox 259 1001 301 1071; x_wconf 90' lang='lat' dir='ltr'><strong>II,</strong></span> <span class='ocrx_word' id='word_1_47' title='bbox 323 1003 372 1073; x_wconf 83' lang='lat'><strong>30,</strong></span> <span class='ocrx_word' id='word_1_48' title='bbox 399 1007 430 1060; x_wconf 93' lang='lat' dir='ltr'><strong>ll</strong></span> <span class='ocrx_word' id='word_1_49' title='bbox 457 1005 536 1080; x_wconf 84' lang='lat' dir='ltr'><strong>opud</strong></span> <span class='ocrx_word' id='word_1_50' title='bbox 558 1001 774 1062; x_wconf 76' lang='lat' dir='ltr'><strong>Alschefskium</strong></span> <span class='ocrx_word' id='word_1_51' title='bbox 799 1012 827 1058; x_wconf 88' lang='lat' dir='ltr'><strong>et</strong></span> <span class='ocrx_word' id='word_1_52' title='bbox 847 1001 1011 1070; x_wconf 79' lang='lat' dir='ltr'><strong>Hertzium3</strong></span> <span class='ocrx_word' id='word_1_53' title='bbox 1043 1021 1111 1058; x_wconf 84' lang='lat' dir='ltr'><strong>nom</strong></span> <span class='ocrx_word' id='word_1_54' title='bbox 1141 1002 1190 1062; x_wconf 86' lang='lat' dir='ltr'><strong>W.</strong></span> <span class='ocrx_word' id='word_1_55' title='bbox 1220 1021 1322 1058; x_wconf 88' lang='lat' dir='ltr'><strong>verum</strong></span> 
     </span>
     <span class='ocr_line' id='line_1_8' title="bbox 259 1103 378 1184; baseline 0.05 -24"><span class='ocrx_word' id='word_1_56' title='bbox 259 1103 378 1184; x_wconf 89' lang='lat' dir='ltr'><strong>tenuit).</strong></span> 
     </span>
    </p>

    <p class='ocr_par' dir='ltr' id='par_1_3' title="bbox 259 1209 1327 3178">
     <span class='ocr_line' id='line_1_9' title="bbox 344 1209 1324 1286; baseline 0 -19"><span class='ocrx_word' id='word_1_57' title='bbox 344 1209 442 1286; x_wconf 77' lang='lat' dir='ltr'><strong>*Cep</strong></span> <span class='ocrx_word' id='word_1_58' title='bbox 456 1214 505 1282; x_wconf 81' lang='lat' dir='ltr'><strong>ts,</strong></span> <span class='ocrx_word' id='word_1_59' title='bbox 527 1215 577 1269; x_wconf 76' lang='lat' dir='ltr'><strong>tt:</strong></span> <span class='ocrx_word' id='word_1_60' title='bbox 602 1214 684 1270; x_wconf 82' lang='lat' dir='ltr'><strong>Haec</strong></span> <span class='ocrx_word' id='word_1_61' title='bbox 701 1211 894 1285; x_wconf 80' lang='lat' dir='ltr'><strong>exigentes</strong></span> <span class='ocrx_word' id='word_1_62' title='bbox 910 1212 960 1278; x_wconf 92' lang='lat' dir='ltr'><strong>(L.</strong></span> <span class='ocrx_word' id='word_1_63' title='bbox 979 1211 1131 1268; x_wconf 85' lang='lat' dir='ltr'><strong>AEmilium</strong></span> <span class='ocrx_word' id='word_1_64' title='bbox 1147 1212 1273 1270; x_wconf 79' lang='lat' dir='ltr'><strong>Paulum</strong></span> <span class='ocrx_word' id='word_1_65' title='bbox 1296 1223 1324 1268; x_wconf 92' lang='lat' dir='ltr'><strong>et</strong></span> 
     </span>
     <span class='ocr_line' id='line_1_10' title="bbox 259 1313 1324 1395; baseline 0 -23"><span class='ocrx_word' id='word_1_66' title='bbox 259 1313 314 1372; x_wconf 87' lang='lat' dir='ltr'><strong>Cn.</strong></span> <span class='ocrx_word' id='word_1_67' title='bbox 326 1317 494 1392; x_wconf 89' lang='lat' dir='ltr'><strong>Lentulum)</strong></span> <span class='ocrx_word' id='word_1_68' title='bbox 519 1319 624 1395; x_wconf 89' lang='lat' dir='ltr'><strong>prius</strong></span> <span class='ocrx_word' id='word_1_69' title='bbox 647 1318 755 1375; x_wconf 79' lang='lat' dir='ltr'><strong>turba</strong></span> <span class='ocrx_word' id='word_1_70' title='bbox 776 1316 997 1392; x_wconf 81' lang='lat' dir='ltr'><strong>fugientium</strong></span> <span class='ocrx_word' id='word_1_71' title='bbox 1019 1317 1168 1387; x_wconf 86' lang='lat' dir='ltr'><strong>civium,</strong></span> <span class='ocrx_word' id='word_1_72' title='bbox 1190 1317 1324 1373; x_wconf 88' lang='lat' dir='ltr'><strong>deinde</strong></span> 
     </span>
     <span class='ocr_line' id='line_1_11' title="bbox 260 1421 1323 1498; baseline 0.001 -21"><span class='ocrx_word' id='word_1_73' title='bbox 260 1421 385 1479; x_wconf 84' lang='lat' dir='ltr'><strong>hostes</strong></span> <span class='ocrx_word' id='word_1_74' title='bbox 409 1441 641 1498; x_wconf 85' lang='lat' dir='ltr'><strong>oppressere.</strong></span> <span class='ocrx_word' id='word_1_75' title='bbox 695 1421 776 1479; x_wconf 83' lang='lat' dir='ltr'><strong>Nihil</strong></span> <span class='ocrx_word' id='word_1_76' title='bbox 805 1421 880 1478; x_wconf 87' lang='lat' dir='ltr'><strong>inter</strong></span> <span class='ocrx_word' id='word_1_77' title='bbox 915 1421 1068 1480; x_wconf 85' lang='lat' dir='ltr'><strong>AEmilium</strong></span> <span class='ocrx_word' id='word_1_78' title='bbox 1103 1431 1132 1478; x_wconf 91' lang='lat' dir='ltr'><strong>et</strong></span> <span class='ocrx_word' id='word_1_79' title='bbox 1168 1422 1323 1479; x_wconf 89' lang='lat' dir='ltr'><strong>Lentulum</strong></span> 
     </span>
     <span class='ocr_line' id='line_1_12' title="bbox 260 1526 1324 1602; baseline 0.006 -20"><span class='ocrx_word' id='word_1_80' title='bbox 260 1527 440 1602; x_wconf 83' lang='lat' dir='ltr'><strong>exigebatur,</strong></span> <span class='ocrx_word' id='word_1_81' title='bbox 474 1529 530 1585; x_wconf 88' lang='lat' dir='ltr'><strong>hoc</strong></span> <span class='ocrx_word' id='word_1_82' title='bbox 552 1539 604 1596; x_wconf 87' lang='lat' dir='ltr'><strong>est,</strong></span> <span class='ocrx_word' id='word_1_83' title='bbox 636 1528 867 1598; x_wconf 77' lang='lat' dir='ltr'><strong>examinabatur,</strong></span> <span class='ocrx_word' id='word_1_84' title='bbox 890 1546 977 1602; x_wconf 81' lang='lat' dir='ltr'><strong>quern</strong></span> <span class='ocrx_word' id='word_1_85' title='bbox 1000 1535 1076 1583; x_wconf 86' lang='lat' dir='ltr'><strong>esset</strong></span> <span class='ocrx_word' id='word_1_86' title='bbox 1095 1537 1173 1584; x_wconf 88' lang='lat' dir='ltr'><strong>recte</strong></span> <span class='ocrx_word' id='word_1_87' title='bbox 1195 1526 1324 1588; x_wconf 81' lang='lat' dir='ltr'><strong>fectum:</strong></span> 
     </span>
     <span class='ocr_line' id='line_1_13' title="bbox 259 1632 1325 1708; baseline 0.002 -20"><span class='ocrx_word' id='word_1_88' title='bbox 259 1632 374 1689; x_wconf 88' lang='lat' dir='ltr'><strong>codices</strong></span> <span class='ocrx_word' id='word_1_89' title='bbox 390 1634 462 1704; x_wconf 89' lang='lat' dir='ltr'><strong>(PM</strong></span> <span class='ocrx_word' id='word_1_90' title='bbox 481 1633 543 1706; x_wconf 75' lang='lat' dir='ltr'><strong>alii)</strong></span> <span class='ocrx_word' id='word_1_91' title='bbox 565 1633 673 1689; x_wconf 88' lang='lat' dir='ltr'><strong>habent</strong></span> <span class='ocrx_word' id='word_1_92' title='bbox 695 1633 767 1688; x_wconf 76' lang='lat' dir='ltr'><strong>hmc</strong></span> <span class='ocrx_word' id='word_1_93' title='bbox 791 1633 1002 1708; x_wconf 77' lang='lat' dir='ltr'><strong>exegeritis,</strong></span> <span class='ocrx_word' id='word_1_94' title='bbox 1031 1651 1068 1687; x_wconf 90' lang='lat' dir='ltr'><strong>ex</strong></span> <span class='ocrx_word' id='word_1_95' title='bbox 1090 1652 1148 1708; x_wconf 89' lang='lat' dir='ltr'><strong>quo</strong></span> <span class='ocrx_word' id='word_1_96' title='bbox 1170 1635 1215 1690; x_wconf 87' lang='lat' dir='ltr'><strong>iit:</strong></span> <span class='ocrx_word' id='word_1_97' title='bbox 1241 1634 1325 1690; x_wconf 80' lang='lat' dir='ltr'><strong>Haec</strong></span> 
     </span>
     <span class='ocr_line' id='line_1_14' title="bbox 261 1734 1325 1811; baseline -0.003 -17"><span class='ocrx_word' id='word_1_98' title='bbox 261 1755 322 1794; x_wconf 91' lang='lat' dir='ltr'><strong>eos</strong></span> <span class='ocrx_word' id='word_1_99' title='bbox 352 1734 538 1810; x_wconf 84' lang='lat' dir='ltr'><strong>egentis.¹)</strong></span> <span class='ocrx_word' id='word_1_100' title='bbox 583 1737 678 1794; x_wconf 73' lang='lat' dir='ltr'><strong>Panlo</strong></span> <span class='ocrx_word' id='word_1_101' title='bbox 699 1745 767 1811; x_wconf 89' lang='lat' dir='ltr'><strong>post</strong></span> <span class='ocrx_word' id='word_1_102' title='bbox 789 1737 892 1810; x_wconf 72' lang='lat'><strong>(515),</strong></span> <span class='ocrx_word' id='word_1_103' title='bbox 924 1737 973 1793; x_wconf 93' lang='lat' dir='ltr'><strong>nbi</strong></span> <span class='ocrx_word' id='word_1_104' title='bbox 995 1737 1103 1796; x_wconf 81' lang='lat' dir='ltr'><strong>editur:</strong></span> <span class='ocrx_word' id='word_1_105' title='bbox 1134 1737 1232 1794; x_wconf 90' lang='lat' dir='ltr'><strong>XLV</strong></span> <span class='ocrx_word' id='word_1_106' title='bbox 1259 1735 1325 1792; x_wconf 88' lang='lat' dir='ltr'><strong>mi·</strong></span> 
     </span>
     <span class='ocr_line' id='line_1_15' title="bbox 260 1839 1325 1917; baseline -0.002 -19"><span class='ocrx_word' id='word_1_107' title='bbox 260 1842 311 1898; x_wconf 85' lang='lat' dir='ltr'><strong>lie</strong></span> <span class='ocrx_word' id='word_1_108' title='bbox 342 1843 371 1898; x_wconf 92' lang='lat' dir='ltr'>D</span> <span class='ocrx_word' id='word_1_109' title='bbox 408 1843 571 1917; x_wconf 84' lang='lat' dir='ltr'><strong>pedites,</strong></span> <span class='ocrx_word' id='word_1_110' title='bbox 608 1839 780 1899; x_wconf 89' lang='lat' dir='ltr'>MMDCC</span> <span class='ocrx_word' id='word_1_111' title='bbox 807 1843 967 1916; x_wconf 82' lang='lat' dir='ltr'><strong>equites,</strong></span> <span class='ocrx_word' id='word_1_112' title='bbox 1004 1853 1039 1899; x_wconf 88' lang='lat' dir='ltr'><strong>et</strong></span> <span class='ocrx_word' id='word_1_113' title='bbox 1070 1851 1176 1899; x_wconf 76' lang='lat' dir='ltr'><strong>tenta</strong></span> <span class='ocrx_word' id='word_1_114' title='bbox 1208 1859 1325 1916; x_wconf 91' lang='lat' dir='ltr'><strong>prope</strong></span> 
     </span>
     <span class='ocr_line' id='line_1_16' title="bbox 260 1946 1325 2021; baseline -0.001 -18"><span class='ocrx_word' id='word_1_115' title='bbox 260 1947 392 2004; x_wconf 86' lang='lat' dir='ltr'><strong>civium</strong></span> <span class='ocrx_word' id='word_1_116' title='bbox 429 1946 686 2020; x_wconf 89' lang='lat' dir='ltr'><strong>sociorumque</strong></span> <span class='ocrx_word' id='word_1_117' title='bbox 722 1965 825 2021; x_wconf 83' lang='lat' dir='ltr'><strong>pars,</strong></span> <span class='ocrx_word' id='word_1_118' title='bbox 859 1948 940 2004; x_wconf 80' lang='lat' dir='ltr'><strong>coesi</strong></span> <span class='ocrx_word' id='word_1_119' title='bbox 967 1948 1155 2016; x_wconf 88' lang='lat' dir='ltr'><strong>dicuntur,</strong></span> <span class='ocrx_word' id='word_1_120' title='bbox 1191 1957 1325 2020; x_wconf 79' lang='lat' dir='ltr'><strong>apparet,</strong></span> 
     </span>
     <span class='ocr_line' id='line_1_17' title="bbox 260 2051 1326 2128; baseline -0.002 -20"><span class='ocrx_word' id='word_1_121' title='bbox 260 2051 382 2108; x_wconf 73' lang='lat' dir='ltr'><strong>alterum</strong></span> <span class='ocrx_word' id='word_1_122' title='bbox 425 2071 440 2108; x_wconf 89' lang='lat' dir='ltr'><strong>e</strong></span> <span class='ocrx_word' id='word_1_123' title='bbox 480 2051 593 2108; x_wconf 87' lang='lat' dir='ltr'><strong>duobus</strong></span> <span class='ocrx_word' id='word_1_124' title='bbox 633 2051 748 2109; x_wconf 88' lang='lat' dir='ltr'><strong>Livium</strong></span> <span class='ocrx_word' id='word_1_125' title='bbox 773 2051 897 2118; x_wconf 84' lang='lat' dir='ltr'><strong>dixisse,</strong></span> <span class='ocrx_word' id='word_1_126' title='bbox 941 2061 992 2109; x_wconf 83' lang='lat' dir='ltr'><strong>eut</strong></span> <span class='ocrx_word' id='word_1_127' title='bbox 1021 2071 1121 2128; x_wconf 79' lang='lat' dir='ltr'><strong>parem</strong></span> <span class='ocrx_word' id='word_1_128' title='bbox 1154 2069 1246 2126; x_wconf 89' lang='lat' dir='ltr'><strong>prope</strong></span> <span class='ocrx_word' id='word_1_129' title='bbox 1284 2051 1326 2106; x_wconf 86' lang='lat' dir='ltr'><strong>ci·</strong></span> 
     </span>
     <span class='ocr_line' id='line_1_18' title="bbox 260 2157 1325 2232; baseline 0 -19"><span class='ocrx_word' id='word_1_130' title='bbox 260 2157 339 2213; x_wconf 82' lang='lat' dir='ltr'><strong>rium</strong></span> <span class='ocrx_word' id='word_1_131' title='bbox 372 2157 575 2232; x_wconf 87' lang='lat' dir='ltr'><strong>sociorumque</strong></span> <span class='ocrx_word' id='word_1_132' title='bbox 607 2175 756 2213; x_wconf 87' lang='lat' dir='ltr'><strong>numerum</strong></span> <span class='ocrx_word' id='word_1_133' title='bbox 787 2157 939 2224; x_wconf 80' lang='lat' dir='ltr'><strong>cecidisse,</strong></span> <span class='ocrx_word' id='word_1_134' title='bbox 967 2167 1017 2214; x_wconf 86' lang='lat' dir='ltr'><strong>aut</strong></span> <span class='ocrx_word' id='word_1_135' title='bbox 1049 2167 1237 2230; x_wconf 85' lang='lat' dir='ltr'><strong>utrorumque</strong></span> <span class='ocrx_word' id='word_1_136' title='bbox 1269 2176 1325 2232; x_wconf 90' lang='lat' dir='ltr'><strong>pro</strong></span> 
     </span>
     <span class='ocr_line' id='line_1_19' title="bbox 261 2260 1325 2338; baseline -0.004 -18"><span class='ocrx_word' id='word_1_137' title='bbox 261 2263 396 2338; x_wconf 90' lang='lat' dir='ltr'><strong>portione</strong></span> <span class='ocrx_word' id='word_1_138' title='bbox 418 2263 469 2336; x_wconf 94' lang='lat'><strong>(-</strong></span> <span class='ocrx_word' id='word_1_139' title='bbox 494 2281 587 2336; x_wconf 88' lang='lat' dir='ltr'><strong>neque</strong></span> <span class='ocrx_word' id='word_1_140' title='bbox 614 2262 689 2318; x_wconf 90' lang='lat' dir='ltr'><strong>enim</strong></span> <span class='ocrx_word' id='word_1_141' title='bbox 713 2279 795 2336; x_wconf 83' lang='lat' dir='ltr'><strong>oeque</strong></span> <span class='ocrx_word' id='word_1_142' title='bbox 816 2261 898 2318; x_wconf 89' lang='lat' dir='ltr'><strong>multi</strong></span> <span class='ocrx_word' id='word_1_143' title='bbox 919 2262 947 2318; x_wconf 91' lang='lat' dir='ltr'><strong>in</strong></span> <span class='ocrx_word' id='word_1_144' title='bbox 981 2261 1107 2318; x_wconf 82' lang='lat' dir='ltr'><strong>exercitu</strong></span> <span class='ocrx_word' id='word_1_145' title='bbox 1137 2269 1236 2328; x_wconf 87' lang='lat' dir='ltr'><strong>erant,</strong></span> <span class='ocrx_word' id='word_1_146' title='bbox 1273 2260 1325 2316; x_wconf 91' lang='lat' dir='ltr'><strong>sed</strong></span> 
     </span>
     <span class='ocr_line' id='line_1_20' title="bbox 261 2365 1327 2442; baseline -0.005 -16"><span class='ocrx_word' id='word_1_147' title='bbox 261 2367 333 2426; x_wconf 85' lang='lat' dir='ltr'><strong>socii</strong></span> <span class='ocrx_word' id='word_1_148' title='bbox 361 2369 459 2442; x_wconf 90' lang='lat' dir='ltr'><strong>plures</strong></span> <span class='ocrx_word' id='word_1_149' title='bbox 490 2369 560 2440; x_wconf 88' lang='lat'><strong>-—),</strong></span> <span class='ocrx_word' id='word_1_150' title='bbox 591 2375 723 2423; x_wconf 81' lang='lat' dir='ltr'><strong>neutram</strong></span> <span class='ocrx_word' id='word_1_151' title='bbox 751 2377 847 2424; x_wconf 86' lang='lat' dir='ltr'><strong>autern</strong></span> <span class='ocrx_word' id='word_1_152' title='bbox 878 2366 1049 2424; x_wconf 86' lang='lat' dir='ltr'><strong>sententiam</strong></span> <span class='ocrx_word' id='word_1_153' title='bbox 1079 2365 1216 2422; x_wconf 86' lang='lat' dir='ltr'><strong>evorbis</strong></span> <span class='ocrx_word' id='word_1_154' title='bbox 1249 2365 1327 2422; x_wconf 86' lang='lat' dir='ltr'><strong>effici</strong></span> 
     </span>
     <span class='ocr_line' id='line_1_21' title="bbox 262 2469 1327 2547; baseline -0.003 -18"><span class='ocrx_word' id='word_1_155' title='bbox 262 2477 311 2545; x_wconf 89' lang='lat' dir='ltr'><strong>(et</strong></span> <span class='ocrx_word' id='word_1_156' title='bbox 333 2483 438 2529; x_wconf 78' lang='lat' dir='ltr'><strong>tenta</strong></span> <span class='ocrx_word' id='word_1_157' title='bbox 543 2471 658 2547; x_wconf 82' lang='lat' dir='ltr'><strong>pars),</strong></span> <span class='ocrx_word' id='word_1_158' title='bbox 686 2471 716 2527; x_wconf 92' lang='lat' dir='ltr'><strong>iu</strong></span> <span class='ocrx_word' id='word_1_159' title='bbox 739 2471 843 2545; x_wconf 90' lang='lat' dir='ltr'><strong>quibus</strong></span> <span class='ocrx_word' id='word_1_160' title='bbox 867 2469 987 2528; x_wconf 84' lang='lat' dir='ltr'><strong>offendit</strong></span> <span class='ocrx_word' id='word_1_161' title='bbox 1008 2471 1095 2528; x_wconf 90' lang='lat' dir='ltr'><strong>etiam</strong></span> <span class='ocrx_word' id='word_1_162' title='bbox 1123 2479 1159 2526; x_wconf 90' lang='lat' dir='ltr'><strong>et</strong></span> <span class='ocrx_word' id='word_1_163' title='bbox 1180 2471 1221 2526; x_wconf 90' lang='lat' dir='ltr'><strong>sic</strong></span> <span class='ocrx_word' id='word_1_164' title='bbox 1244 2471 1327 2526; x_wconf 85' lang='lat' dir='ltr'><strong>addi-</strong></span> 
     </span>
     <span class='ocr_line' id='line_1_22' title="bbox 261 2575 1326 2652; baseline -0.002 -18"><span class='ocrx_word' id='word_1_165' title='bbox 261 2587 334 2646; x_wconf 90' lang='lat' dir='ltr'><strong>tum,</strong></span> <span class='ocrx_word' id='word_1_166' title='bbox 356 2586 497 2651; x_wconf 80' lang='lat' dir='ltr'><strong>tanquam</strong></span> <span class='ocrx_word' id='word_1_167' title='bbox 519 2577 629 2652; x_wconf 83' lang='lat' dir='ltr'><strong>aliquid</strong></span> <span class='ocrx_word' id='word_1_168' title='bbox 651 2576 720 2633; x_wconf 85' lang='lat' dir='ltr'><strong>novi</strong></span> <span class='ocrx_word' id='word_1_169' title='bbox 743 2577 929 2651; x_wconf 79' lang='lat' dir='ltr'><strong>adiungatur3</strong></span> <span class='ocrx_word' id='word_1_170' title='bbox 951 2577 1037 2651; x_wconf 85' lang='lat' dir='ltr'><strong>longe</strong></span> <span class='ocrx_word' id='word_1_171' title='bbox 1059 2575 1132 2633; x_wconf 90' lang='lat' dir='ltr'><strong>enim</strong></span> <span class='ocrx_word' id='word_1_172' title='bbox 1156 2575 1235 2632; x_wconf 82' lang='lat' dir='ltr'><strong>uliud</strong></span> <span class='ocrx_word' id='word_1_173' title='bbox 1268 2587 1326 2632; x_wconf 79' lang='lat' dir='ltr'><strong>est:</strong></span> 
     </span>
     <span class='ocr_line' id='line_1_23' title="bbox 261 2679 1325 2756; baseline -0.003 -17"><span class='ocrx_word' id='word_1_174' title='bbox 261 2692 366 2739; x_wconf 84' lang='lat' dir='ltr'><strong>tantu</strong></span> <span class='ocrx_word' id='word_1_175' title='bbox 388 2683 522 2739; x_wconf 87' lang='lat' dir='ltr'><strong>civium</strong></span> <span class='ocrx_word' id='word_1_176' title='bbox 545 2691 682 2756; x_wconf 86' lang='lat' dir='ltr'><strong>quanta</strong></span> <span class='ocrx_word' id='word_1_177' title='bbox 707 2682 903 2750; x_wconf 88' lang='lat' dir='ltr'><strong>sociorum,</strong></span> <span class='ocrx_word' id='word_1_178' title='bbox 935 2680 1027 2737; x_wconf 81' lang='lat' dir='ltr'><strong>aliud:</strong></span> <span class='ocrx_word' id='word_1_179' title='bbox 1055 2691 1158 2736; x_wconf 84' lang='lat' dir='ltr'><strong>tante</strong></span> <span class='ocrx_word' id='word_1_180' title='bbox 1188 2679 1325 2737; x_wconf 82' lang='lat' dir='ltr'><strong>civium</strong></span> 
     </span>
     <span class='ocr_line' id='line_1_24' title="bbox 262 2785 1326 2862; baseline -0.004 -18"><span class='ocrx_word' id='word_1_181' title='bbox 262 2787 529 2861; x_wconf 82' lang='lat' dir='ltr'><strong>sociorumque.</strong></span> <span class='ocrx_word' id='word_1_182' title='bbox 590 2789 694 2862; x_wconf 79' lang='lat' dir='ltr'><strong>Itaque</strong></span> <span class='ocrx_word' id='word_1_183' title='bbox 723 2785 891 2845; x_wconf 84' lang='lat' dir='ltr'><strong>Gronovius</strong></span> <span class='ocrx_word' id='word_1_184' title='bbox 922 2786 1047 2860; x_wconf 86' lang='lat' dir='ltr'><strong>priorem</strong></span> <span class='ocrx_word' id='word_1_185' title='bbox 1078 2785 1248 2842; x_wconf 77' lang='lat' dir='ltr'><strong>sententiam</strong></span> <span class='ocrx_word' id='word_1_186' title='bbox 1280 2804 1326 2840; x_wconf 88' lang='lat' dir='ltr'><strong>se-</strong></span> 
     </span>
     <span class='ocr_line' id='line_1_25' title="bbox 262 2890 1326 2965; baseline -0.004 -15"><span class='ocrx_word' id='word_1_187' title='bbox 262 2901 345 2950; x_wconf 88' lang='lat' dir='ltr'><strong>cutus</strong></span> <span class='ocrx_word' id='word_1_188' title='bbox 368 2892 519 2962; x_wconf 78' lang='lat' dir='ltr'><strong>dubitavit,</strong></span> <span class='ocrx_word' id='word_1_189' title='bbox 542 2911 579 2948; x_wconf 83' lang='lat' dir='ltr'><strong>nn</strong></span> <span class='ocrx_word' id='word_1_190' title='bbox 598 2891 780 2950; x_wconf 89' lang='lat' dir='ltr'><strong>scribendum</strong></span> <span class='ocrx_word' id='word_1_191' title='bbox 804 2903 896 2949; x_wconf 87' lang='lat' dir='ltr'><strong>essct:</strong></span> <span class='ocrx_word' id='word_1_192' title='bbox 918 2901 952 2948; x_wconf 89' lang='lat' dir='ltr'><strong>et</strong></span> <span class='ocrx_word' id='word_1_193' title='bbox 973 2909 1087 2965; x_wconf 81' lang='lat' dir='ltr'><strong>aeque;</strong></span> <span class='ocrx_word' id='word_1_194' title='bbox 1109 2891 1178 2947; x_wconf 91' lang='lat' dir='ltr'><strong>mihi</strong></span> <span class='ocrx_word' id='word_1_195' title='bbox 1201 2890 1326 2947; x_wconf 79' lang='lat' dir='ltr'><strong>alterum</strong></span> 
     </span>
     <span class='ocr_line' id='line_1_26' title="bbox 262 2996 1327 3072; baseline 0 -20"><span class='ocrx_word' id='word_1_196' title='bbox 262 2997 433 3054; x_wconf 80' lang='lat' dir='ltr'><strong>sententiam</strong></span> <span class='ocrx_word' id='word_1_197' title='bbox 456 2997 586 3072; x_wconf 85' lang='lat' dir='ltr'><strong>sequenti</strong></span> <span class='ocrx_word' id='word_1_198' title='bbox 615 3009 643 3054; x_wconf 89' lang='lat' dir='ltr'><strong>et</strong></span> <span class='ocrx_word' id='word_1_199' title='bbox 676 2997 796 3071; x_wconf 87' lang='lat' dir='ltr'><strong>propius</strong></span> <span class='ocrx_word' id='word_1_200' title='bbox 818 2997 855 3052; x_wconf 90' lang='lat' dir='ltr'><strong>ad</strong></span> <span class='ocrx_word' id='word_1_201' title='bbox 877 2997 1008 3053; x_wconf 88' lang='lat' dir='ltr'><strong>codicum</strong></span> <span class='ocrx_word' id='word_1_202' title='bbox 1041 2997 1165 3072; x_wconf 80' lang='lat' dir='ltr'><strong>vestigia</strong></span> <span class='ocrx_word' id='word_1_203' title='bbox 1187 2996 1327 3053; x_wconf 78' lang='lat' dir='ltr'><strong>accedere</strong></span> 
     </span>
     <span class='ocr_line' id='line_1_27' title="bbox 262 3099 1327 3178; baseline -0.001 -20"><span class='ocrx_word' id='word_1_204' title='bbox 262 3101 379 3158; x_wconf 83' lang='lat' dir='ltr'><strong>conanti</strong></span> <span class='ocrx_word' id='word_1_205' title='bbox 400 3102 430 3158; x_wconf 93' lang='lat' dir='ltr'><strong>in</strong></span> <span class='ocrx_word' id='word_1_206' title='bbox 451 3111 576 3159; x_wconf 83' lang='lat' dir='ltr'><strong>utentem</strong></span> <span class='ocrx_word' id='word_1_207' title='bbox 599 3103 691 3159; x_wconf 88' lang='lat' dir='ltr'><strong>venit:</strong></span> <span class='ocrx_word' id='word_1_208' title='bbox 820 3101 980 3175; x_wconf 90' lang='lat' dir='ltr'><strong>equites,</strong></span> <span class='ocrx_word' id='word_1_209' title='bbox 1015 3099 1078 3178; x_wconf 89' lang='lat' dir='ltr'><strong>[et]</strong></span> <span class='ocrx_word' id='word_1_210' title='bbox 1108 3107 1189 3164; x_wconf 70' lang='lat' dir='ltr'><strong>nte</strong></span> <span class='ocrx_word' id='word_1_211' title='bbox 1210 3120 1327 3178; x_wconf 89' lang='lat' dir='ltr'><strong>prope</strong></span> 
     </span>
    </p>
   </div>
   <div class='ocr_carea' id='block_1_3' title="bbox 264 3205 1327 3282">
    <p class='ocr_par' dir='ltr' id='par_1_4' title="bbox 264 3205 1327 3282">
     <span class='ocr_line' id='line_1_28' title="bbox 264 3205 1327 3282; baseline -0.002 -18"><span class='ocrx_word' id='word_1_212' title='bbox 264 3207 397 3264; x_wconf 83' lang='lat' dir='ltr'><strong>civium</strong></span> <span class='ocrx_word' id='word_1_213' title='bbox 419 3207 682 3282; x_wconf 85' lang='lat' dir='ltr'><strong>sociorumque</strong></span> <span class='ocrx_word' id='word_1_214' title='bbox 704 3225 799 3282; x_wconf 80' lang='lat' dir='ltr'><strong>pers.</strong></span> <span class='ocrx_word' id='word_1_215' title='bbox 836 3207 1026 3281; x_wconf 82' lang='lat' dir='ltr'><strong>Aptissimum</strong></span> <span class='ocrx_word' id='word_1_216' title='bbox 1055 3205 1130 3263; x_wconf 85' lang='lat' dir='ltr'><strong>effici</strong></span> <span class='ocrx_word' id='word_1_217' title='bbox 1153 3206 1327 3273; x_wconf 84' lang='lat' dir='ltr'><strong>orationem,</strong></span> 
     </span>
    </p>
   </div>
   <div class='ocr_carea' id='block_1_4' title="bbox 262 3321 1328 3808">
    <p class='ocr_par' dir='ltr' id='par_1_5' title="bbox 264 3321 397 3387">
     <span class='ocr_line' id='line_1_29' title="bbox 264 3321 397 3387; baseline 0.015 -19"><span class='ocrx_word' id='word_1_218' title='bbox 264 3321 397 3387; x_wconf 80' lang='lat' dir='ltr'><strong>apparet.</strong></span> 
     </span>
    </p>

    <p class='ocr_par' dir='ltr' id='par_1_6' title="bbox 262 3415 1328 3808">
     <span class='ocr_line' id='line_1_30' title="bbox 347 3415 1327 3492; baseline -0.001 -19"><span class='ocrx_word' id='word_1_219' title='bbox 347 3415 420 3492; x_wconf 84' lang='lat' dir='ltr'><strong>Cep,</strong></span> <span class='ocrx_word' id='word_1_220' title='bbox 445 3419 493 3484; x_wconf 83' lang='lat'><strong>51,</strong></span> <span class='ocrx_word' id='word_1_221' title='bbox 517 3419 549 3472; x_wconf 84' lang='lat'><strong>5:</strong></span> <span class='ocrx_word' id='word_1_222' title='bbox 583 3417 740 3474; x_wconf 89' lang='lat' dir='ltr'><strong>Postero</strong></span> <span class='ocrx_word' id='word_1_223' title='bbox 762 3417 833 3488; x_wconf 92' lang='lat' dir='ltr'><strong>die,</strong></span> <span class='ocrx_word' id='word_1_224' title='bbox 862 3416 921 3474; x_wconf 93' lang='lat' dir='ltr'><strong>nbi</strong></span> <span class='ocrx_word' id='word_1_225' title='bbox 945 3415 1096 3490; x_wconf 90' lang='lat' dir='ltr'><strong>primum</strong></span> <span class='ocrx_word' id='word_1_226' title='bbox 1119 3415 1261 3486; x_wconf 87' lang='lat' dir='ltr'><strong>illuxit,</strong></span> <span class='ocrx_word' id='word_1_227' title='bbox 1284 3417 1327 3472; x_wconf 85' lang='lat' dir='ltr'><strong>ud</strong></span> 
     </span>
     <span class='ocr_line' id='line_1_31' title="bbox 262 3519 1327 3597; baseline -0.003 -19"><span class='ocrx_word' id='word_1_228' title='bbox 262 3521 386 3597; x_wconf 84' lang='lat' dir='ltr'><strong>spolie</strong></span> <span class='ocrx_word' id='word_1_229' title='bbox 407 3521 562 3597; x_wconf 88' lang='lat' dir='ltr'><strong>legende</strong></span> <span class='ocrx_word' id='word_1_230' title='bbox 584 3519 803 3596; x_wconf 81' lang='lat' dir='ltr'><strong>foedamque</strong></span> <span class='ocrx_word' id='word_1_231' title='bbox 826 3521 937 3578; x_wconf 82' lang='lat' dir='ltr'><strong>etium</strong></span> <span class='ocrx_word' id='word_1_232' title='bbox 959 3521 1128 3578; x_wconf 88' lang='lat' dir='ltr'><strong>hostibus</strong></span> <span class='ocrx_word' id='word_1_233' title='bbox 1157 3530 1327 3594; x_wconf 80' lang='lat' dir='ltr'><strong>spectan-</strong></span> 
     </span>
     <span class='ocr_line' id='line_1_32' title="bbox 263 3625 1328 3702; baseline -0.002 -20"><span class='ocrx_word' id='word_1_234' title='bbox 263 3627 342 3684; x_wconf 82' lang='lat' dir='ltr'><strong>dem</strong></span> <span class='ocrx_word' id='word_1_235' title='bbox 365 3636 526 3702; x_wconf 84' lang='lat' dir='ltr'><strong>stragem</strong></span> <span class='ocrx_word' id='word_1_236' title='bbox 549 3626 734 3684; x_wconf 90' lang='lat' dir='ltr'><strong>insistunt.</strong></span> <span class='ocrx_word' id='word_1_237' title='bbox 790 3627 858 3684; x_wconf 92' lang='lat' dir='ltr'><strong>Non</strong></span> <span class='ocrx_word' id='word_1_238' title='bbox 892 3643 955 3682; x_wconf 84' lang='lat' dir='ltr'><strong>esse</strong></span> <span class='ocrx_word' id='word_1_239' title='bbox 984 3625 1118 3682; x_wconf 75' lang='lat' dir='ltr'><strong>Latinum</strong></span> <span class='ocrx_word' id='word_1_240' title='bbox 1150 3625 1328 3681; x_wconf 87' lang='lat' dir='ltr'><strong>insistere</strong></span> 
     </span>
     <span class='ocr_line' id='line_1_33' title="bbox 263 3730 1328 3808; baseline -0.004 -19"><span class='ocrx_word' id='word_1_241' title='bbox 263 3732 308 3789; x_wconf 87' lang='lat' dir='ltr'><strong>ad</strong></span> <span class='ocrx_word' id='word_1_242' title='bbox 330 3731 471 3808; x_wconf 86' lang='lat' dir='ltr'><strong>aliquid</strong></span> <span class='ocrx_word' id='word_1_243' title='bbox 496 3730 720 3802; x_wconf 82' lang='lat' dir='ltr'><strong>faciendum,</strong></span> <span class='ocrx_word' id='word_1_244' title='bbox 742 3742 876 3790; x_wconf 79' lang='lat' dir='ltr'><strong>constare</strong></span> <span class='ocrx_word' id='word_1_245' title='bbox 898 3731 998 3800; x_wconf 88' lang='lat' dir='ltr'><strong>debet;</strong></span> <span class='ocrx_word' id='word_1_246' title='bbox 1019 3731 1070 3788; x_wconf 89' lang='lat' dir='ltr'><strong>sed</strong></span> <span class='ocrx_word' id='word_1_247' title='bbox 1091 3749 1130 3788; x_wconf 90' lang='lat' dir='ltr'><strong>ne</strong></span> <span class='ocrx_word' id='word_1_248' title='bbox 1155 3740 1328 3806; x_wconf 77' lang='lat' dir='ltr'><strong>spectare</strong></span> 
     </span>
    </p>
   </div>
   <div class='ocr_carea' id='block_1_5' title="bbox 265 3929 462 3938">
    <p class='ocr_par' dir='ltr' id='par_1_7' title="bbox 265 3929 462 3938">
     <span class='ocr_line' id='line_1_34' title="bbox 265 3929 462 3938; baseline 0.005 -1"><span class='ocrx_word' id='word_1_249' title='bbox 265 3929 462 3938; x_wconf 72' lang='lat'><em>———--——</em></span> 
     </span>
    </p>
   </div>
   <div class='ocr_carea' id='block_1_6' title="bbox 283 4062 913 4131">
    <p class='ocr_par' dir='ltr' id='par_1_8' title="bbox 283 4062 913 4131">
     <span class='ocr_line' id='line_1_35' title="bbox 283 4062 913 4131; baseline -0.002 -15"><span class='ocrx_word' id='word_1_250' title='bbox 283 4062 306 4130; x_wconf 91' lang='lat'><strong>¹)</strong></span> <span class='ocrx_word' id='word_1_251' title='bbox 331 4067 373 4116; x_wconf 87' lang='lat' dir='ltr'><strong>W.</strong></span> <span class='ocrx_word' id='word_1_252' title='bbox 392 4081 439 4116; x_wconf 85' lang='lat' dir='ltr'><strong>sno</strong></span> <span class='ocrx_word' id='word_1_253' title='bbox 457 4067 559 4115; x_wconf 86' lang='lat' dir='ltr'><strong>nomine</strong></span> <span class='ocrx_word' id='word_1_254' title='bbox 577 4067 642 4115; x_wconf 71' lang='lat' dir='ltr'><strong>hee</strong></span> <span class='ocrx_word' id='word_1_255' title='bbox 661 4075 802 4130; x_wconf 81' lang='lat' dir='ltr'><strong>agentes</strong></span> <span class='ocrx_word' id='word_1_256' title='bbox 820 4067 913 4131; x_wconf 84' lang='lat' dir='ltr'><strong>posuit.</strong></span> 
     </span>
    </p>
   </div>
   <div class='ocr_carea' id='block_1_7' title="bbox 0 0 1409 4646">
    <p class='ocr_par' dir='ltr' id='par_1_9' title="bbox 0 0 1409 4646">
     <span class='ocr_line' id='line_1_36' title="bbox 0 0 1409 4646; baseline 0 0"><span class='ocrx_word' id='word_1_257' title='bbox 0 0 1409 4646; x_wconf 95' lang='lat' dir='ltr'><strong> </strong></span> 
     </span>
    </p>
   </div>
  </div>
 </body>
</html>
