2810 4644
275 257 447 312 lib-xm
747 268 808 324 312

242 445 355 502 orbium
376 444 456 503 eires
478 463 579 503 omnes
591 445 694 504 Lirim
712 447 854 524 piunlem
875 451 1055 525 pronominis
1066 451 1313 510 disunbutirinu-

242 567 352 608 mmm
374 551 622 610 accommodarit:
651 552 898 612 adfirmantes
927 574 965 614 ss
983 575 1053 614 non
1079 559 1311 616 modosnnm
1403 627 1404 630 Ἴ

242 675 409 737 qusque
431 658 591 733 petriam
697 657 911 718 relicturos
966 661 1080 720 Eodem
1102 664 1233 741 cupitos
1260 666 1313 730 tn,
1403 685 1404 700 κ

242 762 295 830 (de
315 762 483 820 Hannibale
504 778 533 819 et
555 761 711 836 Marcello)
733 763 764 821 iu
785 763 813 822 P
836 766 985 824 scribitur:
1006 785 1050 824 ex
1080 787 1148 845 qno
1168 767 1313 846 primus

241 877 328 944 post
349 867 515 926 sdversss
537 886 665 944 pugnes
685 868 846 944 gloriam
868 882 1039 948 ceperum
1060 893 1142 932 error
1159 883 1240 932 orms
1262 873 1312 930 vi·
1403 905 1404 918 κ

241 975 326 1032 detur
346 993 384 1032 ex
404 974 549 1032 vocabulo
571 975 750 1032 sdversns
772 975 817 1033 bis
833 977 930 1052 posito
945 977 975 1035 iu
994 980 1071 1037 bunc
1091 979 1153 1038 iere
1174 979 1311 1037 modum:

242 1097 287 1136 ex
308 1097 379 1154 qno
399 1079 538 1156 primns
565 1090 649 1156 post
670 1076 975 1155 [adversissimus
1001 1083 1111 1163 bend]
1144 1085 1312 1143 adverso

241 1203 368 1262 pugnae
388 1185 549 1261 gloriam
571 1196 734 1262 ceperat.

326 1291 400 1368 Csp.
423 1293 473 1362 30,
499 1297 545 1352 to.
600 1292 651 1348 Ad
682 1293 759 1349 bunc
780 1291 891 1363 locum,
920 1294 950 1351 in
980 1312 1039 1370 quo
1061 1297 1237 1374 Syrnossstni
1267 1297 1310 1354 de
1403 1257 1404 1266 ἵ

242 1398 359 1456 miseris
389 1417 443 1457 snn
476 1407 655 1474 quemmtur,
696 1398 912 1474 intelligendum
944 1401 1212 1476 mundandumque
1245 1399 1309 1460 duo

243 1503 369 1562 tenende
389 1514 474 1574 sunt,
505 1503 648 1580 primum,
677 1523 765 1578 quum
787 1513 855 1580 post
875 1513 973 1562 tecte
994 1507 1174 1564 exbonsts
1195 1503 1308 1583 (dissp-

242 1609 332 1682 tioue)
361 1611 606 1668 commemoretur
633 1617 773 1682 tenquom
795 1607 908 1677 meins,
929 1611 1024 1668 boue
1046 1631 1190 1688 qnoque
1210 1613 1308 1670 mul-

241 1713 288 1770 tis
310 1715 480 1790 adempte
502 1732 575 1782 esse,
595 1713 626 1771 id
646 1713 811 1771 necesses-io
833 1715 1026 1790 pertinereed
1040 1717 1214 1793 prediorum
1224 1716 1307 1789 (issu-
1403 1701 1404 1710 ἵ

242 1817 345 1876 dorum
364 1827 394 1876 et
419 1819 586 1891 demotum)
617 1819 864 1895 publicationem,
896 1821 999 1879 deinde
1030 1823 1144 1880 solnm
1175 1824 1306 1882 nudum
1403 1829 1404 1832 ’

241 1941 300 1982 uon
320 1941 408 1999 posse
431 1924 574 2000 appelles-i
595 1923 806 2001 (appositione)
839 1927 1025 2002 reliquias
1053 1927 1207 2006 direpto
1228 1929 1307 1988 for-

242 2037 353 2096 tunus,
383 2029 520 2104 quonism
547 2031 668 2106 direptis
693 2029 816 2086 fortuna·
837 2032 954 2090 nomine
975 2035 1157 2094 eontinentur
1177 2046 1305 2094 tentum·

241 2133 397 2192 moderes
420 2145 584 2207 moventes,
622 2154 687 2211 qne
723 2135 794 2194 soloe
821 2136 907 2212 diripi
938 2140 1141 2215 asportsrique
1172 2151 1305 2217 possunt

242 2241 346 2315 Iteque
383 2259 442 2298 une
476 2241 576 2300 addite
608 2242 813 2318 propositione
834 2243 870 2300 in
894 2243 969 2301 inter
997 2249 1039 2302 ne
1060 2253 1089 2302 et
1110 2246 1203 2303 nude
1224 2245 1306 2323 (en),

242 2346 424 2404 scribendum
439 2355 496 2404 est:
516 2347 569 2404 ite
590 2357 628 2404 nt
648 2367 691 2404 ne
711 2347 746 2405 in
761 2349 855 2406 nudo
878 2347 1026 2424 quidem
1042 2350 1308 2426 soloreiiqniis

243 2451 393 2528 direpte
419 2451 577 2510 fortunas
608 2453 708 2511 alere
738 2471 819 2511 sese
841 2473 882 2512 ne
915 2472 1000 2511 snos
1032 2465 1192 2530 possent.
1238 2456 1309 2514 Hoc

243 2566 402 2631 queruntur
423 2557 609 2634 Syracusani,
630 2559 681 2628 iis,
703 2560 808 2634 quibus
829 2561 908 2616 bons
928 2559 1066 2635 odempts
1098 2559 1173 2630 sint,
1195 2579 1232 2618 ne
1252 2579 1308 2619 un·

242 2663 310 2720 dnm
333 2663 448 2738 quidem
471 2664 564 2721 solum
589 2663 733 2740 (direptis,
756 2665 861 2740 quibus
883 2666 1053 2723 instructum
1081 2675 1110 2721 et
1134 2673 1306 2724 exornatum

242 2766 356 2841 fuerit),
387 2779 516 2840 restore,
537 2770 566 2827 in
589 2789 648 2845 qno
670 2771 721 2840 iis,
753 2789 817 2846 ques
847 2771 971 2847 direptio
1001 2769 1124 2828 inmunes
1149 2769 1308 2844 reliquerit,

243 2872 321 2930 clere
342 2892 373 2931 se
394 2873 516 2950 possint.

327 2975 400 3053 Cep.
435 2982 484 3050 ³1,
518 2981 534 3037 2
570 2981 612 3053 (in
634 2982 764 3040 Marcelli
787 2992 890 3041 contre
911 2980 1113 3056 Syracusanos
1146 2981 1306 3056 oretionei:

243 3081 311 3141 Sed
334 3101 419 3154 non,
441 3085 526 3160 quid
548 3105 613 3163 ego
636 3086 801 3158 fecerim,
827 3087 863 3144 in
885 3085 1184 3162 disquisitionem
1205 3089 1309 3147 reuit

242 3206 320 3246 nem
345 3189 517 3266 quioquid
538 3192 600 3249 isti
622 3193 699 3268 peti
722 3193 927 3251 debuerint.
973 3192 1022 3252 Sic
1048 3195 1084 3255 P.
1103 3193 1308 3253 Weissenbor-

242 3291 306 3350 nins
321 3293 413 3352 multe
424 3295 569 3354 moliendo
580 3297 622 3355 ito
632 3297 773 3356 dicentem
783 3299 953 3358 Marcellum
962 3297 1041 3366 lecit,
1051 3307 1084 3354 ut
1094 3299 1165 3357 nihil
1189 3299 1306 3358 omnino

242 3397 403 3475 relinquat,
434 3403 512 3477 qnod
534 3403 563 3460 in
593 3403 822 3479 disquisitionem
845 3403 960 3474 veniet,
992 3403 1134 3480 siquidem
1161 3415 1190 3464 et
1211 3406 1305 3481 ipsum

241 3515 319 3563 recte
341 3505 444 3566 lenisse
466 3518 496 3566 et
517 3508 736 3586 Syracusanos,
773 3527 838 3584 quse
858 3508 939 3585 pessi
967 3508 1040 3578 sint,
1078 3508 1217 3567 memisse
1250 3527 1306 3586 pro

242 3621 320 3670 certo
352 3613 480 3689 ponitur.
542 3613 660 3673 Rectius
694 3615 865 3674 Gronovius
898 3615 1069 3674 sententium
1107 3625 1306 3691 perspexerat.

243 3715 399 3777 Marcellus
421 3719 496 3778 enim
520 3718 611 3795 quseri
631 3729 728 3796 negot,
762 3719 831 3796 qnid
854 3719 918 3797 ipse
941 3719 1055 3790 fecerim
1077 3717 1208 3779 confiteri
1229 3717 1305 3778 enim

242 3838 282 3893 se,
304 3841 405 3882 serere
426 3835 567 3884 treetetos
590 3824 807 3902 Syracusanum
838 3826 867 3883 id
902 3825 992 3902 queri
1025 3825 1081 3897 nit,
1113 3823 1306 3884 meruerintne

240 3927 305 4004 ipsi,
328 3937 359 3988 ut
371 3930 412 3987 sic
434 3939 640 4001 trocmrentnm
661 3931 760 4008 itnque
775 3934 831 3990 hoe
844 3931 979 4008 deinceps
1001 3931 1200 3991 demonstrem
1217 3949 1306 3990 conn-

241 4042 297 4093 tur.
346 4032 468 4110 Scripsit
488 4035 577 4110 igitur
598 4036 715 4096 Livius:
750 4037 819 4097 Sed
841 4057 910 4095 non
932 4031 1041 4117 [tem]
1063 4035 1148 4114 quid
1171 4053 1236 4113 ego
1257 4034 1307 4093 fe
