2810 4644
565 275 620 332 ³21
920 267 1102 321 muxxvn.

74 459 205 534 postulet,
241 479 259 516 e
281 457 398 514 consule
430 456 531 526 habiti,
553 458 603 516 sed
627 457 718 515 habiti
743 457 780 514 ed
807 455 1011 514 exsolvendam
1036 454 1121 512 fidem

76 565 205 622 consulis.
262 561 448 620 Manifestum
480 573 532 634 est,
568 563 708 621 excidisse
742 562 861 620 datam
892 570 958 616 ante
993 560 1120 617 habiti.

76 671 113 730 Et
132 683 164 728 ut
186 671 302 728 omnino
323 669 353 724 in
374 668 419 725 his
448 667 546 724 decem
577 667 657 725 libris
689 667 837 743 permultis
858 667 929 725 locis
952 667 1039 722 rerba
1062 665 1123 723 sine

77 774 140 846 ulla,
167 787 401 850 qumapperent,
421 773 536 831 errandi
557 792 646 831 causa
668 775 776 832 omissa
796 785 863 832 sunt
887 772 966 847 (viu,
989 790 1052 847 qnae
1072 791 1122 829 ex·

75 880 168 954 posita
188 890 255 936 eunt
274 899 303 956 p.
317 881 399 952 208),
421 879 462 936 sic
483 879 511 936 in
534 881 590 938 hec
614 879 678 955 ipsa
698 881 804 939 vicinia
824 879 1038 956 perfrequentia
1058 887 1124 934 sunt

77 986 133 1042 eius
165 985 207 1042 rei
237 985 384 1062 exemple3
414 1005 482 1042 nam
513 997 541 1042 et
571 1004 595 1042 c.
619 990 646 1056 7,
682 991 712 1043 l:
748 985 847 1043 exitu
869 986 945 1042 cius
970 985 1052 1041 enni
1075 982 1123 1061 [O.

76 1089 188 1166 Laelius]
210 1091 265 1148 die
287 1103 421 1166 quarto
446 1092 597 1149 eteoclem
619 1092 713 1168 cupite
735 1097 795 1162 §4²
823 1093 860 1148 ob
882 1109 939 1148 res
963 1090 1125 1148 feliciter

77 1215 94 1252 a
115 1197 151 1258 P.
175 1177 345 1272 Scipione
365 1207 491 1274 gestas
513 1194 778 1274 [supplicationem]
801 1197 835 1254 in
857 1215 964 1254 unum
985 1197 1074 1254 diem
1097 1207 1125 1254 et

76 1301 221 1373 §10:0.
255 1301 477 1379 Calpurnius
511 1301 691 1379 [praebuisset
713 1305 842 1362 decretae.
893 1303 1044 1378 Urbanus]
1068 1322 1125 1360 ex-

20 1385 29 1406 ⁸
76 1410 212 1466 orcitus
233 1413 373 1479 et514:
409 1409 608 1485 additaque
630 1398 742 1486 ealdem
764 1407 943 1484 ignominie]
967 1411 1029 1466 sub
1057 1429 1125 1485 qun

76 1527 103 1600 et
123 1534 147 1574 c.
174 1519 220 1582 tl,
242 1517 274 1572 9:
296 1525 333 1572 ut
355 1515 434 1590 [qui]
458 1515 594 1591 primus
616 1533 744 1572 censor
765 1516 914 1572 eteoclem
936 1516 1029 1591 capite
1044 1521 1058 1586 §
1073 1519 1125 1572 12:

75 1619 390 1697 postCanuensem
407 1617 554 1696 [cladem]
583 1621 624 1678 In
645 1621 925 1696 equestribnsca
940 1623 1039 1690 verbe,
1063 1641 1126 1697 qnae

75 1727 155 1784 uncis
177 1725 288 1797 inclusi,
310 1748 328 1783 e
349 1726 496 1783 codicibus
518 1728 630 1796 absunt,
662 1728 698 1784 ab
721 1727 876 1784 editoribus
898 1743 1037 1783 consensu
1059 1746 1126 1802 sup·

75 1833 200 1918 plentur.
247 1829 307 1889 Cur
326 1832 414 1907 igitur
433 1832 463 1889 in
486 1851 544 1889 uno
572 1833 637 1889 loco
659 1833 836 1890 incredibilia
864 1810 959 1908 potius
983 1835 1128 1909 finguntur

75 1959 164 2015 quam
185 1939 262 1996 idem
284 1937 432 2006 accidisse,
462 1939 602 1995 sententia
624 1949 652 1995 ct
674 1938 804 1995 oratione
825 1938 1048 2009 demonstrante,
1069 1949 1127 1995 sta·

75 2044 194 2103 tuetur?
237 2037 328 2116 Quid,
354 2042 436 2118 vquod
456 2042 486 2098 in
508 2044 564 2100 hoc
586 2043 649 2119 ipso
673 2044 767 2119 capite
789 2044 910 2101 alterum
933 2044 1128 2102 videturesse

75 2151 177 2210 omissi
200 2171 219 2207 a
244 2147 362 2207 librario
393 2147 474 2205 verbi
499 2149 682 2224 exemplum?
724 2149 802 2206 Nem
833 2151 946 2224 quod§
978 2154 994 2206 9
1025 2171 1040 2206 e
1069 2151 1128 2208 PM

74 2253 199 2331 aliisque
221 2255 366 2312 codicibus
396 2271 488 2328 nuper
515 2253 620 2310 editum
649 2262 705 2310 cst:
746 2255 790 2310 ed
818 2255 982 2313 Siciliam
1013 2267 1127 2312 trans-

73 2363 192 2430 misit,
214 2361 324 2419 tertio
346 2359 484 2417 decimo
506 2359 577 2428 die,
608 2377 710 2433 quum
742 2359 931 2434 profectus
953 2361 1052 2430 inde,
1075 2362 1127 2418 Li-

73 2469 227 2543 lybaeum
252 2475 431 2536 revectus,
460 2483 563 2540 perum
585 2463 729 2522 credibilis
753 2464 869 2539 fingitur
889 2466 917 2523 in
939 2468 994 2524 hoc
1017 2476 1128 2523 senten-

73 2575 120 2631 tiae
143 2591 251 2650 genere
271 2573 352 2630 verbi
376 2567 548 2628 substantivi
569 2566 702 2636 omissio,
734 2571 891 2643 praescrtim
912 2571 941 2628 in
963 2573 1013 2629 ille
1038 2573 1128 2649 perti-

73 2680 218 2756 cipiorum
240 2677 387 2735 vicinitate
422 2673 628 2753 (profectus
656 2673 752 2744 inde,
789 2674 979 2751 Lilybaeum
1011 2697 1129 2736 revec-

73 2785 161 2863 tus).
172 2779 198 2860 ¹)
252 2784 356 2859 Itaque
385 2793 435 2841 eut
463 2790 518 2838 eet
538 2779 700 2836 addendum
734 2780 895 2854 (indam),
917 2757 1130 2856 quod'facilius

74 2891 214 2948 excidere
245 2889 353 2966 potuit,
388 2897 455 2958 eut,
487 2885 564 2961 quod
598 2885 760 2960 superiores
793 2885 916 2944 editores
952 2890 1131 2960 addiderant,

74 3009 173 3066 erat,
205 2995 417 3052 convenientius
445 2995 501 3051 hoc
528 2990 604 3048 Lim
628 2991 834 3048 consuetudini.
891 2993 969 3052 Nam
1002 3006 1034 3052 ut
1064 3015 1131 3053 con-

73 3101 256 3160 smntiasime
276 3101 393 3158 dicitur:
424 3100 560 3159 Tribus
582 3096 726 3167 diebus,
748 3097 877 3172 quibus
904 3098 1013 3158 Ceius
1033 3100 1133 3158 venit

73 3213 144 3286 (qu.
162 3213 403 3276 ventumst),
423 3185 547 3263 urbem
569 3202 678 3277 cepit,
700 3203 750 3273 ite,
771 3205 867 3280 posito
881 3206 989 3263 ordinis
1003 3225 1132 3276 nurnero,

74 3303 181 3373 Livius
212 3321 241 3369 et
269 3309 421 3370 Sallustius
451 3311 492 3370 cic
514 3310 608 3367 dicere
629 3307 738 3365 solent:
767 3311 824 3368 die
854 3311 996 3386 quinto,
1030 3329 1132 3386 quam

74 3420 189 3478 Caius
218 3429 383 3488 venerat,
415 3417 526 3493 cepit,
559 3425 591 3472 ut
624 3413 675 3470 vix
704 3415 777 3472 inter
807 3426 944 3492 quattuor
972 3417 1133 3490 quinqueve

73 3526 160 3584 locos
190 3541 279 3580 unum
309 3520 429 3596 perlecti
460 3520 623 3596 exemplum
650 3521 786 3595 reperies.
832 3522 922 3597 Apud
945 3521 1058 3578 Livium
1080 3521 1133 3592 his,

92 3780 117 3850 ¹)
144 3783 234 3834 Unum
247 3795 286 3834 cat
296 3795 417 3849 praterea
426 3785 452 3834 in
463 3785 511 3834 hoc
521 3799 621 3848 genere,
633 3784 701 3848 quod
712 3782 942 3845 frequentissimum
953 3783 1021 3846 apud
1033 3781 1133 3832 Livium

150 3887 199 3936 cat,
215 3877 301 3928 omissi
318 3877 388 3926 verbi
410 3877 554 3940 exemplum
574 3876 599 3924 in
613 3876 656 3926 lib.
672 3875 746 3936 XXI,
769 3880 807 3934 15,
827 3880 855 3923 3:
876 3873 1001 3924 Octavo
1019 3889 1134 3934 mense,

151 3983 244 4032 qnam
267 3977 417 4033 coeptum
437 3969 632 4034 oppugnari,
658 3979 785 4032 captum
811 3967 989 4032 Saguntum
1009 3967 1134 4031 qnidam

152 4062 328 4126 scripsere.

103 4167 321 4208 nottenhem.
330 4167 386 4205 tnv.
906 4157 935 4201 Ἡ
