2800 4646
300 257 360 308 Lib.
377 257 465 306 ml.
766 257 826 311 254

351 442 397 498 De
418 459 481 516 cap.
504 445 554 501 60,
582 445 613 497 11
648 440 689 512 (ἰιι
711 438 844 494 orations
870 437 908 492 T.
930 431 1032 490 Manlii
1053 433 1198 510 Torquati
1225 445 1333 493 contre

268 547 414 621 captives)
437 545 488 602 ubi
509 564 563 620 pru
585 545 683 601 sient
704 543 749 599 bis
772 541 978 598 restituendum
1000 551 1045 596 ost
1065 541 1106 598 si.
1138 553 1191 610 nt,
1218 543 1331 600 dictum

268 661 313 708 est
333 651 371 707 ud
392 651 456 708 libr.
480 651 558 718 vll,
584 653 636 710 13.
658 643 722 716 8.¹)
764 646 823 702 Sed
853 646 912 702 dno
932 657 1072 720 preterea
1094 646 1123 702 in
1152 648 1209 703 hoe
1231 647 1331 722 cupite

268 755 524 814 commemorande
545 765 622 824 sunt,
643 755 724 830 prins
743 753 773 808 in
796 757 810 819 ξ
837 753 891 811 15,
920 750 969 807 ubi
991 750 1033 806 sic
1054 750 1203 806 scribitur:
1238 751 1331 809 Sero

268 881 360 919 nnnc
381 860 621 926 desideretis,
649 857 826 914 deminuti
848 855 984 930 cupite,
1017 855 1222 912 ebuliensti
1250 855 1332 911 iure

268 967 419 1030 civium,
440 964 538 1021 servi
559 961 923 1036 Carthaginiensium
945 959 1046 1016 fecti.
1099 959 1225 1016 Etiamsi
1248 961 1332 1016 Leti-

268 1091 337 1130 nnm
358 1073 396 1128 sit
418 1069 626 1127 sbelieneri
656 1067 735 1124 iure
763 1084 817 1140 pro
839 1085 885 1122 eo.
919 1064 997 1138 quod
1016 1075 1060 1120 est
1081 1065 1290 1122 ebuliensri
1313 1085 1333 1120 s

269 1177 365 1244 iure,
386 1175 423 1232 de
444 1193 504 1249 qno
526 1173 613 1230 valde
635 1173 754 1241 dubito,
786 1181 899 1237 umen,
936 1170 984 1243 qui
1006 1169 1051 1226 ins
1072 1169 1191 1242 aliquod
1214 1171 1332 1237 emittit,

269 1301 363 1356 neque
384 1279 595 1337 abalienari
618 1298 659 1335 eo
680 1279 760 1334 inre
780 1294 874 1349 neque
904 1275 948 1330 sb
975 1293 1016 1330 eo
1036 1273 1114 1331 iure
1140 1275 1197 1332 dici
1218 1287 1332 1350 potest;

269 1387 356 1462 longe
379 1397 423 1442 est
443 1385 518 1442 enim
542 1385 621 1440 uliud
652 1385 697 1440 sb
728 1381 854 1454 alique
885 1398 924 1435 re
956 1379 1165 1437 ebelicneri
1196 1381 1291 1454 (velut
1314 1401 1333 1436 s

269 1493 365 1550 studio
387 1491 508 1564 ulique).
550 1491 627 1551 Ins,
649 1501 813 1560 ntegrum,
835 1484 968 1558 vectigal,
990 1484 1104 1552 similis,
1121 1487 1333 1548 abalienamus.

269 1601 325 1656 hoc
347 1607 400 1664 est,
423 1594 581 1650 emittimus
604 1609 697 1665 eoque
719 1591 857 1647 ccdimus.
902 1590 1006 1664 ltaque
1028 1609 1085 1646 non
1110 1591 1333 1653 ubelionuti,

269 1703 321 1760 sed
350 1699 564 1758 ubelienuto
597 1697 676 1754 iure
704 1696 836 1752 civium
868 1693 969 1750 Livius
996 1695 1124 1770 scripsit3
1152 1695 1181 1751 id
1210 1707 1334 1770 propter

269 1805 435 1884 precedens
470 1803 646 1860 deminuti
687 1802 809 1876 cupite
845 1799 998 1856 mutationi
1036 1811 1231 1874 opportunum
1265 1801 1332 1860 fuit.

268 1909 389 1968 ¹'Altera
411 1907 575 1964 emendatio
598 1907 686 1982 puulo
710 1905 881 1979 exquisitior
901 1903 1035 1960 faciende
1057 1909 1072 1972 ξ
1095 1905 1145 1972 21,
1167 1905 1216 1960 ubi
1240 1905 1333 1978 (quod

269 2013 308 2070 sd
336 2031 372 2068 es
401 2013 512 2080 auinet,
546 2011 709 2084 dequibus
732 2007 843 2088 agitur)
877 2010 918 2066 sic
946 2009 974 2065 in
1005 2007 1153 2066 codicibus
1183 2009 1334 2066 scribitur:

270 2117 372 2174 Nune
387 2125 505 2173 eutem
527 2113 825 2190 quemadmodum
847 2114 883 2170 hi
904 2113 991 2170 boni
1011 2113 1219 2190 fidelesque
1235 2114 1332 2188 (nem

273 2219 406 2289 fortes,
428 2239 470 2278 ne
492 2221 562 2296 ipsi
585 2220 727 2294 quidem
749 2219 923 2289 dixerint)
939 2219 1037 2276 cives
1060 2238 1139 2276 esse
1160 2219 1336 2294 possunt?

274 2325 355 2384 Nisi
390 2325 471 2400 quis
501 2326 650 2382 credere
676 2333 799 2399 potest
828 2322 943 2380 fuisse
978 2335 1015 2381 ut
1045 2324 1337 2398 erumpentibus,

274 2429 351 2506 qui,
382 2448 424 2486 ne
451 2439 684 2504 erumperent
715 2430 755 2502 (P
782 2428 1142 2505 quinecrumperent‚
1181 2427 1240 2486 CM
1274 2431 1337 2504 qui

275 2553 339 2592 neu
375 2537 630 2610 erumperent)
664 2533 848 2590 obsistere
880 2533 1003 2590 consti
1036 2543 1133 2602 sunt,
1170 2543 1232 2590 eut
1267 2553 1338 2590 non

274 2641 443 2698 invidere
465 2657 526 2696 eos
549 2657 652 2713 quum
674 2637 924 2694 incolumitati
944 2649 1015 2696 turn
1038 2638 1165 2713 glories
1188 2637 1338 2696 illorum

275 2745 527 2822 pervirtutem
548 2753 675 2818 perte,
707 2761 812 2816 quum
840 2743 911 2800 sibi
940 2744 1106 2800 timorem
1129 2743 1339 2818 ignavium-

277 2867 345 2924 que
386 2847 580 2906 servitutis
617 2847 868 2922 ignominiose
906 2867 1052 2906 censam
1090 2865 1170 2904 esse
1210 2847 1340 2907 scient.

278 2955 320 3013 Ut
341 2953 483 3011 sententie
505 2952 604 3026 eliqua
621 2971 658 3008 ex
679 2952 757 3009 istis:
791 2951 909 3010 foisse
931 2963 968 3011 ut
989 2953 1265 3028 erumpentibus
1287 2954 1340 3010 sli-

277 3068 399 3128 eeretur‚
420 3057 674 3114 Weissenbornius
690 3061 772 3128 (nem
789 3057 912 3114 eliorum
934 3068 1055 3116 conatus
1077 3059 1189 3130 omitto,
1214 3077 1339 3133 quorum

278 3163 329 3220 vix
351 3162 504 3238 quisquam
534 3163 590 3220 sibi
610 3163 675 3239 ipse
701 3163 869 3238 satisfecit),
903 3181 991 3239 quum
1022 3163 1199 3238 scripsisset:
1221 3161 1339 3220 fuisse

278 3275 351 3324 tum
373 3267 665 3342 erumpentibus,
699 3269 793 3325 audiri
823 3289 861 3326 ex
891 3267 1088 3343 superioribus
1109 3267 1202 3325 voluit
1222 3269 1341 3325 bonos

279 3367 493 3446 fidelesque.
549 3372 608 3430 Sed
637 3391 731 3446 neque
760 3372 882 3430 fuisse
913 3373 989 3430 nude
1016 3373 1057 3430 sio
1089 3373 1146 3430 dici
1172 3383 1269 3449 potest
1294 3381 1343 3443 (ut

279 3473 317 3532 sit
338 3475 433 3533 tales
454 3475 592 3550 fuisse),
628 3496 723 3552 neque
755 3477 869 3534 bonus
903 3477 1104 3553 fidelisque
1139 3483 1346 3556 erumpenti

281 3579 418 3638 Latinum
440 3591 493 3654 est,
515 3602 609 3658 neque
631 3580 747 3640 omnino
769 3581 957 3657 proediestum
981 3601 1019 3639 ex
1044 3582 1194 3658 superiore
1219 3583 1344 3640 interro·

280 3685 398 3758 gatione
430 3687 504 3744 sumi
530 3697 637 3764 potest,
667 3697 848 3764 repugnante
881 3696 942 3744 tote
972 3687 1112 3745 orationis
1139 3689 1250 3762 figure,
1277 3707 1344 3763 quae

282 3833 306 3840 -
310 3834 479 3843 —--—.—.

301 3913 326 3982 ¹)
350 3917 504 3969 Emendstio
530 3919 599 3984 epod
628 3919 816 3982 Ingerslerinm
836 3919 863 3968 in
887 3927 961 3968 textu
989 3921 1086 3984 posite,
1121 3919 1147 3969 in
1176 3920 1344 3971 mnomdone

353 4018 552 4060 commemoret·
570 4025 622 4060 non
641 4019 689 4061 est.
