2810 4644
574 299 633 357 289
830 368 831 372 Ἰ
936 297 992 347 mo.
1011 297 1099 349 xxv,

71 481 233 538 lentinos
255 482 321 554 dici,
343 485 392 560 qui
415 493 482 542 ante
505 481 659 556 significati
681 500 740 539 non
762 491 867 553 essent,
890 481 1043 539 eRubenii
1066 501 1134 539 con·

72 587 183 644 iectura
204 587 358 646 Gronovio
381 585 507 666 probata
528 605 621 663 nuper
643 585 782 662 scriptum
806 596 863 642 est:
893 587 1061 662 Ipsorum
1086 587 1135 644 iu·

73 692 182 748 terim·
202 711 242 749 ac
265 693 548 752 Salentinorum.
615 691 675 752 Sed
701 693 927 750 'l'arentinorum
958 691 1043 749 nullae
1073 692 1135 750 fue·
1204 709 1206 712 ·

72 806 140 855 runt
160 800 247 858 urbes
272 809 377 874 prater
398 801 572 870 Tarentum3
603 797 842 875 (Sallentinorum
871 796 997 854 fortasse
1024 798 1136 873 aliquot

71 904 239 961 Tarentinis
261 904 455 981 paruerunt)..
496 907 652 976 Praeterea„
682 903 862 980 praecedente
893 904 927 960 in
955 920 1042 978 agro
1070 905 1136 962 Ta-

72 989 229 1078 rentino,
257 1010 465 1068 subiiciendum
497 1020 608 1068 tantum
640 1017 703 1066 erat
732 1008 832 1065 urbis
854 1008 1055 1084 potiundae,
1077 1029 1137 1067 non

73 1115 239 1174 addendum
270 1117 567 1175 Tarentinorum.
618 1115 677 1174 seu
706 1115 735 1172 in
765 1115 791 1170 P
822 1113 958 1172 scribitur
989 1115 1024 1170 in
1047 1134 1136 1190 agro

73 1221 269 1282 tolentino.
320 1221 484 1298 scripserat
505 1222 593 1297 igitur
615 1220 731 1278 Livius:
762 1221 802 1280 H.
830 1221 864 1277 in
892 1237 979 1295 agro
1010 1217 1134 1279 Salen·

72 1327 152 1383 tino
175 1335 337 1408 aestapem
360 1327 605 1404 consumpsit,
636 1340 701 1402 spe
728 1371 757 1386 ..
787 1326 891 1383 urbis
920 1325 1137 1383 Tarentino·

72 1449 149 1488 rum
181 1432 240 1503 (cui
260 1432 285 1488 is
307 1449 378 1506 ager
408 1431 519 1489 vicinus
550 1431 624 1507 erat)
656 1431 853 1508 potiundae.
898 1433 1064 1511 Ipsorum
1087 1438 1137 1494 in-

72 1537 180 1596 terim
204 1535 295 1612 (apud
319 1555 392 1612 qnos
414 1537 545 1612 sedebat)
579 1537 857 1596 Salentinorum
888 1549 940 1595 cet.
998 1525 1071 1616 Capi
1110 1544 1137 1608 8,

75 1643 113 1698 12
147 1641 237 1698 tridui
267 1643 344 1698 riam
372 1661 390 1699 a
419 1643 549 1700 'l‘arcnto
577 1643 728 1702 Hannibal
757 1641 866 1700 afuisse
887 1645 999 1708 dicitur.
1043 1646 1138 1704 Paulo

71 1755 142 1824 post
164 1749 192 1820 (ς
215 1750 246 1820 6)
268 1747 416 1823 geminata
437 1749 533 1807 littera
563 1749 784 1812 dscribendum
807 1758 894 1825 puto:
929 1749 1032 1824 Quod
1063 1752 1138 1808 diu·

71 1855 151 1912 tius
182 1853 402 1911 trahebatur
430 1855 564 1914 bellum
598 1866 632 1912 et
661 1854 864 1912 variabant
891 1858 1057 1914 secundae
1083 1859 1138 1915 ad·

72 1977 264 2034 versaeque
296 1979 354 2017 res
386 2007 413 2020 ..
449 1961 589 2018 animos
622 1960 805 2018 hominum
842 1970 895 2018 cet.
957 1963 1036 2021 Nom
1070 1982 1138 2039 quo

70 2085 140 2125 cum
165 2065 365 2125 variabant
386 2065 521 2141 coniungi
543 2083 602 2122 non
621 2066 736 2123 videtur
757 2085 851 2142 posse.
859 2063 883 2141 ¹)

166 2170 240 2247 Cap.
266 2175 294 2242 6,
318 2173 334 2228 2
366 2171 561 2244 (lucratione
592 2170 715 2228 militum
739 2169 934 2230 Cannensium
959 2175 1037 2250 apud
1059 2175 1139 2232 Mar·

73 2277 209 2349 cellum):
231 2275 427 2335 Consulem
451 2286 500 2348 te,
521 2278 563 2334 M.
586 2277 779 2347 Marcelle,
808 2277 842 2333 in
871 2279 1020 2336 Italiam
1046 2281 1139 2337 adis·

74 2400 214 2452 semus,
237 2400 343 2458 quum
364 2383 516 2459 primum
541 2382 582 2439 de
603 2382 710 2440 nobis
731 2425 759 2442 ..
781 2383 889 2440 triste
905 2383 935 2444 S.
950 2384 983 2447 C.
1000 2384 1139 2442 factum

75 2499 145 2546 ast
200 2489 243 2546 In
276 2489 427 2547 Italiam
450 2488 705 2546 Weissenbornius
739 2507 774 2545 eo
807 2489 895 2546 modo
917 2491 1024 2548 dictum
1046 2501 1139 2566 putat,

76 2613 136 2670 quo
161 2595 278 2652 dicitur:
301 2597 421 2671 Arpos
443 2595 478 2652 in
500 2593 673 2668 Apuliam
692 2593 818 2650 venire
840 2603 869 2651 et
889 2595 1002 2654 similia.
1047 2597 1139 2670 Atqui

75 2711 149 2770 tum,
173 2719 261 2775 quum
284 2699 315 2760 S.
338 2699 372 2758 C.
396 2701 431 2759 de
454 2698 614 2758 Cannensis
637 2701 780 2758 exercitus
804 2699 932 2775 reliquiis
959 2701 988 2757 in
1011 2701 1138 2760 Siciliam

76 2806 227 2864 mittendis
259 2805 369 2864 factum
401 2815 445 2864 est
478 2807 614 2880 (ΧΧΙΙΙ,
648 2807 697 2876 25,
732 2807 773 2880 2),
807 2806 911 2863 milites
940 2806 981 2863 illi
1003 2807 1032 2864 iu
1054 2808 1141 2865 Italia

76 2921 379 2988 erantnecpoterant
400 2912 433 2968 in
456 2913 605 2970 Italiam
625 2911 754 2968 venire
776 2911 1006 2986 autaliquem
1029 2914 1140 2974 adire.

76 3018 271 3077 Scribendunr
292 3017 391 3093 itaque
412 3018 445 3075 in
467 3017 589 3076 Italia.
635 3015 719 3094 (vid.
743 3019 780 3075 ad
803 3019 927 3094 XXIII,
952 3020 979 3088 3,
1003 3013 1078 3092 3.)⁹)

164 3121 238 3199 Cep.
265 3125 293 3194 8,
317 3127 334 3182 8
356 3121 400 3200 (in
426 3124 642 3181 condicionibus
664 3125 805 3200 prodendi
820 3123 979 3182 Hannibali
991 3123 1142 3200 Tereum:

76 3230 231 3306 prodita
252 3230 428 3305 praesidia
450 3229 811 3305 Carthaginiensium
834 3228 921 3287 fore.
970 3230 1142 3287 Proesidium

77 3335 364 3410 Carthaginiensium
395 3337 475 3406 fieri,
519 3354 606 3410 quum
646 3335 753 3410 captivi
795 3335 1009 3410 significentur,
1052 3337 1143 3394 inusi-

78 3451 142 3498 tate
164 3441 221 3498 dioi
245 3441 293 3496 W.
322 3443 425 3512 sensit3
462 3441 643 3499 manifestius
676 3440 762 3498 etiam
796 3441 892 3498 mendi
923 3441 1058 3500 indicium
1091 3453 1143 3512 cst,

78 3546 161 3620 quod
183 3548 357 3622 praesidia
379 3548 526 3616 dicuntum
556 3565 624 3603 nam
647 3565 735 3604 unum
758 3557 829 3606 erat.
875 3547 911 3604 In
939 3549 965 3605 P
989 3556 1032 3604 est
1065 3567 1143 3624 pro-

78 3762 86 3768 .
120 3757 187 3766 ..ι-.-
200 3757 281 3765 a...-

97 3895 125 3962 ¹)
152 3897 182 3948 C.
203 3907 226 3950 ⁴.
247 3904 260 3948 t
279 3915 325 3964 pro
345 3907 419 3948 acta
442 3899 604 3948 scribendum
627 3913 683 3948 erae
702 3908 838 3962 accepta
862 3899 914 3947 dixi
935 3897 1029 3962 Opusc.
1052 3901 1098 3948 Ac.
1118 3899 1143 3946 ll

152 4008 178 4056 p.
198 3997 249 4041 sot
271 3999 423 4056 secutusque
442 4001 480 4040 eat
499 3990 541 4040 W.
579 3991 669 4054 ltaque
688 3989 751 4041 nihil
771 3989 846 4039 addo.

96 4082 125 4150 ¹)
151 4085 165 4148 5
185 4085 200 4134 9
219 4083 367 4149 simpliciter
386 4084 570 4133 restituendum
591 4083 719 4132 navitis.

109 4193 220 4231 uaovruu
236 4193 330 4229 aaran..
347 4191 402 4228 ιω.
