2826 4650
607 283 641 338 tt
709 327 716 340 ,
1021 281 1078 329 un.
1098 280 1119 328 1.

84 463 203 533 minor,
232 481 290 520 non
314 465 399 540 perri
421 475 517 523 tamen
541 449 695 523 interdum
716 465 754 522 ed
780 483 895 522 sensum
918 464 1090 540 scriptorum
1111 465 1155 522 in·

84 567 282 644 telligendum
312 569 399 626 etad
430 569 566 628 iudicium
588 572 624 628 de
652 571 801 647 scripturae
824 571 945 628 veritate
968 571 1106 628 momenti
1127 581 1156 629 et

84 673 129 729 ad
155 693 246 748 quam
269 675 374 751 saepius
395 686 498 752 postea
519 677 697 734 redeundum
716 677 779 748 erit,
801 677 940 735 orationis
964 677 1155 754 interpunctio

86 789 120 836 et
155 782 363 839 sententiarum
399 791 479 840 recta
511 782 667 858 separatio.
719 783 885 860 Apparebit
913 783 1014 841 saltem
1048 783 1155 856 statim,

86 903 185 959 quam
209 885 287 944 leves
309 907 421 945 errores
443 889 584 946 interdum
606 887 710 946 fallant
733 899 996 965 propagenturque.
1030 891 1109 948 Nam
1124 891 1155 947 in

85 993 149 1048 hoc
173 993 277 1067 capite,
299 993 380 1051 cuius
401 1013 551 1052 numerum
574 995 746 1071 prescripsi,
768 1004 962 1071 praeterquam
985 997 1072 1072 quod,
1106 997 1155 1054 ubi

87 1097 198 1154 Livius
220 1099 247 1172 (ξ
272 1099 303 1171 2)
332 1100 361 1156 in
382 1101 528 1158 sanando
548 1101 664 1159 Romuli
692 1109 721 1157 et
742 1099 802 1157 Titi
826 1100 906 1157 Tatii
926 1103 1037 1176 proelio
1060 1103 1154 1178 prin·

85 1204 195 1279 cipes
223 1223 376 1281 pugnam
407 1207 555 1278 sivisse,
589 1207 644 1264 hoc
674 1215 732 1277 est,
764 1205 873 1281 primos
900 1215 929 1262 et
955 1217 1021 1265 ante
1043 1218 1154 1266 ceteros

87 1329 256 1385 pugnasse,
287 1313 323 1368 ab
352 1312 467 1371 Sabinis
491 1313 611 1369 Metium
635 1311 781 1382 Curtium,
811 1331 830 1369 a
856 1313 996 1370 Romanis
1018 1314 1153 1371 Hostium

88 1417 254 1474 Hostilium
285 1418 370 1488 dicit,
398 1418 654 1494 (quemadmodum
684 1419 740 1475 hoo
767 1418 832 1493 ipso
866 1419 960 1494 capite
981 1419 1087 1476 Metius
1110 1420 1153 1476 ab

87 1523 244 1580 Sabinis
265 1525 434 1600 princeps
464 1527 507 1582 ab
530 1542 611 1582 arce
633 1523 889 1581 decucurrisse
910 1524 1036 1598 dicitur),
1061 1525 1150 1583 inter·

86 1631 258 1703 punctionis
280 1640 350 1688 note
372 1640 440 1706 post
460 1631 605 1688 ciebant
626 1630 731 1706 posite,
753 1629 830 1686 male
852 1649 870 1686 a
891 1630 1036 1706 plerisque
1048 1631 1154 1689 Metius

88 1745 120 1792 et
143 1736 268 1794 Hostius
290 1738 433 1813 principes
461 1735 642 1793 substantivo
665 1736 807 1811 appellari
828 1746 966 1812 putentur
992 1737 1082 1812 (quod
1104 1738 1153 1795 vix

88 1842 251 1912 crederem,
269 1843 324 1900 nisi
338 1843 424 1900 etiam
438 1841 662 1899 admonitionem
680 1842 856 1919 adscriptam
874 1843 1028 1916 viderem);
1051 1843 1154 1901 deinde

88 1947 122 2023 (ᾗ
136 1951 171 2012 3)
186 1949 281 2006 oratio
299 1949 341 2006 sic
352 1948 535 2006 describitur:
556 1949 603 2008 Ut
619 1948 771 2005 Hostius
794 1949 941 2018 cecidit,
960 1947 1154 2006 confestim

88 2056 256 2112 Romana
290 2054 490 2112 inclinatur
523 2055 620 2112 acies
648 2055 804 2130 fusaque
836 2064 891 2112 est
922 2057 964 2114 ad
994 2067 1153 2114 veterem

88 2171 234 2236 portam
258 2161 406 2218 Palatii.
456 2160 628 2219 Romulus
650 2170 684 2218 et
705 2161 783 2237 ipse
804 2161 912 2219 turba
933 2160 1153 2237 fugientium

89 2277 210 2336 actus,
246 2285 344 2324 arma
375 2267 417 2323 ad
449 2266 587 2324 caelum
619 2267 768 2338 tollens,
803 2267 985 2343 Iuppiter,
1018 2269 1152 2344 inquit,

89 2383 158 2430 cett.
200 2375 271 2432 Non
296 2373 339 2430 ed
363 2383 520 2430 veterem
542 2372 682 2430 Palatii
704 2383 845 2449 portem
870 2374 936 2430 fuse
955 2385 998 2433 est
1018 2375 1152 2432 Romane

89 2480 169 2536 acies
192 2480 233 2553 (id
256 2489 309 2549 est,
332 2478 409 2553 apud
432 2497 495 2534 eam
516 2488 646 2556 portsm5
673 2497 767 2554 neque
789 2480 864 2536 enim
886 2477 988 2537 fundi
1010 2480 1053 2536 ad
1074 2499 1152 2554 por·

89 2595 162 2639 tam
185 2593 229 2640 est
262 2583 378 2640 iusum
412 2584 500 2642 alibi
522 2585 648 2660 fugere
672 2586 715 2642 ed
736 2587 906 2660 portam),
939 2586 989 2644 sed
1012 2605 1100 2660 quum
1122 2587 1151 2644 in

90 2689 194 2746 collem
207 2689 404 2764 Capitolinum
427 2702 527 2749 contre
539 2691 664 2750 Sabinos
675 2691 841 2767 erigeretur,
863 2711 957 2767 neque
973 2692 1028 2762 hie,
1050 2693 1152 2768 proelii

91 2807 197 2853 eventu
219 2797 278 2852 iam
302 2796 459 2858 declarato.
489 2798 710 2873 superaddendo
732 2807 795 2855 erat
816 2799 881 2870 loci,
913 2819 970 2874 quo
992 2811 1151 2874 pugnatum

90 2913 176 2968 esset,
205 2903 327 2959 notatio.
375 2903 451 2960 Livii
478 2905 619 2960 sententie
640 2905 804 2962 huiusmodi
826 2905 893 2962 fuit:
928 2939 968 2948 -
992 2907 1152 2963 Romans

91 3008 296 3065 inclinatur
323 3009 420 3066 ecies
449 3008 693 3084 fusaqueest.
747 3011 801 3069 Ad
824 3021 982 3070 veterem
1010 3021 1151 3086 portam

92 3113 231 3172 Palatii
254 3115 428 3173 Romulus
450 3115 579 3191 etipse
600 3117 706 3174 turba
727 3117 944 3192 fugientium
964 3126 1066 3174 octus
1088 3128 1151 3174 cet

91 3221 289 3297 Significatur‚
313 3239 371 3296 quo
392 3222 457 3280 loco
480 3221 551 3297 luga
573 3223 731 3281 constiterit
745 3224 920 3298 fortunaque
944 3241 1084 3280 converse
1105 3223 1151 3294 sit,

91 3329 172 3384 cuius
203 3327 245 3384 rei
275 3337 488 3386 mouumentum
518 3329 661 3386 communi
687 3331 884 3388 Romanorum
908 3328 1042 3404 opinione
1063 3329 1152 3386 habe·

91 3435 179 3490 batur
199 3433 281 3489 lovis
304 3432 429 3492 Statoris
450 3433 587 3509 ternplum
610 3435 647 3491 ad
669 3445 794 3493 veterem
817 3437 895 3492 illem
919 3446 1034 3511 portam
1056 3436 1151 3496 situm.

90 3539 198 3614 Itaque
226 3539 315 3614 paulo
340 3550 406 3614 post
427 3541 534 3597 Metius
555 3541 704 3599 Romanos
733 3541 762 3597 in
784 3541 859 3599 clivo
885 3539 1049 3616 Capitolino
1071 3540 1152 3598 fusos

89 3664 268 3721 persequens
290 3665 380 3722 prope
402 3647 440 3704 ed
462 3648 582 3704 eandem
604 3655 718 3723 portam
731 3647 838 3706 Palatii
858 3647 1024 3724 pervenisse
1041 3646 1153 3704 dicitur.

176 3751 250 3828 Cup.
278 3756 327 3822 tt,
352 3755 385 3822 9,
418 3753 465 3810 ubi
488 3753 588 3811 Livius
610 3753 766 3811 Fidenates
795 3773 813 3810 e
835 3753 960 3812 Romulo
987 3751 1098 3810 insidiis
1124 3761 1153 3810 et

89 3855 167 3934 fugae
189 3859 373 3916 simulatione
394 3860 485 3917 victos
507 3870 616 3932 narrat,
638 3869 761 3936 apparet
781 3861 849 3918 olim
865 3861 938 3918 dues
954 3857 1043 3916 fuisse
1061 3859 1152 3936 scrip·

88 3977 181 4036 tures,
203 3964 324 4022 alteram
339 3985 377 4022 ex
392 3965 600 4036 alternorum,
615 3987 702 4042 quarn
719 3967 761 4024 sic
774 3969 915 4024 conflatas
930 3967 958 4038 (e
973 3966 1036 4024 cod.
1052 3967 1153 4024 arche·
1242 3981 1247 3986 ·

88 4071 175 4147 typo)
198 4071 232 4128 Μ
253 4071 394 4129 servavit:
429 4073 529 4148 prius
556 4092 654 4160 paene
683 4091 786 4149 quam
816 4073 989 4131 Romulus
1020 4074 1154 4150 quique
