<?xml version="1.0" encoding="UTF-8"?>
<!DOCTYPE html PUBLIC "-//W3C//DTD XHTML 1.0 Transitional//EN"
    "http://www.w3.org/TR/xhtml1/DTD/xhtml1-transitional.dtd">
<html xmlns="http://www.w3.org/1999/xhtml" xml:lang="en" lang="en">
 <head>
  <title>
</title>
<meta http-equiv="Content-Type" content="text/html;charset=utf-8" />
  <meta name='ocr-system' content='tesseract 3.04.00' />
  <meta name='ocr-capabilities' content='ocr_page ocr_carea ocr_par ocr_line ocrx_word'/>
</head>
<body>
  <div class='ocr_page' id='page_1' title='image "./emendationesliv02madvgoog_0324.png"; bbox 0 0 2810 4644; ppageno 0'>
   <div class='ocr_carea' id='block_1_1' title="bbox 603 279 1131 340">
    <p class='ocr_par' dir='ltr' id='par_1_1' title="bbox 603 279 1131 340">
     <span class='ocr_line' id='line_1_1' title="bbox 603 279 1131 340; baseline -0.008 -8"><span class='ocrx_word' id='word_1_1' title='bbox 603 285 661 340; x_wconf 80' lang='grc'>315</span> <span class='ocrx_word' id='word_1_2' title='bbox 963 279 1131 330; x_wconf 78' lang='lat' dir='ltr'>tiuxxvt.</span> 
     </span>
    </p>
   </div>
   <div class='ocr_carea' id='block_1_2' title="bbox 93 463 1163 542">
    <p class='ocr_par' dir='ltr' id='par_1_2' title="bbox 93 463 1163 542">
     <span class='ocr_line' id='line_1_2' title="bbox 93 463 1163 542; baseline -0.002 -18"><span class='ocrx_word' id='word_1_3' title='bbox 93 463 196 524; x_wconf 82' lang='lat' dir='ltr'>ortum</span> <span class='ocrx_word' id='word_1_4' title='bbox 220 467 287 540; x_wconf 87' lang='lat' dir='ltr'>est),</span> <span class='ocrx_word' id='word_1_5' title='bbox 311 466 474 542; x_wconf 78' lang='lat' dir='ltr'>scripseris:</span> <span class='ocrx_word' id='word_1_6' title='bbox 506 465 561 535; x_wconf 79' lang='lat' dir='ltr'>Si,</span> <span class='ocrx_word' id='word_1_7' title='bbox 584 465 677 539; x_wconf 90' lang='lat' dir='ltr'>quod</span> <span class='ocrx_word' id='word_1_8' title='bbox 699 465 893 539; x_wconf 79' lang='lat' dir='ltr'>iniungere</span> <span class='ocrx_word' id='word_1_9' title='bbox 913 463 1085 522; x_wconf 74' lang='lat' dir='ltr'>inferiori</span> <span class='ocrx_word' id='word_1_10' title='bbox 1107 485 1163 522; x_wconf 83' lang='lat' dir='ltr'>ve-</span> 
     </span>
    </p>
   </div>
   <div class='ocr_carea' id='block_1_3' title="bbox 93 569 1163 4236">
    <p class='ocr_par' dir='ltr' id='par_1_3' title="bbox 93 569 1163 2121">
     <span class='ocr_line' id='line_1_3' title="bbox 93 569 1162 647; baseline -0.002 -19"><span class='ocrx_word' id='word_1_11' title='bbox 93 570 160 642; x_wconf 86' lang='lat' dir='ltr'>iis,</span> <span class='ocrx_word' id='word_1_12' title='bbox 182 571 219 628; x_wconf 89' lang='lat' dir='ltr'>id</span> <span class='ocrx_word' id='word_1_13' title='bbox 241 570 345 646; x_wconf 88' lang='lat' dir='ltr'>prius</span> <span class='ocrx_word' id='word_1_14' title='bbox 374 570 409 626; x_wconf 92' lang='lat' dir='ltr'>in</span> <span class='ocrx_word' id='word_1_15' title='bbox 439 581 473 626; x_wconf 90' lang='lat' dir='ltr'>te</span> <span class='ocrx_word' id='word_1_16' title='bbox 503 589 544 628; x_wconf 90' lang='lat' dir='ltr'>ac</span> <span class='ocrx_word' id='word_1_17' title='bbox 572 581 658 628; x_wconf 88' lang='lat' dir='ltr'>tuos</span> <span class='ocrx_word' id='word_1_18' title='bbox 680 571 759 647; x_wconf 85' lang='lat' dir='ltr'>ipse</span> <span class='ocrx_word' id='word_1_19' title='bbox 780 569 871 626; x_wconf 89' lang='lat' dir='ltr'>iuris</span> <span class='ocrx_word' id='word_1_20' title='bbox 891 569 1085 644; x_wconf 79' lang='lat' dir='ltr'>statueris,</span> <span class='ocrx_word' id='word_1_21' title='bbox 1108 569 1162 626; x_wconf 83' lang='lat' dir='ltr'>ia-</span> 
     </span>
     <span class='ocr_line' id='line_1_4' title="bbox 94 674 1162 751; baseline 0 -17"><span class='ocrx_word' id='word_1_22' title='bbox 94 676 210 734; x_wconf 87' lang='lat' dir='ltr'>cilius</span> <span class='ocrx_word' id='word_1_23' title='bbox 232 685 287 736; x_wconf 89' lang='lat' dir='ltr'>cat.</span> <span class='ocrx_word' id='word_1_24' title='bbox 343 675 438 733; x_wconf 89' lang='lat' dir='ltr'>Paulo</span> <span class='ocrx_word' id='word_1_25' title='bbox 468 687 536 751; x_wconf 89' lang='lat' dir='ltr'>post</span> <span class='ocrx_word' id='word_1_26' title='bbox 557 678 585 744; x_wconf 66' lang='grc' dir='ltr'>(ς</span> <span class='ocrx_word' id='word_1_27' title='bbox 608 677 666 749; x_wconf 87' lang='lat' dir='ltr'>lt),</span> <span class='ocrx_word' id='word_1_28' title='bbox 689 675 739 733; x_wconf 93' lang='lat' dir='ltr'>ubi</span> <span class='ocrx_word' id='word_1_29' title='bbox 762 675 933 733; x_wconf 81' lang='lat' dir='ltr'>describitur</span> <span class='ocrx_word' id='word_1_30' title='bbox 954 674 1079 732; x_wconf 89' lang='lat' dir='ltr'>studium</span> <span class='ocrx_word' id='word_1_31' title='bbox 1101 695 1162 734; x_wconf 89' lang='lat' dir='ltr'>cer·</span> 
     </span>
     <span class='ocr_line' id='line_1_5' title="bbox 94 779 1162 856; baseline -0.002 -16"><span class='ocrx_word' id='word_1_32' title='bbox 94 792 256 856; x_wconf 79' lang='lat' dir='ltr'>tamsuque</span> <span class='ocrx_word' id='word_1_33' title='bbox 286 780 435 838; x_wconf 88' lang='lat' dir='ltr'>bominum</span> <span class='ocrx_word' id='word_1_34' title='bbox 467 801 570 838; x_wconf 90' lang='lat' dir='ltr'>aurum</span> <span class='ocrx_word' id='word_1_35' title='bbox 601 791 812 856; x_wconf 86' lang='lat' dir='ltr'>argentumque</span> <span class='ocrx_word' id='word_1_36' title='bbox 833 791 862 838; x_wconf 91' lang='lat' dir='ltr'>et</span> <span class='ocrx_word' id='word_1_37' title='bbox 883 799 922 838; x_wconf 76' lang='lat' dir='ltr'>aas</span> <span class='ocrx_word' id='word_1_38' title='bbox 944 779 1162 851; x_wconf 80' lang='lat' dir='ltr'>conferentium,</span> 
     </span>
     <span class='ocr_line' id='line_1_6' title="bbox 95 885 1163 964; baseline -0.003 -18"><span class='ocrx_word' id='word_1_39' title='bbox 95 907 188 964; x_wconf 90' lang='lat' dir='ltr'>quum</span> <span class='ocrx_word' id='word_1_40' title='bbox 212 888 244 946; x_wconf 91' lang='lat' dir='ltr'>iu</span> <span class='ocrx_word' id='word_1_41' title='bbox 264 889 291 945; x_wconf 91' lang='lat' dir='ltr'>P</span> <span class='ocrx_word' id='word_1_42' title='bbox 314 885 470 944; x_wconf 82' lang='lat' dir='ltr'>scribatur:</span> <span class='ocrx_word' id='word_1_43' title='bbox 501 886 700 944; x_wconf 86' lang='lat' dir='ltr'>certamine</span> <span class='ocrx_word' id='word_1_44' title='bbox 730 887 883 958; x_wconf 86' lang='lat' dir='ltr'>iniecto,</span> <span class='ocrx_word' id='word_1_45' title='bbox 911 897 949 944; x_wconf 91' lang='lat' dir='ltr'>ut</span> <span class='ocrx_word' id='word_1_46' title='bbox 973 886 1092 962; x_wconf 87' lang='lat' dir='ltr'>prima</span> <span class='ocrx_word' id='word_1_47' title='bbox 1125 897 1163 943; x_wconf 91' lang='lat' dir='ltr'>nt</span> 
     </span>
     <span class='ocr_line' id='line_1_7' title="bbox 96 989 1162 1070; baseline -0.002 -20"><span class='ocrx_word' id='word_1_48' title='bbox 96 994 198 1052; x_wconf 88' lang='lat' dir='ltr'>iuter</span> <span class='ocrx_word' id='word_1_49' title='bbox 218 993 357 1070; x_wconf 85' lang='lat' dir='ltr'>primos</span> <span class='ocrx_word' id='word_1_50' title='bbox 376 991 521 1049; x_wconf 90' lang='lat' dir='ltr'>nomina</span> <span class='ocrx_word' id='word_1_51' title='bbox 542 1008 607 1047; x_wconf 88' lang='lat' dir='ltr'>sua</span> <span class='ocrx_word' id='word_1_52' title='bbox 628 989 766 1047; x_wconf 87' lang='lat' dir='ltr'>velient</span> <span class='ocrx_word' id='word_1_53' title='bbox 787 990 821 1048; x_wconf 92' lang='lat' dir='ltr'>iu</span> <span class='ocrx_word' id='word_1_54' title='bbox 842 991 1003 1066; x_wconf 86' lang='lat' dir='ltr'>publicis</span> <span class='ocrx_word' id='word_1_55' title='bbox 1025 992 1162 1050; x_wconf 88' lang='lat' dir='ltr'>tabulis</span> 
     </span>
     <span class='ocr_line' id='line_1_8' title="bbox 95 1095 1162 1176; baseline -0.001 -21"><span class='ocrx_word' id='word_1_56' title='bbox 95 1115 192 1166; x_wconf 88' lang='lat' dir='ltr'>esse,</span> <span class='ocrx_word' id='word_1_57' title='bbox 224 1107 347 1175; x_wconf 85' lang='lat' dir='ltr'>apparet</span> <span class='ocrx_word' id='word_1_58' title='bbox 367 1097 550 1155; x_wconf 87' lang='lat' dir='ltr'>scribendum</span> <span class='ocrx_word' id='word_1_59' title='bbox 572 1113 649 1152; x_wconf 86' lang='lat' dir='ltr'>csse:</span> <span class='ocrx_word' id='word_1_60' title='bbox 681 1105 719 1152; x_wconf 90' lang='lat' dir='ltr'>ut</span> <span class='ocrx_word' id='word_1_61' title='bbox 754 1097 868 1172; x_wconf 86' lang='lat' dir='ltr'>prima</span> <span class='ocrx_word' id='word_1_62' title='bbox 889 1105 953 1161; x_wconf 84' lang='lat' dir='ltr'>nt</span> <span class='ocrx_word' id='word_1_63' title='bbox 972 1095 1013 1176; x_wconf 90' lang='lat' dir='ltr'>(si</span> <span class='ocrx_word' id='word_1_64' title='bbox 1035 1098 1162 1155; x_wconf 90' lang='lat' dir='ltr'>omnium</span> 
     </span>
     <span class='ocr_line' id='line_1_9' title="bbox 95 1201 1163 1279; baseline 0.001 -19"><span class='ocrx_word' id='word_1_65' title='bbox 95 1202 186 1278; x_wconf 87' lang='lat' dir='ltr'>primi</span> <span class='ocrx_word' id='word_1_66' title='bbox 206 1221 270 1260; x_wconf 84' lang='lat' dir='ltr'>esse</span> <span class='ocrx_word' id='word_1_67' title='bbox 290 1221 350 1260; x_wconf 92' lang='lat' dir='ltr'>non</span> <span class='ocrx_word' id='word_1_68' title='bbox 371 1213 499 1279; x_wconf 79' lang='lat' dir='ltr'>possent,</span> <span class='ocrx_word' id='word_1_69' title='bbox 522 1201 637 1274; x_wconf 86' lang='lat' dir='ltr'>saltem)</span> <span class='ocrx_word' id='word_1_70' title='bbox 660 1201 755 1259; x_wconf 88' lang='lat' dir='ltr'>inter</span> <span class='ocrx_word' id='word_1_71' title='bbox 775 1202 909 1278; x_wconf 86' lang='lat' dir='ltr'>primos</span> <span class='ocrx_word' id='word_1_72' title='bbox 931 1204 1075 1261; x_wconf 90' lang='lat' dir='ltr'>nomina</span> <span class='ocrx_word' id='word_1_73' title='bbox 1099 1223 1163 1261; x_wconf 89' lang='lat' dir='ltr'>sua</span> 
     </span>
     <span class='ocr_line' id='line_1_10' title="bbox 96 1305 1163 1386; baseline 0.002 -22"><span class='ocrx_word' id='word_1_74' title='bbox 96 1308 239 1366; x_wconf 83' lang='lat' dir='ltr'>velient</span> <span class='ocrx_word' id='word_1_75' title='bbox 266 1352 294 1370; x_wconf 88' lang='lat'>..</span> <span class='ocrx_word' id='word_1_76' title='bbox 323 1327 410 1366; x_wconf 86' lang='lat' dir='ltr'>esse.</span> <span class='ocrx_word' id='word_1_77' title='bbox 466 1309 588 1366; x_wconf 85' lang='lat' dir='ltr'>Poterat</span> <span class='ocrx_word' id='word_1_78' title='bbox 617 1305 718 1364; x_wconf 88' lang='lat' dir='ltr'>Livius</span> <span class='ocrx_word' id='word_1_79' title='bbox 746 1319 809 1362; x_wconf 85' lang='lat' dir='ltr'>aut</span> <span class='ocrx_word' id='word_1_80' title='bbox 837 1306 934 1364; x_wconf 89' lang='lat' dir='ltr'>iuter</span> <span class='ocrx_word' id='word_1_81' title='bbox 953 1310 1071 1386; x_wconf 86' lang='lat' dir='ltr'>prima</span> <span class='ocrx_word' id='word_1_82' title='bbox 1091 1309 1163 1367; x_wconf 85' lang='lat' dir='ltr'>scri-</span> 
     </span>
     <span class='ocr_line' id='line_1_11' title="bbox 97 1412 1162 1490; baseline -0.001 -18"><span class='ocrx_word' id='word_1_83' title='bbox 97 1415 182 1482; x_wconf 84' lang='lat' dir='ltr'>bare3</span> <span class='ocrx_word' id='word_1_84' title='bbox 204 1412 306 1470; x_wconf 90' lang='lat' dir='ltr'>maluit</span> <span class='ocrx_word' id='word_1_85' title='bbox 326 1414 459 1484; x_wconf 87' lang='lat' dir='ltr'>alterum,</span> <span class='ocrx_word' id='word_1_86' title='bbox 481 1433 517 1470; x_wconf 91' lang='lat' dir='ltr'>ue</span> <span class='ocrx_word' id='word_1_87' title='bbox 538 1413 675 1488; x_wconf 84' lang='lat' dir='ltr'>ambigue</span> <span class='ocrx_word' id='word_1_88' title='bbox 696 1423 900 1469; x_wconf 81' lang='lat' dir='ltr'>concurrerent</span> <span class='ocrx_word' id='word_1_89' title='bbox 928 1414 1024 1471; x_wconf 86' lang='lat' dir='ltr'>inter</span> <span class='ocrx_word' id='word_1_90' title='bbox 1047 1415 1162 1490; x_wconf 87' lang='lat' dir='ltr'>prima</span> 
     </span>
     <span class='ocr_line' id='line_1_12' title="bbox 96 1517 1161 1595; baseline 0.002 -20"><span class='ocrx_word' id='word_1_91' title='bbox 96 1519 245 1576; x_wconf 86' lang='lat' dir='ltr'>uomina</span> <span class='ocrx_word' id='word_1_92' title='bbox 266 1537 339 1581; x_wconf 88' lang='lat' dir='ltr'>aus.</span> <span class='ocrx_word' id='word_1_93' title='bbox 382 1517 469 1592; x_wconf 78' lang='lat' dir='ltr'>Quod</span> <span class='ocrx_word' id='word_1_94' title='bbox 490 1518 597 1576; x_wconf 87' lang='lat' dir='ltr'>editur:</span> <span class='ocrx_word' id='word_1_95' title='bbox 618 1518 734 1595; x_wconf 88' lang='lat' dir='ltr'>prima</span> <span class='ocrx_word' id='word_1_96' title='bbox 755 1517 851 1574; x_wconf 86' lang='lat' dir='ltr'>iuter</span> <span class='ocrx_word' id='word_1_97' title='bbox 871 1517 1021 1592; x_wconf 86' lang='lat' dir='ltr'>primos,</span> <span class='ocrx_word' id='word_1_98' title='bbox 1043 1521 1161 1578; x_wconf 89' lang='lat' dir='ltr'>niruium</span> 
     </span>
     <span class='ocr_line' id='line_1_13' title="bbox 97 1622 1163 1701; baseline 0.004 -21"><span class='ocrx_word' id='word_1_99' title='bbox 97 1631 145 1680; x_wconf 88' lang='lat' dir='ltr'>est</span> <span class='ocrx_word' id='word_1_100' title='bbox 167 1633 196 1680; x_wconf 89' lang='lat' dir='ltr'>et</span> <span class='ocrx_word' id='word_1_101' title='bbox 217 1623 355 1699; x_wconf 85' lang='lat' dir='ltr'>ineptum.</span> <span class='ocrx_word' id='word_1_102' title='bbox 398 1628 425 1696; x_wconf 67' lang='grc' dir='ltr'>(ξ</span> <span class='ocrx_word' id='word_1_103' title='bbox 456 1627 473 1680; x_wconf 82' lang='grc'><strong>4</strong></span> <span class='ocrx_word' id='word_1_104' title='bbox 496 1622 547 1680; x_wconf 80' lang='lat' dir='ltr'>vix</span> <span class='ocrx_word' id='word_1_105' title='bbox 568 1623 656 1682; x_wconf 90' lang='lat' dir='ltr'>credo</span> <span class='ocrx_word' id='word_1_106' title='bbox 679 1625 802 1698; x_wconf 81' lang='lat' dir='ltr'>figurem</span> <span class='ocrx_word' id='word_1_107' title='bbox 825 1623 904 1681; x_wconf 88' lang='lat' dir='ltr'>illam</span> <span class='ocrx_word' id='word_1_108' title='bbox 927 1626 1082 1698; x_wconf 85' lang='lat' dir='ltr'>orationis,</span> <span class='ocrx_word' id='word_1_109' title='bbox 1105 1645 1163 1701; x_wconf 87' lang='lat' dir='ltr'>qua</span> 
     </span>
     <span class='ocr_line' id='line_1_14' title="bbox 97 1729 1162 1806; baseline 0.005 -21"><span class='ocrx_word' id='word_1_110' title='bbox 97 1747 154 1806; x_wconf 91' lang='lat' dir='ltr'>pro</span> <span class='ocrx_word' id='word_1_111' title='bbox 189 1729 358 1787; x_wconf 88' lang='lat' dir='ltr'>condicione</span> <span class='ocrx_word' id='word_1_112' title='bbox 395 1729 552 1787; x_wconf 82' lang='lat' dir='ltr'>affirmatio</span> <span class='ocrx_word' id='word_1_113' title='bbox 591 1730 709 1806; x_wconf 87' lang='lat' dir='ltr'>ponitur</span> <span class='ocrx_word' id='word_1_114' title='bbox 741 1740 792 1787; x_wconf 87' lang='lat' dir='ltr'>aut</span> <span class='ocrx_word' id='word_1_115' title='bbox 825 1730 1031 1806; x_wconf 80' lang='lat' dir='ltr'>interrogatio,</span> <span class='ocrx_word' id='word_1_116' title='bbox 1066 1732 1162 1790; x_wconf 89' lang='lat' dir='ltr'>locum</span> 
     </span>
     <span class='ocr_line' id='line_1_15' title="bbox 96 1834 1162 1913; baseline 0.002 -20"><span class='ocrx_word' id='word_1_117' title='bbox 96 1836 209 1893; x_wconf 84' lang='lat' dir='ltr'>habere</span> <span class='ocrx_word' id='word_1_118' title='bbox 229 1835 259 1892; x_wconf 92' lang='lat' dir='ltr'>in</span> <span class='ocrx_word' id='word_1_119' title='bbox 283 1835 446 1911; x_wconf 82' lang='lat' dir='ltr'>argumenti</span> <span class='ocrx_word' id='word_1_120' title='bbox 468 1834 670 1904; x_wconf 79' lang='lat' dir='ltr'>conclusione,</span> <span class='ocrx_word' id='word_1_121' title='bbox 702 1853 766 1909; x_wconf 77' lang='lat' dir='ltr'>quae</span> <span class='ocrx_word' id='word_1_122' title='bbox 795 1835 939 1909; x_wconf 85' lang='lat' dir='ltr'>particula</span> <span class='ocrx_word' id='word_1_123' title='bbox 967 1837 1095 1913; x_wconf 85' lang='lat' dir='ltr'>itaque</span> <span class='ocrx_word' id='word_1_124' title='bbox 1116 1840 1162 1906; x_wconf 68' lang='lat' dir='ltr'>fia</span> 
     </span>
     <span class='ocr_line' id='line_1_16' title="bbox 97 1939 1163 2016; baseline 0.004 -19"><span class='ocrx_word' id='word_1_125' title='bbox 97 1942 166 2016; x_wconf 89' lang='lat' dir='ltr'>ipsa</span> <span class='ocrx_word' id='word_1_126' title='bbox 187 1941 262 1997; x_wconf 90' lang='lat' dir='ltr'>euim</span> <span class='ocrx_word' id='word_1_127' title='bbox 285 1941 346 1998; x_wconf 81' lang='lat' dir='ltr'>haec</span> <span class='ocrx_word' id='word_1_128' title='bbox 358 1940 501 2016; x_wconf 88' lang='lat' dir='ltr'>particula</span> <span class='ocrx_word' id='word_1_129' title='bbox 515 1939 597 1996; x_wconf 88' lang='lat' dir='ltr'>initio</span> <span class='ocrx_word' id='word_1_130' title='bbox 609 1940 706 2016; x_wconf 86' lang='lat' dir='ltr'>posita</span> <span class='ocrx_word' id='word_1_131' title='bbox 719 1941 843 2015; x_wconf 85' lang='lat' dir='ltr'>figuram</span> <span class='ocrx_word' id='word_1_132' title='bbox 865 1943 1029 2016; x_wconf 86' lang='lat' dir='ltr'>perturbat;</span> <span class='ocrx_word' id='word_1_133' title='bbox 1050 1962 1163 2012; x_wconf 84' lang='lat' dir='ltr'>vercor,</span> 
     </span>
     <span class='ocr_line' id='line_1_17' title="bbox 97 2044 610 2121; baseline -0.002 -18"><span class='ocrx_word' id='word_1_134' title='bbox 97 2065 137 2104; x_wconf 90' lang='lat' dir='ltr'>us</span> <span class='ocrx_word' id='word_1_135' title='bbox 158 2045 188 2102; x_wconf 91' lang='lat' dir='ltr'>si</span> <span class='ocrx_word' id='word_1_136' title='bbox 208 2055 276 2121; x_wconf 88' lang='lat' dir='ltr'>post</span> <span class='ocrx_word' id='word_1_137' title='bbox 296 2046 426 2120; x_wconf 86' lang='lat' dir='ltr'>itaqua</span> <span class='ocrx_word' id='word_1_138' title='bbox 450 2044 610 2118; x_wconf 87' lang='lat' dir='ltr'>exciderit.)</span> 
     </span>
    </p>

    <p class='ocr_par' dir='ltr' id='par_1_4' title="bbox 96 2149 1163 4129">
     <span class='ocr_line' id='line_1_18' title="bbox 184 2149 1163 2227; baseline 0 -18"><span class='ocrx_word' id='word_1_139' title='bbox 184 2149 257 2226; x_wconf 86' lang='lat' dir='ltr'>Cup.</span> <span class='ocrx_word' id='word_1_140' title='bbox 281 2153 330 2220; x_wconf 84' lang='lat'>38,</span> <span class='ocrx_word' id='word_1_141' title='bbox 354 2155 369 2208; x_wconf 84' lang='lat'><strong>7</strong></span> <span class='ocrx_word' id='word_1_142' title='bbox 395 2152 447 2221; x_wconf 89' lang='lat' dir='ltr'>(de</span> <span class='ocrx_word' id='word_1_143' title='bbox 462 2151 571 2209; x_wconf 85' lang='lat' dir='ltr'>Blattio</span> <span class='ocrx_word' id='word_1_144' title='bbox 594 2151 714 2209; x_wconf 88' lang='lat' dir='ltr'>consilia</span> <span class='ocrx_word' id='word_1_145' title='bbox 736 2151 858 2226; x_wconf 75' lang='lat' dir='ltr'>agitanti</span> <span class='ocrx_word' id='word_1_146' title='bbox 873 2151 1000 2227; x_wconf 77' lang='lat' dir='ltr'>Salapiae</span> <span class='ocrx_word' id='word_1_147' title='bbox 1021 2153 1163 2211; x_wconf 84' lang='lat' dir='ltr'>Romanis</span> 
     </span>
     <span class='ocr_line' id='line_1_19' title="bbox 96 2255 1162 2334; baseline 0.001 -20"><span class='ocrx_word' id='word_1_148' title='bbox 96 2256 275 2332; x_wconf 77' lang='lat' dir='ltr'>tradeudoeJ:</span> <span class='ocrx_word' id='word_1_149' title='bbox 312 2255 382 2316; x_wconf 86' lang='lat' dir='ltr'>Sed</span> <span class='ocrx_word' id='word_1_150' title='bbox 404 2256 481 2313; x_wconf 91' lang='lat' dir='ltr'>sine</span> <span class='ocrx_word' id='word_1_151' title='bbox 503 2256 677 2314; x_wconf 85' lang='lat' dir='ltr'>adiutore</span> <span class='ocrx_word' id='word_1_152' title='bbox 699 2257 815 2314; x_wconf 86' lang='lat' dir='ltr'>Dasio</span> <span class='ocrx_word' id='word_1_153' title='bbox 835 2273 891 2312; x_wconf 85' lang='lat' dir='ltr'>res</span> <span class='ocrx_word' id='word_1_154' title='bbox 914 2257 1071 2334; x_wconf 80' lang='lat' dir='ltr'>transigi</span> <span class='ocrx_word' id='word_1_155' title='bbox 1092 2277 1162 2315; x_wconf 92' lang='lat' dir='ltr'>non</span> 
     </span>
     <span class='ocr_line' id='line_1_20' title="bbox 96 2361 1162 2438; baseline 0.003 -20"><span class='ocrx_word' id='word_1_156' title='bbox 96 2371 256 2438; x_wconf 88' lang='lat' dir='ltr'>poteret.</span> <span class='ocrx_word' id='word_1_157' title='bbox 299 2361 449 2419; x_wconf 85' lang='lat' dir='ltr'>Multum</span> <span class='ocrx_word' id='word_1_158' title='bbox 472 2379 514 2419; x_wconf 87' lang='lat' dir='ltr'>ac</span> <span class='ocrx_word' id='word_1_159' title='bbox 536 2361 595 2418; x_wconf 91' lang='lat' dir='ltr'>diu</span> <span class='ocrx_word' id='word_1_160' title='bbox 619 2371 829 2428; x_wconf 88' lang='lat' dir='ltr'>cunctatus,</span> <span class='ocrx_word' id='word_1_161' title='bbox 854 2371 888 2418; x_wconf 86' lang='lat' dir='ltr'>ct</span> <span class='ocrx_word' id='word_1_162' title='bbox 919 2372 989 2419; x_wconf 90' lang='lat' dir='ltr'>tum</span> <span class='ocrx_word' id='word_1_163' title='bbox 1019 2382 1162 2438; x_wconf 89' lang='lat' dir='ltr'>quoque</span> 
     </span>
     <span class='ocr_line' id='line_1_21' title="bbox 97 2465 1162 2544; baseline 0.003 -20"><span class='ocrx_word' id='word_1_164' title='bbox 97 2468 217 2542; x_wconf 81' lang='lat' dir='ltr'>magis</span> <span class='ocrx_word' id='word_1_165' title='bbox 240 2467 367 2544; x_wconf 89' lang='lat' dir='ltr'>inopia</span> <span class='ocrx_word' id='word_1_166' title='bbox 388 2465 538 2524; x_wconf 86' lang='lat' dir='ltr'>consilii</span> <span class='ocrx_word' id='word_1_167' title='bbox 572 2468 733 2544; x_wconf 91' lang='lat' dir='ltr'>potioris</span> <span class='ocrx_word' id='word_1_168' title='bbox 765 2487 869 2543; x_wconf 89' lang='lat' dir='ltr'>quam</span> <span class='ocrx_word' id='word_1_169' title='bbox 905 2487 967 2542; x_wconf 88' lang='lat' dir='ltr'>spe</span> <span class='ocrx_word' id='word_1_170' title='bbox 1001 2467 1162 2527; x_wconf 82' lang='lat' dir='ltr'>effectus</span> 
     </span>
     <span class='ocr_line' id='line_1_22' title="bbox 97 2570 1162 2649; baseline 0.002 -19"><span class='ocrx_word' id='word_1_171' title='bbox 97 2571 252 2630; x_wconf 83' lang='lat' dir='ltr'>Dasium</span> <span class='ocrx_word' id='word_1_172' title='bbox 277 2570 505 2648; x_wconf 62' lang='lat' dir='ltr'>appellabam</span> <span class='ocrx_word' id='word_1_173' title='bbox 527 2583 565 2630; x_wconf 86' lang='lat' dir='ltr'>at</span> <span class='ocrx_word' id='word_1_174' title='bbox 586 2573 650 2630; x_wconf 92' lang='lat' dir='ltr'>ille</span> <span class='ocrx_word' id='word_1_175' title='bbox 756 2593 827 2632; x_wconf 89' lang='lat' dir='ltr'>rem</span> <span class='ocrx_word' id='word_1_176' title='bbox 856 2574 1059 2632; x_wconf 78' lang='lat' dir='ltr'>Hannibali</span> <span class='ocrx_word' id='word_1_177' title='bbox 1082 2593 1162 2649; x_wconf 87' lang='lat' dir='ltr'>spe-</span> 
     </span>
     <span class='ocr_line' id='line_1_23' title="bbox 97 2677 1161 2754; baseline 0 -18"><span class='ocrx_word' id='word_1_178' title='bbox 97 2679 156 2736; x_wconf 89' lang='lat' dir='ltr'>rit.</span> <span class='ocrx_word' id='word_1_179' title='bbox 199 2678 269 2736; x_wconf 90' lang='lat' dir='ltr'>Nou</span> <span class='ocrx_word' id='word_1_180' title='bbox 290 2695 377 2753; x_wconf 89' lang='lat' dir='ltr'>posse</span> <span class='ocrx_word' id='word_1_181' title='bbox 399 2687 592 2735; x_wconf 87' lang='lat' dir='ltr'>cunctatus</span> <span class='ocrx_word' id='word_1_182' title='bbox 614 2688 647 2736; x_wconf 91' lang='lat' dir='ltr'>et</span> <span class='ocrx_word' id='word_1_183' title='bbox 669 2681 715 2750; x_wconf 91' lang='lat'>(..</span> <span class='ocrx_word' id='word_1_184' title='bbox 737 2677 968 2754; x_wconf 84' lang='lat' dir='ltr'>appellabat)</span> <span class='ocrx_word' id='word_1_185' title='bbox 990 2697 1044 2753; x_wconf 90' lang='lat' dir='ltr'>pro</span> <span class='ocrx_word' id='word_1_186' title='bbox 1059 2697 1161 2736; x_wconf 93' lang='lat' dir='ltr'>cunc-</span> 
     </span>
     <span class='ocr_line' id='line_1_24' title="bbox 97 2783 1163 2858; baseline 0 -16"><span class='ocrx_word' id='word_1_187' title='bbox 97 2795 197 2842; x_wconf 88' lang='lat' dir='ltr'>tatus</span> <span class='ocrx_word' id='word_1_188' title='bbox 229 2795 284 2842; x_wconf 88' lang='lat' dir='ltr'>est</span> <span class='ocrx_word' id='word_1_189' title='bbox 316 2793 349 2841; x_wconf 85' lang='lat' dir='ltr'>et</span> <span class='ocrx_word' id='word_1_190' title='bbox 381 2783 489 2858; x_wconf 81' lang='lat' dir='ltr'>accipi,</span> <span class='ocrx_word' id='word_1_191' title='bbox 528 2783 725 2840; x_wconf 84' lang='lat' dir='ltr'>demonstravi</span> <span class='ocrx_word' id='word_1_192' title='bbox 758 2784 795 2841; x_wconf 92' lang='lat' dir='ltr'>ad</span> <span class='ocrx_word' id='word_1_193' title='bbox 824 2783 923 2854; x_wconf 84' lang='lat' dir='ltr'>XXI,</span> <span class='ocrx_word' id='word_1_194' title='bbox 956 2785 1012 2852; x_wconf 75' lang='lat'>25,</span> <span class='ocrx_word' id='word_1_195' title='bbox 1043 2787 1076 2854; x_wconf 78' lang='lat'>93</span> <span class='ocrx_word' id='word_1_196' title='bbox 1103 2784 1163 2842; x_wconf 90' lang='lat' dir='ltr'>alia</span> 
     </span>
     <span class='ocr_line' id='line_1_25' title="bbox 96 2888 1162 2967; baseline 0.002 -21"><span class='ocrx_word' id='word_1_197' title='bbox 96 2899 194 2946; x_wconf 86' lang='lat' dir='ltr'>autem</span> <span class='ocrx_word' id='word_1_198' title='bbox 217 2889 366 2964; x_wconf 79' lang='lat' dir='ltr'>particulae</span> <span class='ocrx_word' id='word_1_199' title='bbox 387 2901 422 2946; x_wconf 88' lang='lat' dir='ltr'>et</span> <span class='ocrx_word' id='word_1_200' title='bbox 444 2889 630 2965; x_wconf 71' lang='lat' dir='ltr'>expedienda</span> <span class='ocrx_word' id='word_1_201' title='bbox 648 2889 697 2946; x_wconf 91' lang='lat' dir='ltr'>via</span> <span class='ocrx_word' id='word_1_202' title='bbox 718 2889 798 2946; x_wconf 83' lang='lat' dir='ltr'>nulls</span> <span class='ocrx_word' id='word_1_203' title='bbox 813 2898 864 2946; x_wconf 80' lang='lat' dir='ltr'>est</span> <span class='ocrx_word' id='word_1_204' title='bbox 908 2888 1022 2947; x_wconf 85' lang='lat' dir='ltr'>Deinde</span> <span class='ocrx_word' id='word_1_205' title='bbox 1042 2909 1162 2967; x_wconf 88' lang='lat' dir='ltr'>prorsus</span> 
     </span>
     <span class='ocr_line' id='line_1_26' title="bbox 96 2993 1162 3071; baseline 0.002 -18"><span class='ocrx_word' id='word_1_206' title='bbox 96 2994 167 3054; x_wconf 78' lang='lat' dir='ltr'>ferri</span> <span class='ocrx_word' id='word_1_207' title='bbox 187 2995 289 3070; x_wconf 89' lang='lat' dir='ltr'>nequit</span> <span class='ocrx_word' id='word_1_208' title='bbox 314 2994 514 3070; x_wconf 79' lang='lat' dir='ltr'>imperfectum</span> <span class='ocrx_word' id='word_1_209' title='bbox 540 2993 799 3070; x_wconf 87' lang='lat' dir='ltr'>(appellabat),</span> <span class='ocrx_word' id='word_1_210' title='bbox 829 2995 879 3052; x_wconf 91' lang='lat' dir='ltr'>ubi</span> <span class='ocrx_word' id='word_1_211' title='bbox 910 2995 1088 3071; x_wconf 84' lang='lat' dir='ltr'>significatur</span> <span class='ocrx_word' id='word_1_212' title='bbox 1116 3016 1162 3055; x_wconf 86' lang='lat' dir='ltr'>res</span> 
     </span>
     <span class='ocr_line' id='line_1_27' title="bbox 97 3099 1161 3178; baseline 0.003 -20"><span class='ocrx_word' id='word_1_213' title='bbox 97 3111 165 3178; x_wconf 87' lang='lat' dir='ltr'>post</span> <span class='ocrx_word' id='word_1_214' title='bbox 186 3101 304 3177; x_wconf 83' lang='lat' dir='ltr'>longam</span> <span class='ocrx_word' id='word_1_215' title='bbox 324 3101 533 3158; x_wconf 85' lang='lat' dir='ltr'>dubitationem</span> <span class='ocrx_word' id='word_1_216' title='bbox 556 3101 714 3176; x_wconf 89' lang='lat' dir='ltr'>aliquando</span> <span class='ocrx_word' id='word_1_217' title='bbox 736 3099 829 3170; x_wconf 81' lang='lat' dir='ltr'>facta3</span> <span class='ocrx_word' id='word_1_218' title='bbox 851 3102 974 3159; x_wconf 85' lang='lat' dir='ltr'>Dasium</span> <span class='ocrx_word' id='word_1_219' title='bbox 997 3103 1119 3160; x_wconf 89' lang='lat' dir='ltr'>subinde</span> <span class='ocrx_word' id='word_1_220' title='bbox 1142 3123 1161 3160; x_wconf 87' lang='lat' dir='ltr'>a</span> 
     </span>
     <span class='ocr_line' id='line_1_28' title="bbox 97 3206 1162 3284; baseline 0.001 -19"><span class='ocrx_word' id='word_1_221' title='bbox 97 3206 209 3266; x_wconf 85' lang='lat' dir='ltr'>Blattio</span> <span class='ocrx_word' id='word_1_222' title='bbox 232 3207 409 3283; x_wconf 83' lang='lat' dir='ltr'>appeliatum</span> <span class='ocrx_word' id='word_1_223' title='bbox 442 3225 479 3263; x_wconf 90' lang='lat' dir='ltr'>ue</span> <span class='ocrx_word' id='word_1_224' title='bbox 508 3207 667 3282; x_wconf 82' lang='lat' dir='ltr'>fingamus,</span> <span class='ocrx_word' id='word_1_225' title='bbox 701 3207 837 3283; x_wconf 84' lang='lat' dir='ltr'>prohibat</span> <span class='ocrx_word' id='word_1_226' title='bbox 858 3219 887 3265; x_wconf 89' lang='lat' dir='ltr'>et</span> <span class='ocrx_word' id='word_1_227' title='bbox 908 3218 980 3266; x_wconf 89' lang='lat' dir='ltr'>turn</span> <span class='ocrx_word' id='word_1_228' title='bbox 1002 3227 1162 3284; x_wconf 87' lang='lat' dir='ltr'>quoque,</span> 
     </span>
     <span class='ocr_line' id='line_1_29' title="bbox 98 3312 1162 3389; baseline 0.002 -19"><span class='ocrx_word' id='word_1_229' title='bbox 98 3331 157 3389; x_wconf 85' lang='lat' dir='ltr'>quo</span> <span class='ocrx_word' id='word_1_230' title='bbox 189 3331 237 3370; x_wconf 91' lang='lat' dir='ltr'>res</span> <span class='ocrx_word' id='word_1_231' title='bbox 266 3312 355 3370; x_wconf 88' lang='lat' dir='ltr'>semel</span> <span class='ocrx_word' id='word_1_232' title='bbox 385 3319 452 3369; x_wconf 84' lang='lat' dir='ltr'>acta</span> <span class='ocrx_word' id='word_1_233' title='bbox 479 3321 615 3382; x_wconf 86' lang='lat' dir='ltr'>notatur,</span> <span class='ocrx_word' id='word_1_234' title='bbox 647 3323 676 3370; x_wconf 89' lang='lat' dir='ltr'>et</span> <span class='ocrx_word' id='word_1_235' title='bbox 697 3315 804 3382; x_wconf 88' lang='lat' dir='ltr'>brevis,</span> <span class='ocrx_word' id='word_1_236' title='bbox 841 3314 910 3388; x_wconf 88' lang='lat' dir='ltr'>quid</span> <span class='ocrx_word' id='word_1_237' title='bbox 932 3314 1029 3370; x_wconf 85' lang='lat' dir='ltr'>statim</span> <span class='ocrx_word' id='word_1_238' title='bbox 1052 3315 1162 3372; x_wconf 84' lang='lat' dir='ltr'>Dasius</span> 
     </span>
     <span class='ocr_line' id='line_1_30' title="bbox 98 3417 1160 3494; baseline 0.001 -19"><span class='ocrx_word' id='word_1_239' title='bbox 98 3417 262 3494; x_wconf 82' lang='lat' dir='ltr'>appellatus</span> <span class='ocrx_word' id='word_1_240' title='bbox 283 3417 393 3488; x_wconf 85' lang='lat' dir='ltr'>iecerit,</span> <span class='ocrx_word' id='word_1_241' title='bbox 417 3417 591 3492; x_wconf 83' lang='lat' dir='ltr'>significatio</span> <span class='ocrx_word' id='word_1_242' title='bbox 613 3419 664 3490; x_wconf 89' lang='lat' dir='ltr'>(ot</span> <span class='ocrx_word' id='word_1_243' title='bbox 685 3419 751 3476; x_wconf 88' lang='lat' dir='ltr'>iile</span> <span class='ocrx_word' id='word_1_244' title='bbox 778 3463 807 3480; x_wconf 89' lang='lat'>..</span> <span class='ocrx_word' id='word_1_245' title='bbox 836 3418 979 3494; x_wconf 83' lang='lat' dir='ltr'>aperit).</span> <span class='ocrx_word' id='word_1_246' title='bbox 1026 3419 1160 3478; x_wconf 85' lang='lat' dir='ltr'>Scriben-</span> 
     </span>
     <span class='ocr_line' id='line_1_31' title="bbox 98 3523 1161 3598; baseline -0.003 -16"><span class='ocrx_word' id='word_1_247' title='bbox 98 3525 166 3582; x_wconf 90' lang='lat' dir='ltr'>dum</span> <span class='ocrx_word' id='word_1_248' title='bbox 188 3533 247 3581; x_wconf 88' lang='lat' dir='ltr'>est:</span> <span class='ocrx_word' id='word_1_249' title='bbox 279 3524 429 3581; x_wconf 89' lang='lat' dir='ltr'>Multum</span> <span class='ocrx_word' id='word_1_250' title='bbox 461 3541 503 3582; x_wconf 92' lang='lat' dir='ltr'>ac</span> <span class='ocrx_word' id='word_1_251' title='bbox 526 3523 587 3582; x_wconf 90' lang='lat' dir='ltr'>diu</span> <span class='ocrx_word' id='word_1_252' title='bbox 609 3535 803 3582; x_wconf 89' lang='lat' dir='ltr'>cunctatus</span> <span class='ocrx_word' id='word_1_253' title='bbox 826 3533 894 3592; x_wconf 65' lang='lat' dir='ltr'>ean</span> <span class='ocrx_word' id='word_1_254' title='bbox 924 3533 994 3580; x_wconf 89' lang='lat' dir='ltr'>tum</span> <span class='ocrx_word' id='word_1_255' title='bbox 1018 3541 1161 3598; x_wconf 88' lang='lat' dir='ltr'>quoque</span> 
     </span>
     <span class='ocr_line' id='line_1_32' title="bbox 97 3627 1161 3707; baseline 0.001 -21"><span class='ocrx_word' id='word_1_256' title='bbox 97 3629 215 3705; x_wconf 75' lang='lat' dir='ltr'>magis</span> <span class='ocrx_word' id='word_1_257' title='bbox 253 3629 380 3706; x_wconf 85' lang='lat' dir='ltr'>iuopia</span> <span class='ocrx_word' id='word_1_258' title='bbox 401 3630 549 3688; x_wconf 90' lang='lat' dir='ltr'>consilii</span> <span class='ocrx_word' id='word_1_259' title='bbox 581 3630 742 3707; x_wconf 89' lang='lat' dir='ltr'>potioris</span> <span class='ocrx_word' id='word_1_260' title='bbox 778 3649 880 3705; x_wconf 89' lang='lat' dir='ltr'>quam</span> <span class='ocrx_word' id='word_1_261' title='bbox 911 3648 973 3705; x_wconf 86' lang='lat' dir='ltr'>spe</span> <span class='ocrx_word' id='word_1_262' title='bbox 1002 3627 1161 3687; x_wconf 79' lang='lat' dir='ltr'>effectus</span> 
     </span>
     <span class='ocr_line' id='line_1_33' title="bbox 99 3735 1161 3818; baseline 0.001 -25"><span class='ocrx_word' id='word_1_263' title='bbox 99 3735 250 3793; x_wconf 87' lang='lat' dir='ltr'>Dasium</span> <span class='ocrx_word' id='word_1_264' title='bbox 282 3737 462 3818; x_wconf 63' lang='lat' dir='ltr'>appetitu</span> <span class='ocrx_word' id='word_1_265' title='bbox 495 3743 532 3792; x_wconf 85' lang='lat' dir='ltr'>at</span> <span class='ocrx_word' id='word_1_266' title='bbox 560 3736 625 3793; x_wconf 89' lang='lat' dir='ltr'>iile</span> <span class='ocrx_word' id='word_1_267' title='bbox 655 3746 709 3794; x_wconf 89' lang='lat' dir='ltr'>cet.</span> <span class='ocrx_word' id='word_1_268' title='bbox 768 3737 816 3793; x_wconf 88' lang='lat' dir='ltr'>Ex</span> <span class='ocrx_word' id='word_1_269' title='bbox 838 3735 1047 3811; x_wconf 84' lang='lat' dir='ltr'>appellatat</span> <span class='ocrx_word' id='word_1_270' title='bbox 1075 3735 1161 3794; x_wconf 86' lang='lat' dir='ltr'>facile</span> 
     </span>
     <span class='ocr_line' id='line_1_34' title="bbox 98 3841 1162 3918; baseline 0.001 -20"><span class='ocrx_word' id='word_1_271' title='bbox 98 3841 167 3898; x_wconf 84' lang='lat' dir='ltr'>oriri</span> <span class='ocrx_word' id='word_1_272' title='bbox 202 3841 298 3918; x_wconf 89' lang='lat' dir='ltr'>potuit</span> <span class='ocrx_word' id='word_1_273' title='bbox 338 3841 557 3917; x_wconf 85' lang='lat' dir='ltr'>appellabat</span> <span class='ocrx_word' id='word_1_274' title='bbox 588 3851 632 3899; x_wconf 59' lang='lat' dir='ltr'>at·</span> <span class='ocrx_word' id='word_1_275' title='bbox 693 3841 788 3900; x_wconf 87' lang='lat' dir='ltr'>Paulo</span> <span class='ocrx_word' id='word_1_276' title='bbox 818 3851 887 3917; x_wconf 89' lang='lat' dir='ltr'>post</span> <span class='ocrx_word' id='word_1_277' title='bbox 917 3841 966 3918; x_wconf 81' lang='lat'>(8)</span> <span class='ocrx_word' id='word_1_278' title='bbox 996 3841 1162 3916; x_wconf 87' lang='lat' dir='ltr'>appella-</span> 
     </span>
     <span class='ocr_line' id='line_1_35' title="bbox 96 3945 1160 4025; baseline 0 -21"><span class='ocrx_word' id='word_1_279' title='bbox 96 3949 160 4006; x_wconf 88' lang='lat' dir='ltr'>bat</span> <span class='ocrx_word' id='word_1_280' title='bbox 187 3957 285 4024; x_wconf 86' lang='lat' dir='ltr'>potest</span> <span class='ocrx_word' id='word_1_281' title='bbox 314 3945 440 4005; x_wconf 84' lang='lat' dir='ltr'>fortasse</span> <span class='ocrx_word' id='word_1_282' title='bbox 469 3947 563 4025; x_wconf 90' lang='lat' dir='ltr'>accipi</span> <span class='ocrx_word' id='word_1_283' title='bbox 592 3947 787 4024; x_wconf 83' lang='lat' dir='ltr'>appellare</span> <span class='ocrx_word' id='word_1_284' title='bbox 808 3947 947 4022; x_wconf 88' lang='lat' dir='ltr'>coepit;</span> <span class='ocrx_word' id='word_1_285' title='bbox 982 3946 1034 4004; x_wconf 85' lang='lat' dir='ltr'>sed</span> <span class='ocrx_word' id='word_1_286' title='bbox 1063 3967 1100 4005; x_wconf 91' lang='lat' dir='ltr'>ue</span> <span class='ocrx_word' id='word_1_287' title='bbox 1120 3948 1160 4006; x_wconf 89' lang='lat' dir='ltr'>ibi</span> 
     </span>
     <span class='ocr_line' id='line_1_36' title="bbox 96 4051 629 4129; baseline -0.004 -17"><span class='ocrx_word' id='word_1_288' title='bbox 96 4053 214 4128; x_wconf 89' lang='lat' dir='ltr'>quidem</span> <span class='ocrx_word' id='word_1_289' title='bbox 235 4053 432 4129; x_wconf 87' lang='lat' dir='ltr'>improbarem</span> <span class='ocrx_word' id='word_1_290' title='bbox 456 4051 629 4129; x_wconf 84' lang='lat' dir='ltr'>appellat.</span> 
     </span>
    </p>

    <p class='ocr_par' dir='ltr' id='par_1_5' title="bbox 181 4157 1160 4236">
     <span class='ocr_line' id='line_1_37' title="bbox 181 4157 1160 4236; baseline 0.002 -20"><span class='ocrx_word' id='word_1_291' title='bbox 181 4157 255 4234; x_wconf 86' lang='lat' dir='ltr'>Cap.</span> <span class='ocrx_word' id='word_1_292' title='bbox 278 4161 328 4230; x_wconf 88' lang='grc'>39,</span> <span class='ocrx_word' id='word_1_293' title='bbox 354 4162 389 4218; x_wconf 91' lang='grc'>16</span> <span class='ocrx_word' id='word_1_294' title='bbox 421 4160 462 4236; x_wconf 78' lang='lat' dir='ltr'>(in</span> <span class='ocrx_word' id='word_1_295' title='bbox 493 4157 686 4234; x_wconf 86' lang='lat' dir='ltr'>descriptione</span> <span class='ocrx_word' id='word_1_296' title='bbox 707 4177 812 4234; x_wconf 77' lang='lat' dir='ltr'>pugnas</span> <span class='ocrx_word' id='word_1_297' title='bbox 833 4159 946 4217; x_wconf 87' lang='lat' dir='ltr'>navalis</span> <span class='ocrx_word' id='word_1_298' title='bbox 972 4160 1048 4218; x_wconf 85' lang='lat' dir='ltr'>iuter</span> <span class='ocrx_word' id='word_1_299' title='bbox 1068 4159 1160 4218; x_wconf 91' lang='lat' dir='ltr'>Nico·</span> 
     </span>
    </p>
   </div>
   <div class='ocr_carea' id='block_1_4' title="bbox 0 0 1416 4644">
    <p class='ocr_par' dir='ltr' id='par_1_6' title="bbox 0 0 1416 4644">
     <span class='ocr_line' id='line_1_38' title="bbox 0 0 1416 4644; baseline 0 0"><span class='ocrx_word' id='word_1_300' title='bbox 0 0 1416 4644; x_wconf 95' lang='lat' dir='ltr'> </span> 
     </span>
    </p>
   </div>
  </div>
 </body>
</html>
