2800 4646
561 295 615 350 185
956 293 1012 342 Lib.
1031 293 1079 341 IX.

50 487 181 531 nostram
204 487 320 532 atatem
347 474 454 532 editum
477 484 534 533 est:
562 475 701 533 Decius
733 475 879 550 collega
907 475 1027 546 delun
1049 477 1114 550 (cfr.

50 580 189 648 XXXV,
213 581 262 646 2⁴,
289 585 322 638 5:
345 581 493 639 additur
510 582 551 640 ,ei
573 582 614 639 de
635 579 741 657 plebe
762 578 907 654 collega
928 582 977 639 M:
999 581 1115 640 Acili-

51 705 89 742 us
110 685 300 758 Glabrio).
353 685 412 746 Sed
442 687 492 744 vix
521 687 588 744 hinc
610 697 711 744 natum
741 685 855 742 Decio
885 697 969 744 esset
1012 689 1116 764 Itaque

51 793 184 868 suspicor
207 793 323 850 Livium
344 793 386 850 sic
407 793 570 870 scripsisse:
591 791 709 849 Fabio
736 823 770 832 ·-
795 792 1010 850 consulatus
1036 813 1115 852 con-

51 899 233 968 tinuatur,
257 899 371 956 Decio
393 899 539 974 collega
567 899 637 967 (hoc
659 907 711 967 est,
733 897 774 954 ita
799 907 830 953 ut
852 897 975 956 Decium
997 901 1118 960 haberet

50 1005 218 1081 collegam).
261 1005 307 1062 Ea
337 1005 479 1062 brevitate
503 1004 643 1062 orationis
673 1022 732 1060 non
764 1003 968 1062 animadversa
989 1005 1116 1084 interpo-

50 1111 142 1180 lator,
171 1130 261 1186 quum
290 1110 437 1186 collega
468 1110 677 1168 nominativum
709 1127 809 1166 casum
837 1119 969 1183 putaret,
1008 1111 1118 1168 addidit

46 1217 170 1274 datur.
256 1216 368 1274 Eodem
392 1217 487 1292 capite
508 1213 523 1294 ξ
547 1219 575 1287 8,
597 1216 646 1273 ubi
668 1219 776 1275 editur:
798 1217 1039 1294 Tranquillas
1060 1235 1118 1274 res

50 1323 121 1380 iarn
154 1322 321 1380 Etruscis
352 1323 523 1380 turbavit
554 1325 748 1398 repentine
775 1323 939 1382 deiectio
968 1325 1117 1384 Umbro·

51 1448 144 1498 rum,
167 1427 283 1486 dativus
304 1427 374 1486 ierri
395 1437 511 1505 posset,
541 1429 566 1487 si
588 1431 688 1488 Livius
718 1433 858 1489 Etruscos
880 1429 1068 1488 seditionibus
1090 1440 1118 1486 et

50 1535 147 1592 turbis
178 1535 311 1592 excitatis
339 1535 390 1593 otii
419 1535 514 1593 fructu
544 1537 675 1611 privatos
705 1547 887 1612 quereretur;
921 1555 996 1592 nunc
1029 1553 1117 1609 quum

50 1651 191 1717 pacatam
215 1661 233 1697 a
253 1641 346 1699 Decio
367 1652 482 1718 gentem
506 1643 544 1700 ad
565 1643 671 1700 bellum
693 1643 834 1702 Romanis
862 1641 1024 1700 faciendum
1047 1657 1118 1697 con·

49 1747 175 1804 citatam
197 1747 346 1822 significet,
369 1769 427 1806 non
452 1749 562 1819 dubito,
593 1749 661 1824 quin
684 1749 843 1823 scripserit:
873 1745 1118 1822 Tranquillas

51 1871 112 1910 ree
144 1853 215 1910 iarn
247 1856 281 1915 la
304 1853 473 1911 Etruscis
507 1855 673 1911 turbavit
705 1853 772 1910 dei.
806 1854 862 1923 U.,
894 1853 1119 1930 praepositioque

50 1969 123 2035 post
138 1978 165 2020 ιι
180 1958 327 2026 exciderit,
347 1967 379 2014 ut
394 1959 484 2026 XXI,
507 1963 555 2033 4³,
575 1963 610 2018 18
627 1962 832 2035 (procedam
849 1959 974 2032 aciem)
995 1957 1119 2027 XXIII,

52 2069 105 2132 29,
131 2068 147 2120 7
174 2066 226 2134 (eo
247 2065 354 2140 proin
378 2083 417 2122 eo
439 2076 506 2141 post
527 2065 708 2142 patriam),
731 2067 852 2138 XXVI,
870 2069 919 2136 22,
935 2069 952 2122 9
967 2065 1014 2135 (in
1029 2065 1119 2137 Pus),

51 2171 197 2238 XXVII,
216 2175 244 2238 5,
259 2177 275 2229 3
292 2182 320 2228 et
345 2176 392 2241 15,
419 2174 436 2228 3
457 2171 498 2244 (in
521 2172 647 2244 eodem),
668 2173 824 2244 XXXIII,
847 2177 895 2243 31,
919 2179 935 2230 4
964 2172 1119 2246 (legato-

51 2297 135 2334 rum
165 2277 341 2336 civitatas
371 2297 425 2354 pro
452 2276 518 2352 leg.
548 2277 583 2334 in
614 2277 820 2353 civitates),
850 2277 1003 2346 XXXIV,
1032 2279 1075 2346 13,
1102 2279 1117 2332 7

53 2389 177 2458 (quum
202 2383 387 2458 IIispania
408 2403 461 2458 pro
486 2402 590 2458 quum
613 2385 648 2441 in
670 2383 793 2458 Hisp.).
844 2383 917 2454 cfr,
940 2401 1003 2458 quoe
1025 2383 1120 2439 dicam

53 2490 95 2546 ad
118 2489 240 2558 XXIV,
264 2493 291 2558 ἵ,
314 2493 342 2551 4.

145 2593 217 2669 Cap.
242 2600 289 2664 44,
314 2599 330 2651 4
362 2595 411 2663 (de
434 2595 539 2651 biennii
561 2594 727 2652 consulibus
750 2615 769 2652 a
785 2595 825 2652 ·L.
848 2595 958 2653 Pisone
981 2591 1121 2662 omissis):

56 2701 282 2760 Memoriana
303 2700 443 2775 fugerit
466 2701 501 2757 in
525 2700 719 2758 annalibus
741 2700 953 2776 digerendis
976 2717 1018 2755 an
1041 2715 1121 2754 con·

55 2809 159 2865 sulto
182 2808 287 2865 binos
312 2807 479 2864 consules
497 2837 533 2847 ·—
554 2807 838 2874 transcenderit,
859 2807 1040 2864 incertum
1060 2813 1121 2860 est.

57 2915 165 2988 Neque
194 2913 366 2970 memoria
396 2915 525 2987 lugere
554 2912 738 2986 (aliquem)
774 2923 852 2970 recto
882 2913 987 2969 dicitur
1016 2911 1061 2982 (ut
1086 2909 1123 2966 sit

56 3019 237 3084 deiicere)
259 3037 362 3093 neque,
384 3019 462 3092 quod
488 3029 554 3094 post
576 3017 847 3075 Drakenborchium
870 3015 1123 3074 Weissenbornius

59 3125 208 3202 praefert,
230 3125 400 3184 memoria
435 3124 578 3199 aliquid
611 3124 738 3199 fugere
772 3124 813 3198 (in
847 3141 905 3198 que
941 3121 1124 3178 enarratione

59 3241 202 3307 praeterea
231 3229 339 3287 nullum
371 3241 415 3286 est
440 3230 521 3287 verbi
551 3227 736 3305 subiectum).
791 3227 981 3286 Scribentlum
1011 3225 1125 3282 videtur

60 3335 289 3394 Memoriana
310 3335 485 3404 defuerit,
508 3355 543 3392 eo
566 3335 682 3410 quidem
705 3335 808 3409 magis,
831 3335 910 3409 quod
924 3333 954 3390 in
969 3331 1124 3397 codicibus,

61 3463 120 3500 uno
151 3453 178 3498 et
213 3440 306 3498 altaro
328 3440 523 3498 recentissimo
545 3449 683 3516 excepto,
714 3451 758 3497 est
780 3440 1021 3506 memoriane,
1046 3437 1125 3511 quod

60 3551 100 3606 ob
123 3545 285 3605 defuerit
307 3546 446 3623 (nondum
468 3548 562 3623 ipsum
586 3553 768 3622 corruptum)
792 3558 885 3604 ortum
909 3543 1000 3602 videri
1022 3553 1125 3619 potest.

61 3653 184 3728 Alioqui
207 3653 322 3728 placere
343 3663 456 3728 poterat
484 3647 704 3724 deiecerit-¹)

62 3793 179 3802 ..ρ--.ι
189 3793 200 3798 -
212 3791 263 3799 -ι-

78 3877 105 3944 ¹)
131 3879 167 3928 Et
197 3893 218 3926 c.
245 3882 288 3934 44,
324 3881 354 3924 14
385 3877 453 3939 quod
485 3874 619 3926 Creverius
647 3875 809 3928 scribendum
839 3874 902 3922 vidit
928 3873 1126 3936 (Bovianum

135 3972 221 4030 urbs)
251 3981 276 4018 et
295 3983 315 4018 c.
335 3973 381 4028 45,
409 3974 448 4024 la,
473 3971 541 4030 quod
565 3969 792 4020 Weissenborniua
820 3969 994 4031 (verteret,
1014 3973 1128 4028 estpro

132 4064 317 4122 vertisset),
336 4068 471 4124 atrumque
490 4063 580 4126 ignaro
599 4063 661 4112 mihi
680 4063 782 4112 illarum
802 4061 1007 4111 coniecturarum
1019 4059 1045 4108 ln
1058 4073 1128 4110 men·

133 4171 188 4210 tem
208 4165 319 4214 venerat,
339 4157 360 4206 ai
378 4157 440 4219 qnid
459 4157 481 4206 is
499 4169 638 4206 consanam
656 4155 715 4204 fidei
733 4153 828 4202 addere
846 4161 938 4217 potest.
