2800 4646
601 293 660 349 229
982 291 1037 340 Lib.
1052 291 1125 340 XXI.

98 483 271 551 spectare
292 473 404 532 iubet
448 473 517 531 Non
540 475 704 532 enarrando
717 473 1019 551 („fcstexspectere“‚
1032 476 1164 550 Weiss),

99 581 152 637 sed
173 581 345 654 corrigendo
367 579 444 638 efflei
465 579 552 638 debet
573 579 717 655 signum
822 591 1051 655 exspectare.
1095 580 1164 657 sig-

99 705 169 743 num
191 694 404 760 spectetur,
435 703 525 759 quum
555 685 613 740 iem
636 686 817 761 propositum
841 697 884 742 est
908 686 1083 761 (eodemque
1105 687 1163 762 sig-

99 794 218 850 nificem
239 792 351 867 glorie,
378 792 531 867 praemium
553 791 679 866 spectari
706 791 828 864 dieitur,
863 793 931 865 quie
956 809 991 848 ee
1012 791 1164 866 proposito

100 900 139 955 ob
160 896 261 954 oculos
283 898 457 970 versantur),
478 898 606 954 nondum
618 897 800 972 propositum
819 907 930 953 tontum
953 898 1163 972 exspectari

99 1011 283 1079 potestant,
320 1003 452 1059 eienxie
478 1020 591 1076 quaeres
614 1013 658 1073 et,
689 1003 765 1060 unde
788 1011 940 1059 venturum
963 1002 1016 1070 sit,
1038 1003 1164 1076 ignores,

99 1107 343 1182 circumspecturi.
391 1107 440 1164 Do
461 1106 694 1180 frequentissime
716 1107 886 1165 confusione
908 1108 1059 1182 utriusque
1082 1108 1162 1165 verbi

99 1212 172 1269 nihil
193 1231 266 1287 opus
290 1222 334 1269 est
355 1212 420 1270 dici.
506 1211 618 1269 Eodem
642 1213 737 1288 cupite
760 1217 817 1284 (7),
839 1213 889 1270 ubi
911 1213 1008 1287 agitur
1029 1213 1065 1269 de
1090 1231 1163 1288 pug-

98 1335 139 1374 no
159 1318 323 1392 ingentibus
345 1318 489 1392 utrimque
510 1317 614 1374 animis
640 1327 744 1393 coepte
759 1319 810 1374 sed
834 1327 926 1388 nocte,
949 1337 1037 1391 quum
1062 1319 1164 1376 etiam·

99 1435 161 1479 tum
186 1423 296 1480 incerte
318 1423 441 1480 victorie
464 1431 558 1492 esset,
588 1423 746 1498 dirempta,
775 1442 839 1496 quse
861 1442 897 1479 ex
920 1422 1052 1479 codicum
1076 1424 1163 1480 veeti-

99 1527 155 1602 giis
177 1529 219 1594 (P
245 1547 366 1603 pugne
386 1547 473 1585 ruro
505 1529 621 1603 magis
642 1528 835 1584 ulleeeaut
863 1527 1055 1602 utriusque
1076 1547 1164 1602 per-

99 1633 150 1688 tis
171 1633 341 1708 pernicie
362 1633 502 1690 clarior
522 1632 677 1700 fuisset)
706 1634 743 1689 ab
774 1632 838 1688 aliis
868 1631 971 1689 ellecte
993 1643 1073 1704 sunt,
1105 1651 1163 1690 non

98 1739 294 1808 satisfaciunt3
316 1738 471 1811 requiritur
492 1738 567 1794 enim
590 1738 715 1812 aliquid,
746 1738 823 1811 quod
856 1736 926 1792 illis:
949 1747 1011 1795 out
1031 1738 1163 1795 utrius-

98 1863 166 1919 que
191 1846 311 1919 pertis
332 1844 501 1919 pernicie
532 1844 671 1900 clerior
692 1844 866 1900 contrarium
894 1844 945 1912 sit,
968 1844 1104 1918 quoniam
1127 1863 1163 1899 ex

98 1951 262 2026 ingentibus
285 1949 475 2024 pugnantium
499 1949 602 2005 animis
623 1949 775 2023 prsevideri
798 1967 855 2004 non
878 1959 991 2024 potest,
1015 1950 1164 2024 utriusque

97 2057 191 2132 pertis
211 2055 338 2130 pernicie
360 2055 470 2111 clerum
490 2053 632 2129 proelium
652 2053 729 2123 fore;
752 2055 843 2110 ultera
865 2055 939 2109 enim
951 2073 1035 2129 pers,
1051 2055 1163 2112 etiamsi

97 2179 162 2216 cum
189 2160 279 2216 multo
301 2161 457 2235 sanguiue,
489 2171 585 2216 temen
616 2159 721 2216 victrix
748 2159 902 2234 perniciem
931 2159 1023 2216 vilere
1054 2170 1163 2234 potest;

96 2275 239 2340 preterea
261 2265 374 2338 magis
396 2264 478 2321 ulle
501 2281 596 2320 saeva
627 2260 693 2339 (aut
716 2265 741 2320 si
770 2266 847 2339 quod
873 2265 966 2322 simile
989 2265 1163 2322 adiectivum

95 2371 227 2446 ponitur]
250 2370 385 2427 vitiosum
408 2369 496 2426 hebet
519 2370 673 2426 verbonnn
695 2371 825 2427 ordinem
846 2373 925 2445 (prox
949 2369 1027 2426 ulla
1049 2369 1164 2443 magis

95 2475 218 2550 servs).
267 2477 406 2533 Fortasse
429 2475 529 2532 Livius
551 2475 680 2549 scripsit:
705 2495 827 2550 pugne
855 2495 941 2532 roro
965 2475 1079 2550 magis
1102 2475 1164 2531 du-

95 2581 158 2638 bie
181 2590 242 2638 unt
368 2579 508 2636 clarior
529 2577 670 2636 fuisset
727 2582 761 2636 ld
793 2583 859 2637 sciri
882 2593 1011 2656 poterut,
1046 2581 1163 2638 dubiem

95 2701 127 2745 et
149 2687 276 2744 difficilis
297 2684 426 2742 victoriae
447 2702 574 2759 pugnem
597 2685 725 2743 futurem
749 2684 838 2740 fuisse
863 2697 912 2740 ortt
940 2686 1027 2743 etiem
1050 2686 1165 2760 utrique

96 2793 174 2868 parti
198 2791 400 2867 perniciosam.

184 2895 258 2972 Cep.
284 2898 340 2966 62,
363 2901 398 2968 4,
431 2898 480 2954 ubi
513 2915 661 2954 corvum
684 2897 718 2952 in
742 2897 853 2952 eedem
878 2895 1030 2952 lunonis
1052 2895 1166 2951 devo-

98 3005 201 3060 lasse
223 3013 332 3077 atque
358 3002 395 3058 in
423 3001 504 3076 ipso
527 3002 741 3077 pulvinario
766 3003 982 3058 consedisse
1004 3001 1165 3057 nuntiatum

97 3117 245 3176 canatur,
266 3125 324 3164 non
346 3107 457 3178 dubito,
479 3107 547 3182 quin
571 3107 742 3174 inauditum,
764 3107 788 3162 si
810 3106 907 3162 Plauti
930 3105 1024 3162 locunt
1047 3105 1166 3162 dubium

99 3213 249 3288 excipies,
286 3213 385 3269 usitati
418 3213 553 3270 vocabuli
577 3223 604 3269 ct
627 3231 645 3269 s
668 3213 752 3268 Livio
785 3231 860 3286 saepe
893 3211 979 3286 positi
1008 3189 1166 3268 oblativum

98 3319 234 3394 genuerit
257 3337 276 3377 ο
297 3318 393 3376 littere
426 3329 454 3376 et
486 3318 619 3375 secundm
640 3317 839 3375 declinationis
860 3315 980 3373 ablativi
1014 3317 1109 3374 forme
1131 3336 1167 3373 ex

98 3425 183 3498 ipso
206 3423 347 3480 inhoerens
369 3424 479 3481 librarii
502 3424 599 3480 animo
614 3422 856 3495 scribendumque
868 3422 918 3477 sit:
935 3422 968 3478 in
992 3423 1071 3496 ipso
1093 3422 1168 3497 pul-

100 3527 233 3584 vinari.
283 3527 340 3586 Sed
357 3528 507 3586 molestior
522 3539 655 3604 superest
669 3527 697 3584 in
713 3529 768 3584 hoc
785 3527 878 3600 cupite
895 3527 1046 3584 dubitatio.
1090 3527 1168 3584 Nam

98 3633 179 3690 infra
201 3638 228 3702 (5
252 3635 305 3707 9),
327 3634 377 3691 ubi
399 3645 657 3700 commemoratur,
694 3652 759 3707 quer
788 3632 988 3706 prodigiorum
1010 3651 1169 3706 procuren-

100 3741 207 3796 dorum
227 3759 316 3796 cause
350 3739 467 3796 decretu
501 3739 637 3813 fonteque
670 3740 742 3802 sint,
779 3739 839 3794 haec
868 3737 1016 3810 leguntur:
1050 3739 1169 3795 Romae

100 3817 546 3919 quoque'leetisternium
581 3845 770 3902 Iuventati
803 3853 835 3898 ot
868 3841 1094 3917 supplicatio
1127 3843 1170 3898 ed

99 3950 217 4007 eedem
238 3949 412 4007 Herculis
434 3949 813 4018 nominatim,deinde
836 3949 1008 4004 universo
1033 3947 1170 4023 populo

99 4057 206 4112 circe
240 4055 361 4111 omnis
392 4054 613 4130 pulvinaria
642 4055 791 4112 indicte.
858 4055 955 4112 llnum
988 4055 1043 4110 hoc
1077 4062 1173 4110 exstet
