<?xml version="1.0" encoding="UTF-8"?>
<!DOCTYPE html PUBLIC "-//W3C//DTD XHTML 1.0 Transitional//EN"
    "http://www.w3.org/TR/xhtml1/DTD/xhtml1-transitional.dtd">
<html xmlns="http://www.w3.org/1999/xhtml" xml:lang="en" lang="en">
 <head>
  <title>
</title>
<meta http-equiv="Content-Type" content="text/html;charset=utf-8" />
  <meta name='ocr-system' content='tesseract 3.04.00' />
  <meta name='ocr-capabilities' content='ocr_page ocr_carea ocr_par ocr_line ocrx_word'/>
</head>
<body>
  <div class='ocr_page' id='page_1' title='image "./emendationesliv02madvgoog_0200.png"; bbox 0 0 2800 4646; ppageno 0'>
   <div class='ocr_carea' id='block_1_1' title="bbox 563 235 1087 293">
    <p class='ocr_par' dir='ltr' id='par_1_1' title="bbox 563 235 1087 293">
     <span class='ocr_line' id='line_1_1' title="bbox 563 235 1087 293; baseline 0.002 -10"><span class='ocrx_word' id='word_1_1' title='bbox 563 237 615 293; x_wconf 79' lang='grc'><strong>191</strong></span> <span class='ocrx_word' id='word_1_2' title='bbox 977 236 1036 284; x_wconf 88' lang='lat' dir='ltr'>Lib.</span> <span class='ocrx_word' id='word_1_3' title='bbox 1053 235 1087 284; x_wconf 85' lang='lat' dir='ltr'><strong>X.</strong></span> 
     </span>
    </p>
   </div>
   <div class='ocr_carea' id='block_1_2' title="bbox 45 418 1122 919">
    <p class='ocr_par' dir='ltr' id='par_1_2' title="bbox 45 418 1122 919">
     <span class='ocr_line' id='line_1_2' title="bbox 45 418 1122 496; baseline 0.002 -20"><span class='ocrx_word' id='word_1_4' title='bbox 45 419 173 494; x_wconf 71' lang='lat' dir='ltr'><strong>puatio</strong></span> <span class='ocrx_word' id='word_1_5' title='bbox 211 420 286 477; x_wconf 90' lang='lat' dir='ltr'><strong>enim</strong></span> <span class='ocrx_word' id='word_1_6' title='bbox 322 438 386 476; x_wconf 91' lang='lat' dir='ltr'><strong>oum</strong></span> <span class='ocrx_word' id='word_1_7' title='bbox 416 418 566 494; x_wconf 82' lang='lat' dir='ltr'><strong>superiore</strong></span> <span class='ocrx_word' id='word_1_8' title='bbox 604 419 681 477; x_wconf 84' lang='lat' dir='ltr'><strong>bello</strong></span> <span class='ocrx_word' id='word_1_9' title='bbox 710 419 755 496; x_wconf 79' lang='lat' dir='ltr'><strong>(ut</strong></span> <span class='ocrx_word' id='word_1_10' title='bbox 782 419 820 476; x_wconf 89' lang='lat' dir='ltr'><strong>sit</strong></span> <span class='ocrx_word' id='word_1_11' title='bbox 846 419 1122 494; x_wconf 74' lang='lat' dir='ltr'>haudquaquam</span> 
     </span>
     <span class='ocr_line' id='line_1_3' title="bbox 46 524 1121 600; baseline 0.001 -19"><span class='ocrx_word' id='word_1_12' title='bbox 46 525 188 594; x_wconf 79' lang='lat' dir='ltr'><strong>simile,</strong></span> <span class='ocrx_word' id='word_1_13' title='bbox 207 525 236 582; x_wconf 89' lang='lat' dir='ltr'><strong>h.</strong></span> <span class='ocrx_word' id='word_1_14' title='bbox 257 544 357 600; x_wconf 72' lang='lat' dir='ltr'><strong>eque</strong></span> <span class='ocrx_word' id='word_1_15' title='bbox 378 524 469 596; x_wconf 83' lang='lat' dir='ltr'><strong>leve)</strong></span> <span class='ocrx_word' id='word_1_16' title='bbox 481 543 575 598; x_wconf 89' lang='lat' dir='ltr'><strong>neque</strong></span> <span class='ocrx_word' id='word_1_17' title='bbox 590 524 650 581; x_wconf 82' lang='lat' dir='ltr'><strong>uilo</strong></span> <span class='ocrx_word' id='word_1_18' title='bbox 663 525 947 600; x_wconf 84' lang='lat' dir='ltr'><strong>significaturneque</strong></span> <span class='ocrx_word' id='word_1_19' title='bbox 958 525 1121 582; x_wconf 85' lang='lat' dir='ltr'><strong>itehaud-</strong></span> 
     </span>
     <span class='ocr_line' id='line_1_4' title="bbox 48 630 1122 707; baseline 0 -20"><span class='ocrx_word' id='word_1_20' title='bbox 48 649 239 705; x_wconf 80' lang='lat' dir='ltr'><strong>quaquam</strong></span> <span class='ocrx_word' id='word_1_21' title='bbox 260 651 327 707; x_wconf 88' lang='lat' dir='ltr'><strong>par</strong></span> <span class='ocrx_word' id='word_1_22' title='bbox 348 630 405 687; x_wconf 79' lang='lat' dir='ltr'><strong>diei</strong></span> <span class='ocrx_word' id='word_1_23' title='bbox 426 637 535 706; x_wconf 83' lang='lat' dir='ltr'><strong>poteat3</strong></span> <span class='ocrx_word' id='word_1_24' title='bbox 565 630 644 704; x_wconf 91' lang='lat' dir='ltr'><strong>quod</strong></span> <span class='ocrx_word' id='word_1_25' title='bbox 668 639 765 688; x_wconf 87' lang='lat' dir='ltr'><strong>autem</strong></span> <span class='ocrx_word' id='word_1_26' title='bbox 788 630 991 690; x_wconf 85' lang='lat' dir='ltr'><strong>Alschefskius</strong></span> <span class='ocrx_word' id='word_1_27' title='bbox 1012 631 1042 687; x_wconf 92' lang='lat' dir='ltr'><strong>id</strong></span> <span class='ocrx_word' id='word_1_28' title='bbox 1062 631 1122 706; x_wconf 83' lang='lat' dir='ltr'><strong>sig·</strong></span> 
     </span>
     <span class='ocr_line' id='line_1_5' title="bbox 48 735 1121 810; baseline 0.002 -18"><span class='ocrx_word' id='word_1_29' title='bbox 48 737 168 794; x_wconf 85' lang='lat' dir='ltr'><strong>nificari</strong></span> <span class='ocrx_word' id='word_1_30' title='bbox 190 737 262 806; x_wconf 84' lang='lat' dir='ltr'><strong>vult,</strong></span> <span class='ocrx_word' id='word_1_31' title='bbox 284 737 331 794; x_wconf 89' lang='lat' dir='ltr'><strong>oui</strong></span> <span class='ocrx_word' id='word_1_32' title='bbox 352 735 580 810; x_wconf 80' lang='lat' dir='ltr'><strong>haudquaquam</strong></span> <span class='ocrx_word' id='word_1_33' title='bbox 601 752 688 810; x_wconf 85' lang='lat' dir='ltr'><strong>pares</strong></span> <span class='ocrx_word' id='word_1_34' title='bbox 709 736 836 794; x_wconf 87' lang='lat' dir='ltr'><strong>Romani</strong></span> <span class='ocrx_word' id='word_1_35' title='bbox 857 736 947 795; x_wconf 88' lang='lat' dir='ltr'><strong>futuri</strong></span> <span class='ocrx_word' id='word_1_36' title='bbox 968 737 1042 810; x_wconf 82' lang='lat' dir='ltr'><strong>sint,</strong></span> <span class='ocrx_word' id='word_1_37' title='bbox 1063 757 1121 795; x_wconf 92' lang='lat' dir='ltr'><strong>non</strong></span> 
     </span>
     <span class='ocr_line' id='line_1_6' title="bbox 48 840 1121 919; baseline 0.004 -22"><span class='ocrx_word' id='word_1_38' title='bbox 48 843 98 898; x_wconf 84' lang='lat' dir='ltr'><strong>ita</strong></span> <span class='ocrx_word' id='word_1_39' title='bbox 119 841 176 898; x_wconf 82' lang='lat' dir='ltr'><strong>sibi</strong></span> <span class='ocrx_word' id='word_1_40' title='bbox 197 840 369 900; x_wconf 84' lang='lat' dir='ltr'><strong>diffidebant</strong></span> <span class='ocrx_word' id='word_1_41' title='bbox 388 861 442 898; x_wconf 89' lang='lat' dir='ltr'><strong>nee</strong></span> <span class='ocrx_word' id='word_1_42' title='bbox 462 841 507 898; x_wconf 87' lang='lat' dir='ltr'><strong>ita</strong></span> <span class='ocrx_word' id='word_1_43' title='bbox 528 840 732 915; x_wconf 72' lang='lat' dir='ltr'><strong>desperabant</strong></span> <span class='ocrx_word' id='word_1_44' title='bbox 752 851 827 900; x_wconf 84' lang='lat' dir='ltr'><strong>utae</strong></span> <span class='ocrx_word' id='word_1_45' title='bbox 842 863 1027 919; x_wconf 88' lang='lat' dir='ltr'><strong>nequaquam</strong></span> <span class='ocrx_word' id='word_1_46' title='bbox 1045 844 1121 902; x_wconf 91' lang='lat' dir='ltr'><strong>bello</strong></span> 
     </span>
    </p>
   </div>
   <div class='ocr_carea' id='block_1_3' title="bbox 46 945 1120 1349">
    <p class='ocr_par' dir='ltr' id='par_1_3' title="bbox 46 945 1120 1349">
     <span class='ocr_line' id='line_1_7' title="bbox 47 945 1120 1028; baseline 0.004 -24"><span class='ocrx_word' id='word_1_47' title='bbox 47 966 142 1023; x_wconf 77' lang='lat' dir='ltr'><strong>peres</strong></span> <span class='ocrx_word' id='word_1_48' title='bbox 165 947 403 1017; x_wconf 72' lang='lat' dir='ltr'><strong>forem-ederent3</strong></span> <span class='ocrx_word' id='word_1_49' title='bbox 425 966 478 1004; x_wconf 90' lang='lat' dir='ltr'><strong>nce</strong></span> <span class='ocrx_word' id='word_1_50' title='bbox 499 945 651 1022; x_wconf 84' lang='lat' dir='ltr'><strong>defungi</strong></span> <span class='ocrx_word' id='word_1_51' title='bbox 669 950 867 1006; x_wconf 87' lang='lat' dir='ltr'><strong>certamine</strong></span> <span class='ocrx_word' id='word_1_52' title='bbox 888 950 1019 1024; x_wconf 88' lang='lat' dir='ltr'><strong>impari</strong></span> <span class='ocrx_word' id='word_1_53' title='bbox 1032 970 1120 1028; x_wconf 89' lang='lat' dir='ltr'><strong>prop·</strong></span> 
     </span>
     <span class='ocr_line' id='line_1_8' title="bbox 46 1053 1120 1130; baseline 0.004 -20"><span class='ocrx_word' id='word_1_54' title='bbox 46 1065 101 1110; x_wconf 85' lang='lat' dir='ltr'><strong>ter</strong></span> <span class='ocrx_word' id='word_1_55' title='bbox 120 1055 217 1130; x_wconf 89' lang='lat' dir='ltr'><strong>ipsam</strong></span> <span class='ocrx_word' id='word_1_56' title='bbox 241 1055 324 1112; x_wconf 85' lang='lat' dir='ltr'><strong>verbi</strong></span> <span class='ocrx_word' id='word_1_57' title='bbox 344 1063 495 1124; x_wconf 81' lang='lat' dir='ltr'><strong>naturam,</strong></span> <span class='ocrx_word' id='word_1_58' title='bbox 521 1053 603 1128; x_wconf 88' lang='lat' dir='ltr'><strong>quod</strong></span> <span class='ocrx_word' id='word_1_59' title='bbox 631 1055 667 1111; x_wconf 89' lang='lat' dir='ltr'><strong>de</strong></span> <span class='ocrx_word' id='word_1_60' title='bbox 690 1055 767 1112; x_wconf 92' lang='lat' dir='ltr'><strong>malo</strong></span> <span class='ocrx_word' id='word_1_61' title='bbox 789 1055 1013 1113; x_wconf 82' lang='lat' dir='ltr'><strong>incommodove</strong></span> <span class='ocrx_word' id='word_1_62' title='bbox 1033 1057 1120 1115; x_wconf 88' lang='lat' dir='ltr'><strong>sube-</strong></span> 
     </span>
     <span class='ocr_line' id='line_1_9' title="bbox 48 1159 1120 1237; baseline 0.005 -21"><span class='ocrx_word' id='word_1_63' title='bbox 48 1160 134 1217; x_wconf 92' lang='lat' dir='ltr'><strong>undo</strong></span> <span class='ocrx_word' id='word_1_64' title='bbox 157 1170 188 1216; x_wconf 89' lang='lat' dir='ltr'><strong>et</strong></span> <span class='ocrx_word' id='word_1_65' title='bbox 207 1161 373 1237; x_wconf 83' lang='lat' dir='ltr'><strong>superando</strong></span> <span class='ocrx_word' id='word_1_66' title='bbox 394 1159 520 1234; x_wconf 70' lang='lat' dir='ltr'><strong>ponitur,</strong></span> <span class='ocrx_word' id='word_1_67' title='bbox 543 1160 599 1216; x_wconf 90' lang='lat' dir='ltr'><strong>dici</strong></span> <span class='ocrx_word' id='word_1_68' title='bbox 621 1171 726 1235; x_wconf 78' lang='lat' dir='ltr'><strong>potest,</strong></span> <span class='ocrx_word' id='word_1_69' title='bbox 746 1160 797 1235; x_wconf 91' lang='lat' dir='ltr'><strong>qui</strong></span> <span class='ocrx_word' id='word_1_70' title='bbox 818 1160 881 1235; x_wconf 86' lang='lat' dir='ltr'><strong>ipso</strong></span> <span class='ocrx_word' id='word_1_71' title='bbox 896 1163 1045 1220; x_wconf 75' lang='lat' dir='ltr'><strong>certamini</strong></span> <span class='ocrx_word' id='word_1_72' title='bbox 1066 1163 1120 1222; x_wconf 91' lang='lat' dir='ltr'><strong>im·</strong></span> 
     </span>
     <span class='ocr_line' id='line_1_10' title="bbox 47 1261 1120 1349; baseline 0.004 -27"><span class='ocrx_word' id='word_1_73' title='bbox 47 1285 110 1341; x_wconf 87' lang='lat' dir='ltr'><strong>par</strong></span> <span class='ocrx_word' id='word_1_74' title='bbox 131 1261 224 1338; x_wconf 83' lang='lat' dir='ltr'><strong>est¹);</strong></span> <span class='ocrx_word' id='word_1_75' title='bbox 246 1265 420 1322; x_wconf 87' lang='lat' dir='ltr'><strong>adiectivum</strong></span> <span class='ocrx_word' id='word_1_76' title='bbox 441 1267 607 1349; x_wconf 81' lang='lat' dir='ltr'><strong>necessario</strong></span> <span class='ocrx_word' id='word_1_77' title='bbox 630 1267 668 1324; x_wconf 83' lang='lat' dir='ltr'><strong>ad</strong></span> <span class='ocrx_word' id='word_1_78' title='bbox 690 1267 875 1324; x_wconf 83' lang='lat' dir='ltr'><strong>adversarios</strong></span> <span class='ocrx_word' id='word_1_79' title='bbox 896 1277 1018 1342; x_wconf 88' lang='lat' dir='ltr'><strong>spectat.</strong></span> <span class='ocrx_word' id='word_1_80' title='bbox 1058 1269 1120 1326; x_wconf 90' lang='lat' dir='ltr'><strong>Ita·</strong></span> 
     </span>
    </p>
   </div>
   <div class='ocr_carea' id='block_1_4' title="bbox 47 1370 1189 3670">
    <p class='ocr_par' dir='ltr' id='par_1_4' title="bbox 47 1370 1120 1958">
     <span class='ocr_line' id='line_1_11' title="bbox 48 1370 1119 1447; baseline 0.003 -19"><span class='ocrx_word' id='word_1_81' title='bbox 48 1391 113 1446; x_wconf 88' lang='lat' dir='ltr'><strong>que</strong></span> <span class='ocrx_word' id='word_1_82' title='bbox 135 1370 302 1429; x_wconf 84' lang='lat' dir='ltr'><strong>necessario</strong></span> <span class='ocrx_word' id='word_1_83' title='bbox 326 1372 509 1429; x_wconf 87' lang='lat' dir='ltr'><strong>scribendum</strong></span> <span class='ocrx_word' id='word_1_84' title='bbox 533 1373 661 1430; x_wconf 87' lang='lat' dir='ltr'><strong>videtur:</strong></span> <span class='ocrx_word' id='word_1_85' title='bbox 689 1383 722 1430; x_wconf 89' lang='lat' dir='ltr'><strong>et</strong></span> <span class='ocrx_word' id='word_1_86' title='bbox 749 1373 1031 1447; x_wconf 77' lang='lat' dir='ltr'><strong>haudquaquam</strong></span> <span class='ocrx_word' id='word_1_87' title='bbox 1053 1375 1119 1432; x_wconf 87' lang='lat' dir='ltr'><strong>im·</strong></span> 
     </span>
     <span class='ocr_line' id='line_1_12' title="bbox 48 1476 1119 1554; baseline 0.004 -22"><span class='ocrx_word' id='word_1_88' title='bbox 48 1479 136 1552; x_wconf 84' lang='lat' dir='ltr'><strong>pari</strong></span> <span class='ocrx_word' id='word_1_89' title='bbox 159 1476 425 1551; x_wconf 84' lang='lat' dir='ltr'><strong>defungendum</strong></span> <span class='ocrx_word' id='word_1_90' title='bbox 450 1495 530 1534; x_wconf 84' lang='lat' dir='ltr'><strong>esse</strong></span> <span class='ocrx_word' id='word_1_91' title='bbox 552 1479 772 1549; x_wconf 76' lang='lat' dir='ltr'><strong>certamine,</strong></span> <span class='ocrx_word' id='word_1_92' title='bbox 806 1489 839 1536; x_wconf 90' lang='lat' dir='ltr'><strong>ut</strong></span> <span class='ocrx_word' id='word_1_93' title='bbox 859 1480 903 1536; x_wconf 92' lang='lat' dir='ltr'><strong>im</strong></span> <span class='ocrx_word' id='word_1_94' title='bbox 926 1479 985 1552; x_wconf 83' lang='lat' dir='ltr'><strong>(in)</strong></span> <span class='ocrx_word' id='word_1_95' title='bbox 1005 1489 1072 1554; x_wconf 85' lang='lat' dir='ltr'><strong>post</strong></span> <span class='ocrx_word' id='word_1_96' title='bbox 1093 1501 1119 1544; x_wconf 71' lang='lat' dir='ltr'><strong>m</strong></span> 
     </span>
     <span class='ocr_line' id='line_1_13' title="bbox 48 1582 1119 1656; baseline 0.004 -17"><span class='ocrx_word' id='word_1_97' title='bbox 48 1583 196 1640; x_wconf 83' lang='lat' dir='ltr'><strong>exciderit</strong></span> <span class='ocrx_word' id='word_1_98' title='bbox 225 1584 274 1655; x_wconf 89' lang='lat' dir='ltr'><strong>(de</strong></span> <span class='ocrx_word' id='word_1_99' title='bbox 304 1601 363 1656; x_wconf 94' lang='lat' dir='ltr'><strong>quo</strong></span> <span class='ocrx_word' id='word_1_100' title='bbox 395 1583 500 1640; x_wconf 87' lang='lat' dir='ltr'><strong>mendo</strong></span> <span class='ocrx_word' id='word_1_101' title='bbox 519 1582 558 1638; x_wconf 87' lang='lat' dir='ltr'><strong>ad</strong></span> <span class='ocrx_word' id='word_1_102' title='bbox 579 1583 646 1653; x_wconf 88' lang='lat' dir='ltr'><strong>IX,</strong></span> <span class='ocrx_word' id='word_1_103' title='bbox 682 1589 741 1654; x_wconf 77' lang='lat' dir='ltr'><strong>rt,</strong></span> <span class='ocrx_word' id='word_1_104' title='bbox 765 1587 781 1642; x_wconf 85' lang='lat'>8</span> <span class='ocrx_word' id='word_1_105' title='bbox 804 1585 889 1655; x_wconf 77' lang='lat' dir='ltr'><strong>dixit.</strong></span> <span class='ocrx_word' id='word_1_106' title='bbox 946 1586 1039 1642; x_wconf 85' lang='lat' dir='ltr'><strong>Pares</strong></span> <span class='ocrx_word' id='word_1_107' title='bbox 1060 1586 1119 1644; x_wconf 88' lang='lat' dir='ltr'><strong>iam</strong></span> 
     </span>
     <span class='ocr_line' id='line_1_14' title="bbox 48 1688 1119 1766; baseline 0.004 -20"><span class='ocrx_word' id='word_1_108' title='bbox 48 1707 178 1764; x_wconf 86' lang='lat' dir='ltr'><strong>prorsus</strong></span> <span class='ocrx_word' id='word_1_109' title='bbox 213 1688 270 1746; x_wconf 84' lang='lat' dir='ltr'><strong>sibi</strong></span> <span class='ocrx_word' id='word_1_110' title='bbox 310 1689 495 1745; x_wconf 81' lang='lat' dir='ltr'><strong>adversarios</strong></span> <span class='ocrx_word' id='word_1_111' title='bbox 528 1689 669 1746; x_wconf 84' lang='lat' dir='ltr'><strong>Etruscos</strong></span> <span class='ocrx_word' id='word_1_112' title='bbox 703 1691 907 1766; x_wconf 75' lang='lat' dir='ltr'><strong>Samnitesque</strong></span> <span class='ocrx_word' id='word_1_113' title='bbox 940 1692 1119 1765; x_wconf 81' lang='lat' dir='ltr'><strong>coniunctos,</strong></span> 
     </span>
     <span class='ocr_line' id='line_1_15' title="bbox 48 1793 1120 1873; baseline 0.007 -22"><span class='ocrx_word' id='word_1_114' title='bbox 48 1793 154 1851; x_wconf 84' lang='lat' dir='ltr'><strong>Gallis</strong></span> <span class='ocrx_word' id='word_1_115' title='bbox 168 1794 296 1864; x_wconf 75' lang='lat' dir='ltr'><strong>adscitis,</strong></span> <span class='ocrx_word' id='word_1_116' title='bbox 316 1793 381 1852; x_wconf 89' lang='lat' dir='ltr'><strong>fore</strong></span> <span class='ocrx_word' id='word_1_117' title='bbox 396 1795 617 1870; x_wconf 87' lang='lat' dir='ltr'><strong>augurabantur</strong></span> <span class='ocrx_word' id='word_1_118' title='bbox 628 1796 763 1866; x_wconf 87' lang='lat' dir='ltr'><strong>Romani,</strong></span> <span class='ocrx_word' id='word_1_119' title='bbox 787 1807 820 1853; x_wconf 92' lang='lat' dir='ltr'><strong>nt</strong></span> <span class='ocrx_word' id='word_1_120' title='bbox 840 1797 919 1854; x_wconf 91' lang='lat' dir='ltr'><strong>omni</strong></span> <span class='ocrx_word' id='word_1_121' title='bbox 941 1817 997 1873; x_wconf 90' lang='lat' dir='ltr'><strong>opo</strong></span> <span class='ocrx_word' id='word_1_122' title='bbox 1018 1809 1120 1858; x_wconf 85' lang='lat' dir='ltr'><strong>contre</strong></span> 
     </span>
     <span class='ocr_line' id='line_1_16' title="bbox 47 1899 326 1958; baseline 0.007 -2"><span class='ocrx_word' id='word_1_123' title='bbox 47 1899 222 1956; x_wconf 71' lang='lat' dir='ltr'><strong>enitendum</strong></span> <span class='ocrx_word' id='word_1_124' title='bbox 240 1911 326 1958; x_wconf 85' lang='lat' dir='ltr'><strong>esset.</strong></span> 
     </span>
    </p>

    <p class='ocr_par' dir='ltr' id='par_1_5' title="bbox 47 2003 1189 3670">
     <span class='ocr_line' id='line_1_17' title="bbox 138 2003 1120 2084; baseline 0.007 -22"><span class='ocrx_word' id='word_1_125' title='bbox 138 2003 213 2082; x_wconf 86' lang='lat' dir='ltr'><strong>Cap.</strong></span> <span class='ocrx_word' id='word_1_126' title='bbox 240 2012 291 2077; x_wconf 73' lang='lat'><strong>14,</strong></span> <span class='ocrx_word' id='word_1_127' title='bbox 315 2009 349 2064; x_wconf 83' lang='grc'><strong>13</strong></span> <span class='ocrx_word' id='word_1_128' title='bbox 378 2005 428 2079; x_wconf 80' lang='lat' dir='ltr'><strong>(Q.</strong></span> <span class='ocrx_word' id='word_1_129' title='bbox 450 2005 561 2062; x_wconf 85' lang='lat' dir='ltr'><strong>Fabius</strong></span> <span class='ocrx_word' id='word_1_130' title='bbox 583 2005 733 2062; x_wconf 87' lang='lat' dir='ltr'><strong>Maximus</strong></span> <span class='ocrx_word' id='word_1_131' title='bbox 762 2008 863 2064; x_wconf 87' lang='lat' dir='ltr'><strong>consul</strong></span> <span class='ocrx_word' id='word_1_132' title='bbox 892 2009 922 2065; x_wconf 92' lang='lat' dir='ltr'><strong>in</strong></span> <span class='ocrx_word' id='word_1_133' title='bbox 943 2010 1054 2084; x_wconf 87' lang='lat' dir='ltr'><strong>proelio</strong></span> <span class='ocrx_word' id='word_1_134' title='bbox 1082 2011 1120 2069; x_wconf 90' lang='lat' dir='ltr'><strong>ad</strong></span> 
     </span>
     <span class='ocr_line' id='line_1_18' title="bbox 48 2106 1117 2175; baseline 0.007 -7"><span class='ocrx_word' id='word_1_135' title='bbox 48 2109 209 2168; x_wconf 80' lang='lat' dir='ltr'><strong>Tifernum</strong></span> <span class='ocrx_word' id='word_1_136' title='bbox 231 2113 273 2172; x_wconf 90' lang='lat' dir='ltr'><strong>M.</strong></span> <span class='ocrx_word' id='word_1_137' title='bbox 296 2111 432 2169; x_wconf 84' lang='lat' dir='ltr'><strong>Fulvium</strong></span> <span class='ocrx_word' id='word_1_138' title='bbox 455 2121 484 2168; x_wconf 88' lang='lat' dir='ltr'><strong>et</strong></span> <span class='ocrx_word' id='word_1_139' title='bbox 506 2113 548 2172; x_wconf 90' lang='lat' dir='ltr'><strong>M.</strong></span> <span class='ocrx_word' id='word_1_140' title='bbox 572 2106 724 2171; x_wconf 87' lang='lat' dir='ltr'><strong>Valerium</strong></span> <span class='ocrx_word' id='word_1_141' title='bbox 748 2114 879 2172; x_wconf 82' lang='lat' dir='ltr'><strong>tribunos</strong></span> <span class='ocrx_word' id='word_1_142' title='bbox 901 2115 1022 2174; x_wconf 86' lang='lat' dir='ltr'><strong>militum</strong></span> <span class='ocrx_word' id='word_1_143' title='bbox 1053 2135 1117 2175; x_wconf 89' lang='lat' dir='ltr'><strong>cum</strong></span> 
     </span>
     <span class='ocr_line' id='line_1_19' title="bbox 47 2217 1119 2296; baseline 0.007 -22"><span class='ocrx_word' id='word_1_144' title='bbox 47 2217 201 2292; x_wconf 86' lang='lat' dir='ltr'><strong>equitibus</strong></span> <span class='ocrx_word' id='word_1_145' title='bbox 211 2219 239 2275; x_wconf 89' lang='lat' dir='ltr'><strong>in</strong></span> <span class='ocrx_word' id='word_1_146' title='bbox 252 2217 425 2278; x_wconf 87' lang='lat' dir='ltr'><strong>Samnitium</strong></span> <span class='ocrx_word' id='word_1_147' title='bbox 442 2217 534 2274; x_wconf 90' lang='lat' dir='ltr'><strong>aciem</strong></span> <span class='ocrx_word' id='word_1_148' title='bbox 544 2217 694 2294; x_wconf 89' lang='lat' dir='ltr'><strong>immittit.)</strong></span> <span class='ocrx_word' id='word_1_149' title='bbox 727 2217 894 2277; x_wconf 82' lang='lat' dir='ltr'><strong>Getarum</strong></span> <span class='ocrx_word' id='word_1_150' title='bbox 915 2223 1058 2296; x_wconf 92' lang='lat' dir='ltr'><strong>quando</strong></span> <span class='ocrx_word' id='word_1_151' title='bbox 1077 2243 1119 2282; x_wconf 89' lang='lat' dir='ltr'><strong>ne</strong></span> 
     </span>
     <span class='ocr_line' id='line_1_20' title="bbox 49 2321 1119 2402; baseline 0.005 -22"><span class='ocrx_word' id='word_1_152' title='bbox 49 2343 95 2381; x_wconf 88' lang='lat' dir='ltr'><strong>ea</strong></span> <span class='ocrx_word' id='word_1_153' title='bbox 120 2342 267 2398; x_wconf 89' lang='lat' dir='ltr'><strong>qnoque</strong></span> <span class='ocrx_word' id='word_1_154' title='bbox 287 2331 430 2380; x_wconf 88' lang='lat' dir='ltr'><strong>tentata</strong></span> <span class='ocrx_word' id='word_1_155' title='bbox 452 2323 508 2379; x_wconf 78' lang='lat' dir='ltr'><strong>vis</strong></span> <span class='ocrx_word' id='word_1_156' title='bbox 531 2321 746 2398; x_wconf 78' lang='lat' dir='ltr'><strong>proficeret,</strong></span> <span class='ocrx_word' id='word_1_157' title='bbox 769 2325 927 2383; x_wconf 86' lang='lat' dir='ltr'><strong>oonsilio</strong></span> <span class='ocrx_word' id='word_1_158' title='bbox 949 2345 1119 2402; x_wconf 85' lang='lat' dir='ltr'><strong>grassan-</strong></span> 
     </span>
     <span class='ocr_line' id='line_1_21' title="bbox 47 2428 1119 2508; baseline 0.004 -22"><span class='ocrx_word' id='word_1_159' title='bbox 47 2431 146 2498; x_wconf 79' lang='lat' dir='ltr'><strong>dum,</strong></span> <span class='ocrx_word' id='word_1_160' title='bbox 167 2429 198 2486; x_wconf 89' lang='lat' dir='ltr'><strong>si</strong></span> <span class='ocrx_word' id='word_1_161' title='bbox 219 2428 311 2487; x_wconf 89' lang='lat' dir='ltr'><strong>nihil</strong></span> <span class='ocrx_word' id='word_1_162' title='bbox 332 2428 431 2486; x_wconf 82' lang='lat' dir='ltr'><strong>vires</strong></span> <span class='ocrx_word' id='word_1_163' title='bbox 453 2428 634 2500; x_wconf 79' lang='lat' dir='ltr'><strong>iuvarent,</strong></span> <span class='ocrx_word' id='word_1_164' title='bbox 655 2439 766 2502; x_wconf 81' lang='lat' dir='ltr'><strong>ratus,</strong></span> <span class='ocrx_word' id='word_1_165' title='bbox 791 2431 999 2506; x_wconf 81' lang='lat' dir='ltr'><strong>Scipionem</strong></span> <span class='ocrx_word' id='word_1_166' title='bbox 1022 2433 1119 2508; x_wconf 86' lang='lat' dir='ltr'><strong>lega·</strong></span> 
     </span>
     <span class='ocr_line' id='line_1_22' title="bbox 49 2535 1117 2611; baseline 0 -16"><span class='ocrx_word' id='word_1_167' title='bbox 49 2551 128 2596; x_wconf 84' lang='lat' dir='ltr'><strong>tum</strong></span> <span class='ocrx_word' id='word_1_168' title='bbox 150 2537 323 2592; x_wconf 83' lang='lat' dir='ltr'><strong>hastatos</strong></span> <span class='ocrx_word' id='word_1_169' title='bbox 343 2535 465 2610; x_wconf 83' lang='lat' dir='ltr'><strong>primae</strong></span> <span class='ocrx_word' id='word_1_170' title='bbox 488 2535 652 2611; x_wconf 78' lang='lat' dir='ltr'><strong>legionis</strong></span> <span class='ocrx_word' id='word_1_171' title='bbox 675 2537 901 2593; x_wconf 88' lang='lat' dir='ltr'><strong>subtrahere</strong></span> <span class='ocrx_word' id='word_1_172' title='bbox 924 2555 966 2594; x_wconf 84' lang='lat' dir='ltr'><strong>ex</strong></span> <span class='ocrx_word' id='word_1_173' title='bbox 988 2537 1117 2596; x_wconf 88' lang='lat' dir='ltr'><strong>acie—</strong></span> 
     </span>
     <span class='ocr_line' id='line_1_23' title="bbox 49 2641 1119 2717; baseline 0.001 -17"><span class='ocrx_word' id='word_1_174' title='bbox 49 2644 168 2700; x_wconf 79' lang='lat' dir='ltr'><strong>iubet</strong></span> <span class='ocrx_word' id='word_1_175' title='bbox 215 2641 330 2700; x_wconf 85' lang='lat' dir='ltr'><strong>Livium</strong></span> <span class='ocrx_word' id='word_1_176' title='bbox 360 2661 454 2716; x_wconf 88' lang='lat' dir='ltr'><strong>neque</strong></span> <span class='ocrx_word' id='word_1_177' title='bbox 475 2661 517 2697; x_wconf 90' lang='lat' dir='ltr'><strong>ue</strong></span> <span class='ocrx_word' id='word_1_178' title='bbox 547 2675 584 2685; x_wconf 89' lang='lat'><strong>-</strong></span> <span class='ocrx_word' id='word_1_179' title='bbox 608 2659 752 2716; x_wconf 88' lang='lat' dir='ltr'><strong>qnoque</strong></span> <span class='ocrx_word' id='word_1_180' title='bbox 773 2661 827 2717; x_wconf 87' lang='lat' dir='ltr'><strong>pro</strong></span> <span class='ocrx_word' id='word_1_181' title='bbox 848 2661 891 2700; x_wconf 91' lang='lat' dir='ltr'><strong>ne</strong></span> <span class='ocrx_word' id='word_1_182' title='bbox 911 2673 953 2686; x_wconf 89' lang='lat'><em>—</em></span> <span class='ocrx_word' id='word_1_183' title='bbox 977 2643 1119 2717; x_wconf 91' lang='lat' dir='ltr'><strong>quidem</strong></span> 
     </span>
     <span class='ocr_line' id='line_1_24' title="bbox 49 2745 1119 2824; baseline 0 -20"><span class='ocrx_word' id='word_1_184' title='bbox 49 2749 151 2806; x_wconf 81' lang='lat' dir='ltr'><strong>dicere</strong></span> <span class='ocrx_word' id='word_1_185' title='bbox 171 2749 301 2824; x_wconf 85' lang='lat' dir='ltr'><strong>potuisse</strong></span> <span class='ocrx_word' id='word_1_186' title='bbox 321 2765 414 2822; x_wconf 89' lang='lat' dir='ltr'><strong>neque</strong></span> <span class='ocrx_word' id='word_1_187' title='bbox 437 2749 581 2822; x_wconf 92' lang='lat' dir='ltr'><strong>quando</strong></span> <span class='ocrx_word' id='word_1_188' title='bbox 595 2781 633 2792; x_wconf 90' lang='lat'>-</span> <span class='ocrx_word' id='word_1_189' title='bbox 654 2747 858 2824; x_wconf 75' lang='lat' dir='ltr'><strong>proficeret</strong></span> <span class='ocrx_word' id='word_1_190' title='bbox 878 2747 913 2803; x_wconf 92' lang='lat' dir='ltr'><strong>de</strong></span> <span class='ocrx_word' id='word_1_191' title='bbox 932 2745 1119 2804; x_wconf 81' lang='lat' dir='ltr'><strong>suturieren·</strong></span> 
     </span>
     <span class='ocr_line' id='line_1_25' title="bbox 51 2851 1119 2928; baseline -0.002 -16"><span class='ocrx_word' id='word_1_192' title='bbox 51 2865 100 2912; x_wconf 83' lang='lat' dir='ltr'><strong>tus</strong></span> <span class='ocrx_word' id='word_1_193' title='bbox 122 2854 228 2910; x_wconf 86' lang='lat' dir='ltr'><strong>timore</strong></span> <span class='ocrx_word' id='word_1_194' title='bbox 250 2854 293 2924; x_wconf 87' lang='lat' dir='ltr'><strong>(si</strong></span> <span class='ocrx_word' id='word_1_195' title='bbox 314 2853 475 2910; x_wconf 89' lang='lat' dir='ltr'><strong>fortene</strong></span> <span class='ocrx_word' id='word_1_196' title='bbox 505 2873 546 2912; x_wconf 91' lang='lat' dir='ltr'><strong>ee</strong></span> <span class='ocrx_word' id='word_1_197' title='bbox 569 2853 713 2928; x_wconf 90' lang='lat' dir='ltr'><strong>quidem</strong></span> <span class='ocrx_word' id='word_1_198' title='bbox 750 2852 804 2909; x_wconf 80' lang='lat' dir='ltr'><strong>ris</strong></span> <span class='ocrx_word' id='word_1_199' title='bbox 826 2851 1059 2928; x_wconf 81' lang='lat' dir='ltr'><strong>proficeret),</strong></span> <span class='ocrx_word' id='word_1_200' title='bbox 1082 2854 1119 2910; x_wconf 85' lang='lat' dir='ltr'><strong>ab</strong></span> 
     </span>
     <span class='ocr_line' id='line_1_26' title="bbox 52 2958 1119 3034; baseline 0 -17"><span class='ocrx_word' id='word_1_201' title='bbox 52 2961 119 3017; x_wconf 81' lang='lat' dir='ltr'><strong>aliis</strong></span> <span class='ocrx_word' id='word_1_202' title='bbox 141 2959 317 3017; x_wconf 89' lang='lat' dir='ltr'><strong>intellectum</strong></span> <span class='ocrx_word' id='word_1_203' title='bbox 340 2959 563 3034; x_wconf 83' lang='lat' dir='ltr'><strong>expositumque</strong></span> <span class='ocrx_word' id='word_1_204' title='bbox 584 2967 638 3018; x_wconf 87' lang='lat' dir='ltr'><strong>est.</strong></span> <span class='ocrx_word' id='word_1_205' title='bbox 690 2958 749 3016; x_wconf 87' lang='lat' dir='ltr'><strong>Sed</strong></span> <span class='ocrx_word' id='word_1_206' title='bbox 771 2958 890 3033; x_wconf 81' lang='lat' dir='ltr'><strong>singuiis</strong></span> <span class='ocrx_word' id='word_1_207' title='bbox 912 2959 1009 3016; x_wconf 86' lang='lat' dir='ltr'><strong>verbis</strong></span> <span class='ocrx_word' id='word_1_208' title='bbox 1030 2961 1119 3018; x_wconf 85' lang='lat' dir='ltr'><strong>corri-</strong></span> 
     </span>
     <span class='ocr_line' id='line_1_27' title="bbox 51 3063 1120 3141; baseline 0.002 -20"><span class='ocrx_word' id='word_1_209' title='bbox 51 3065 157 3141; x_wconf 82' lang='lat' dir='ltr'><strong>gendis</strong></span> <span class='ocrx_word' id='word_1_210' title='bbox 177 3065 250 3122; x_wconf 86' lang='lat' dir='ltr'><strong>nihil</strong></span> <span class='ocrx_word' id='word_1_211' title='bbox 272 3066 380 3141; x_wconf 61' lang='lat' dir='ltr'><strong>agitem</strong></span> <span class='ocrx_word' id='word_1_212' title='bbox 411 3085 479 3122; x_wconf 88' lang='lat' dir='ltr'><strong>nam</strong></span> <span class='ocrx_word' id='word_1_213' title='bbox 510 3064 652 3122; x_wconf 80' lang='lat' dir='ltr'><strong>excidisse</strong></span> <span class='ocrx_word' id='word_1_214' title='bbox 673 3063 826 3138; x_wconf 75' lang='lat' dir='ltr'><strong>quadam,</strong></span> <span class='ocrx_word' id='word_1_215' title='bbox 855 3063 1002 3120; x_wconf 79' lang='lat' dir='ltr'><strong>sententiae</strong></span> <span class='ocrx_word' id='word_1_216' title='bbox 1023 3063 1120 3123; x_wconf 85' lang='lat' dir='ltr'><strong>forma</strong></span> 
     </span>
     <span class='ocr_line' id='line_1_28' title="bbox 54 3167 1117 3247; baseline -0.004 -17"><span class='ocrx_word' id='word_1_217' title='bbox 54 3171 183 3230; x_wconf 83' lang='lat' dir='ltr'><strong>ostendit</strong></span> <span class='ocrx_word' id='word_1_218' title='bbox 203 3171 276 3228; x_wconf 85' lang='lat' dir='ltr'><strong>satis</strong></span> <span class='ocrx_word' id='word_1_219' title='bbox 297 3191 334 3228; x_wconf 86' lang='lat' dir='ltr'><strong>ex</strong></span> <span class='ocrx_word' id='word_1_220' title='bbox 355 3171 505 3247; x_wconf 82' lang='lat' dir='ltr'><strong>particulis</strong></span> <span class='ocrx_word' id='word_1_221' title='bbox 527 3171 682 3245; x_wconf 75' lang='lat' dir='ltr'><strong>quando,</strong></span> <span class='ocrx_word' id='word_1_222' title='bbox 704 3187 746 3226; x_wconf 87' lang='lat' dir='ltr'><strong>ne</strong></span> <span class='ocrx_word' id='word_1_223' title='bbox 768 3167 937 3243; x_wconf 80' lang='lat' dir='ltr'><strong>perspicua3</strong></span> <span class='ocrx_word' id='word_1_224' title='bbox 959 3167 1117 3226; x_wconf 87' lang='lat' dir='ltr'><strong>fuerntau·</strong></span> 
     </span>
     <span class='ocr_line' id='line_1_29' title="bbox 53 3274 1120 3350; baseline -0.002 -17"><span class='ocrx_word' id='word_1_225' title='bbox 53 3287 113 3333; x_wconf 86' lang='lat' dir='ltr'><strong>tem</strong></span> <span class='ocrx_word' id='word_1_226' title='bbox 135 3276 249 3350; x_wconf 84' lang='lat' dir='ltr'><strong>integra</strong></span> <span class='ocrx_word' id='word_1_227' title='bbox 268 3275 447 3333; x_wconf 87' lang='lat' dir='ltr'><strong>huiusmodi:</strong></span> <span class='ocrx_word' id='word_1_228' title='bbox 470 3275 637 3334; x_wconf 86' lang='lat' dir='ltr'><strong>Ceterum</strong></span> <span class='ocrx_word' id='word_1_229' title='bbox 661 3274 823 3350; x_wconf 83' lang='lat' dir='ltr'><strong>quando,</strong></span> <span class='ocrx_word' id='word_1_230' title='bbox 845 3293 887 3330; x_wconf 92' lang='lat' dir='ltr'><strong>ne</strong></span> <span class='ocrx_word' id='word_1_231' title='bbox 910 3293 951 3333; x_wconf 88' lang='lat' dir='ltr'><strong>ea</strong></span> <span class='ocrx_word' id='word_1_232' title='bbox 973 3293 1120 3350; x_wconf 87' lang='lat' dir='ltr'><strong>quoque</strong></span> 
     </span>
     <span class='ocr_line' id='line_1_30' title="bbox 54 3376 1189 3461; baseline -0.004 -21"><span class='ocrx_word' id='word_1_233' title='bbox 54 3391 206 3440; x_wconf 85' lang='lat' dir='ltr'><strong>tentate</strong></span> <span class='ocrx_word' id='word_1_234' title='bbox 244 3381 300 3438; x_wconf 84' lang='lat' dir='ltr'><strong>via</strong></span> <span class='ocrx_word' id='word_1_235' title='bbox 330 3379 484 3458; x_wconf 87' lang='lat' dir='ltr'><strong>[parum]</strong></span> <span class='ocrx_word' id='word_1_236' title='bbox 524 3381 749 3457; x_wconf 74' lang='lat' dir='ltr'><strong>proficeret,</strong></span> <span class='ocrx_word' id='word_1_237' title='bbox 783 3377 918 3456; x_wconf 89' lang='lat' dir='ltr'><strong>[timeri</strong></span> <span class='ocrx_word' id='word_1_238' title='bbox 945 3376 1119 3460; x_wconf 59' lang='lat' dir='ltr'><strong>poterat}</strong></span> <span class='ocrx_word' id='word_1_239' title='bbox 1186 3455 1189 3461; x_wconf 30' lang='grc' dir='ltr'>Ι</span> 
     </span>
     <span class='ocr_line' id='line_1_31' title="bbox 53 3484 1120 3564; baseline -0.006 -18"><span class='ocrx_word' id='word_1_240' title='bbox 53 3488 218 3546; x_wconf 82' lang='lat' dir='ltr'><strong>consilio</strong></span> <span class='ocrx_word' id='word_1_241' title='bbox 239 3497 294 3549; x_wconf 89' lang='lat' dir='ltr'><strong>cet.</strong></span> <span class='ocrx_word' id='word_1_242' title='bbox 338 3487 479 3546; x_wconf 86' lang='lat' dir='ltr'><strong>Extremo</strong></span> <span class='ocrx_word' id='word_1_243' title='bbox 505 3488 600 3564; x_wconf 86' lang='lat' dir='ltr'><strong>eapite</strong></span> <span class='ocrx_word' id='word_1_244' title='bbox 631 3487 657 3560; x_wconf 67' lang='grc' dir='ltr'><strong>(ξ</strong></span> <span class='ocrx_word' id='word_1_245' title='bbox 679 3488 731 3561; x_wconf 83' lang='lat'><strong>21)</strong></span> <span class='ocrx_word' id='word_1_246' title='bbox 762 3485 863 3544; x_wconf 85' lang='lat' dir='ltr'><strong>Livius</strong></span> <span class='ocrx_word' id='word_1_247' title='bbox 890 3503 949 3544; x_wconf 91' lang='lat' dir='ltr'><strong>non</strong></span> <span class='ocrx_word' id='word_1_248' title='bbox 978 3495 1011 3544; x_wconf 85' lang='lat' dir='ltr'><strong>et</strong></span> <span class='ocrx_word' id='word_1_249' title='bbox 1032 3484 1120 3559; x_wconf 88' lang='lat' dir='ltr'><strong>quia</strong></span> 
     </span>
     <span class='ocr_line' id='line_1_32' title="bbox 52 3589 1120 3670; baseline -0.006 -17"><span class='ocrx_word' id='word_1_250' title='bbox 52 3595 220 3670; x_wconf 74' lang='lat' dir='ltr'><strong>scripserat,</strong></span> <span class='ocrx_word' id='word_1_251' title='bbox 242 3593 303 3664; x_wconf 78' lang='lat' dir='ltr'><strong>sed,</strong></span> <span class='ocrx_word' id='word_1_252' title='bbox 326 3593 404 3668; x_wconf 90' lang='lat' dir='ltr'><strong>quod</strong></span> <span class='ocrx_word' id='word_1_253' title='bbox 425 3593 570 3652; x_wconf 88' lang='lat' dir='ltr'><strong>sententia</strong></span> <span class='ocrx_word' id='word_1_254' title='bbox 591 3601 691 3668; x_wconf 88' lang='lat' dir='ltr'><strong>aperte</strong></span> <span class='ocrx_word' id='word_1_255' title='bbox 712 3592 850 3668; x_wconf 75' lang='lat' dir='ltr'><strong>postulat,</strong></span> <span class='ocrx_word' id='word_1_256' title='bbox 882 3599 939 3648; x_wconf 87' lang='lat' dir='ltr'><strong>set</strong></span> <span class='ocrx_word' id='word_1_257' title='bbox 967 3590 1058 3666; x_wconf 89' lang='lat' dir='ltr'><strong>quia.</strong></span> <span class='ocrx_word' id='word_1_258' title='bbox 1093 3589 1120 3662; x_wconf 72' lang='grc' dir='ltr'><strong>(ξ</strong></span> 
     </span>
    </p>
   </div>
   <div class='ocr_carea' id='block_1_5' title="bbox 66 3813 253 3824">
    <p class='ocr_par' dir='ltr' id='par_1_6' title="bbox 66 3813 253 3824">
     <span class='ocr_line' id='line_1_33' title="bbox 66 3813 253 3824; baseline 0 -2"><span class='ocrx_word' id='word_1_259' title='bbox 66 3813 253 3824; x_wconf 79' lang='lat'>-..-..-——</span> 
     </span>
    </p>
   </div>
   <div class='ocr_carea' id='block_1_6' title="bbox 80 3945 1202 4015">
    <p class='ocr_par' dir='ltr' id='par_1_7' title="bbox 80 3945 1202 4015">
     <span class='ocr_line' id='line_1_34' title="bbox 80 3945 1202 4015; baseline -0.005 -14"><span class='ocrx_word' id='word_1_260' title='bbox 80 3949 103 4015; x_wconf 85' lang='lat'><strong>¹)</strong></span> <span class='ocrx_word' id='word_1_261' title='bbox 124 3951 206 4012; x_wconf 82' lang='lat' dir='ltr'><strong>Quasi</strong></span> <span class='ocrx_word' id='word_1_262' title='bbox 224 3951 309 4001; x_wconf 80' lang='lat' dir='ltr'><strong>dieas:</strong></span> <span class='ocrx_word' id='word_1_263' title='bbox 332 3951 407 4000; x_wconf 82' lang='lat' dir='ltr'><strong>einen</strong></span> <span class='ocrx_word' id='word_1_264' title='bbox 432 3949 533 4015; x_wconf 84' lang='lat' dir='ltr'><strong>Kampf</strong></span> <span class='ocrx_word' id='word_1_265' title='bbox 548 3950 702 4000; x_wconf 80' lang='lat' dir='ltr'><strong>uberatohcn</strong></span> <span class='ocrx_word' id='word_1_266' title='bbox 726 3949 786 4012; x_wconf 87' lang='lat' dir='ltr'><strong>(mit</strong></span> <span class='ocrx_word' id='word_1_267' title='bbox 804 3947 888 3996; x_wconf 88' lang='lat' dir='ltr'><strong>einem</strong></span> <span class='ocrx_word' id='word_1_268' title='bbox 905 3945 1016 4012; x_wconf 84' lang='lat' dir='ltr'><strong>Kumpfe</strong></span> <span class='ocrx_word' id='word_1_269' title='bbox 1035 3947 1119 3996; x_wconf 78' lang='lat' dir='ltr'><strong>daron</strong></span> <span class='ocrx_word' id='word_1_270' title='bbox 1199 3993 1202 4001; x_wconf 93' lang='grc'>,</span> 
     </span>
    </p>
   </div>
   <div class='ocr_carea' id='block_1_7' title="bbox 124 4043 721 4108">
    <p class='ocr_par' dir='ltr' id='par_1_8' title="bbox 124 4043 721 4108">
     <span class='ocr_line' id='line_1_35' title="bbox 124 4043 721 4108; baseline -0.005 -14"><span class='ocrx_word' id='word_1_271' title='bbox 124 4043 270 4108; x_wconf 68' lang='lat' dir='ltr'><strong>hominen),</strong></span> <span class='ocrx_word' id='word_1_272' title='bbox 289 4045 347 4092; x_wconf 88' lang='lat' dir='ltr'><strong>dem</strong></span> <span class='ocrx_word' id='word_1_273' title='bbox 367 4057 430 4094; x_wconf 81' lang='lat' dir='ltr'><strong>man</strong></span> <span class='ocrx_word' id='word_1_274' title='bbox 447 4043 610 4106; x_wconf 83' lang='lat' dir='ltr'><strong>unterlicgeu</strong></span> <span class='ocrx_word' id='word_1_275' title='bbox 628 4046 721 4092; x_wconf 78' lang='lat' dir='ltr'><strong>musac.</strong></span> 
     </span>
    </p>
   </div>
   <div class='ocr_carea' id='block_1_8' title="bbox 0 0 1409 4646">
    <p class='ocr_par' dir='ltr' id='par_1_9' title="bbox 0 0 1409 4646">
     <span class='ocr_line' id='line_1_36' title="bbox 0 0 1409 4646; baseline 0 0"><span class='ocrx_word' id='word_1_276' title='bbox 0 0 1409 4646; x_wconf 95' lang='lat' dir='ltr'><strong> </strong></span> 
     </span>
    </p>
   </div>
  </div>
 </body>
</html>
