2810 4644
554 287 612 344 299
914 283 971 333 Lib.
992 283 1078 332 XXV.

135 469 210 546 Cap.
233 471 287 538 32,
316 471 333 525 3
365 465 532 544 (postquam
555 469 591 524 de
617 469 643 526 P
667 477 695 524 et
717 465 771 526 Cn.
796 465 964 542 Scipionum
986 465 1113 526 consiliis

47 577 119 634 belli
141 577 172 632 iu
194 575 338 651 Hispania
359 574 476 631 finiendi
488 575 595 632 dictum
617 571 687 647 est)=
715 572 758 629 Et
780 571 871 629 sutis
896 575 937 630 nd
963 574 999 630 id
1021 574 1114 631 viri·

46 701 104 739 um
128 679 544 738 credebantacccssisse
563 677 701 752 viginti
720 677 1113 736 miliaCeltiberorum

46 805 93 843 ea
126 785 243 841 hieme
280 783 325 840 ad
357 801 459 840 arma
491 783 622 841 excita.
687 785 779 840 Tum
818 792 892 839 tres
926 785 1114 842 exercitus

47 891 167 948 erunt.
215 888 427 946 Hasdrubal
448 889 625 964 Gisgonis
647 889 748 946 lilius
771 897 825 944 cet.
878 889 984 964 Inepta
1015 899 1058 946 est
1085 891 1113 946 in

48 995 176 1054 transitu
197 994 235 1050 ad
256 995 377 1052 alteram
399 1005 512 1070 partem
526 993 821 1069 (Poenosltemporis
843 993 986 1068 particula
1008 994 1112 1065 (tum).

50 1105 160 1176 ltaque
181 1100 211 1156 in
223 1099 391 1174 vulgaribus
405 1099 578 1158 editionibus
599 1117 653 1174 pro
672 1099 796 1156 excitu
816 1109 887 1156 tum
911 1099 1113 1156 scribiturex-

48 1205 184 1274 citata,
206 1207 297 1262 verbo
317 1223 376 1262 uon
397 1214 486 1262 recto.
531 1205 589 1264 Sed
611 1213 753 1280 practerea
773 1204 1038 1262 manifestissimum
1061 1215 1114 1274 est,

48 1311 93 1368 sic
117 1311 174 1368 hoc
196 1310 266 1367 dici:
299 1319 373 1367 tres
395 1313 582 1368 exercitus
609 1321 711 1366 eraut
746 1311 835 1376 (sivee
868 1321 939 1366 tum
963 1321 1037 1365 tres
1062 1327 1113 1368 ex.
1155 1291 1157 1298 ’

49 1415 130 1493 en),
155 1425 267 1472 utnon
289 1416 381 1491 possit
402 1417 457 1474 nisi
478 1418 517 1474 ad
538 1419 757 1485 Romanorum,
790 1415 825 1470 de
848 1415 952 1488 quibus
975 1415 1115 1470 hactenus

50 1525 161 1582 dictum
184 1531 245 1591 est,
268 1521 498 1580 distributionem
521 1523 672 1597 copiarum
694 1518 898 1576 declarandam
923 1517 1115 1594 (perbreviter

50 1631 169 1705 quidum
192 1637 221 1685 ct
242 1628 377 1703 abrupte)
399 1627 551 1703 pertinere.
612 1627 652 1683 Et
683 1635 780 1682 tamen
816 1623 911 1681 subito
941 1623 1116 1681 obiiciuntur

49 1732 225 1792 Hasdrubal
246 1741 368 1806 uterque
389 1742 418 1790 et
440 1733 539 1808 Mago.
583 1735 719 1806 Apparet
741 1731 905 1788 necessario
936 1729 1112 1786 transeuntis

49 1841 88 1896 ad
111 1841 279 1896 Poenorum
315 1838 382 1895 belli
409 1847 583 1914 apparatum
612 1835 830 1894 describendum
853 1835 993 1891 orationis
1014 1844 1114 1892 notam

48 1946 182 2020 aliquam
211 1943 377 2000 desiderari.
433 1944 480 2000 Ea
506 1943 577 1998 latet
604 1942 633 1997 in
664 1941 713 1997 illo
744 1953 829 2010 turn3
859 1939 1042 1997 scribendum
1072 1949 1117 1996 est

49 2053 144 2109 euim:
187 2095 215 2110 ..
246 2068 286 2106 aa
321 2049 440 2105 hicme
473 2048 516 2104 ad
542 2066 644 2104 arma
666 2046 799 2104 excite.
848 2045 1007 2107 llssllutn
1041 2055 1114 2102 tres

49 2156 244 2214 exercitus
266 2164 388 2222 erunt;
412 2152 626 2210 Hasdrubal
648 2162 701 2209 cet.

137 2260 211 2336 Cap.
234 2264 283 2329 34,
306 2263 377 2318 9et
403 2263 436 2316 to
460 2257 510 2334 (de
531 2275 645 2333 pugna,
666 2257 695 2314 in
718 2275 777 2330 qua
798 2257 834 2314 Ρ.
858 2255 957 2332 Scipio
979 2255 1116 2322 occidit).

50 2365 229 2423 Ceterum
262 2375 297 2422 et
329 2364 472 2440 c'quites
502 2363 664 2420 Numidas
686 2371 854 2437 repente,
889 2379 978 2437 quos
1005 2359 1117 2417 lelel·

6 2415 8 2506 l
51 2471 146 2527 iisse
173 2487 212 2526 se
246 2469 320 2528 dux
354 2483 456 2527 ratus
486 2481 579 2536 erat,
619 2469 663 2525 ab
692 2468 873 2524 lateribus
906 2465 1117 2524 circumfusi

6 2565 8 2660 l
51 2593 221 2650 magnum
251 2585 427 2633 terrorem
456 2573 615 2630 intulere
641 2579 692 2644 st,
721 2583 915 2630 contracto
938 2573 1118 2628 adversus

50 2681 234 2738 Numidas
256 2680 455 2738 certamine
482 2697 594 2750 novo,
628 2679 761 2736 tertius
788 2679 937 2753 insuper
963 2677 1119 2734 advenit

53 2787 172 2844 hostis
194 2797 249 2846 cet.
295 2787 387 2844 Posui
407 2785 512 2854 locum,
535 2784 779 2859 quemadmodum
799 2784 967 2841 scribendus
990 2793 1041 2853 est,
1066 2784 1118 2840 sd-

52 2893 131 2962 diro,
163 2892 242 2966 quod
263 2899 330 2968 post
354 2909 370 2952 e
395 2890 585 2965 (intulere,
606 2891 664 2949 vid.
689 2891 727 2947 ad
748 2891 847 2960 xxl,
869 2891 923 2960 37,
946 2895 962 2946 5
986 2901 1015 2947 et
1037 2891 1119 2961 alibi>

52 2998 170 3067 excidit,
193 3007 242 3068 et,
272 2998 334 3054 siue
361 3017 418 3072 quo
441 3007 470 3053 et
490 2997 597 3071 pendet
624 2997 756 3070 superior
778 2995 921 3071 porticula
945 2996 1117 3068 (ceterum

53 3102 97 3177 ct)
122 3111 154 3159 et
182 3112 245 3160 tota
274 3103 368 3160 oratio
400 3101 543 3159 dissoluta
564 3111 617 3158 est.
673 3102 881 3160 Ausculuthon
907 3102 936 3158 in
969 3101 1118 3158 sententiis

52 3225 174 3282 prorsus
204 3208 243 3264 ud
270 3207 429 3266 institutam
460 3208 497 3263 ab
530 3207 611 3264 initio
640 3207 766 3264 formam
795 3206 880 3264 facile
902 3206 1119 3264 decurrentibus

54 3315 123 3372 uilril
145 3314 236 3370 habet
255 3313 323 3376 loci.

6 3435 8 3468 l
137 3417 211 3494 Cap.
222 3421 273 3489 35,
286 3421 302 3476 8
316 3421 370 3475 ct9
383 3418 431 3490 (de
443 3417 495 3476 Cn,
506 3417 643 3494 Scipione
665 3428 694 3475 et
718 3419 779 3475 eius
802 3417 929 3476 exercitu
952 3416 1061 3473 frustra
1083 3434 1116 3472 se

55 3524 163 3581 Poenis
184 3525 354 3582 subtrahere
375 3523 573 3595 conantibus):
597 3525 690 3582 Luce
720 3533 757 3580 ut
784 3531 979 3580 senserunt
1000 3521 1118 3594 (Poeni)

56 3629 248 3704 profectos
270 3630 404 3699 hostes,
419 3629 614 3704 premissis
631 3629 798 3687 Numidis
821 3647 923 3702 quam
946 3635 1120 3702 poterant

56 3735 210 3792 maxime
232 3734 346 3792 citato
369 3735 509 3810 agmine
530 3735 635 3809 sequi
657 3747 867 3808 coeperunt.
911 3736 1008 3789 Ante
1035 3749 1118 3788 noc·

57 3847 124 3898 tem
148 3840 315 3898 adsecuti
341 3840 509 3898 Numidae
530 3857 624 3896 nuuc
645 3840 688 3896 ab
710 3849 814 3914 tergo
836 3856 928 3896 nunc
949 3839 982 3895 iu
997 3837 1119 3894 latera

6 3985 7 4020 4
58 3947 298 4004 incursantes.
354 3945 574 4004 consistere
610 3953 812 4020 coeperunt
838 3963 877 4002 ac
905 3943 1022 4001 tutari
1054 3960 1118 4018 ag·

6 4025 8 4138 l
57 4068 139 4112 uren.
190 4052 369 4126 Quantum
390 4059 542 4126 possent
564 4059 703 4122 tamen,
731 4059 814 4107 tuto
839 4048 1120 4124 utsimulpug-

6 4293 14 4530 Ι
