2800 4646
308 245 364 296 so.
382 243 458 294 xxi
769 243 828 300 222

272 430 419 490 acn'bitur:
445 427 720 486 transcendisse
741 435 862 482 autam
889 425 981 483 dieo.
1028 426 1125 483 Valde
1144 445 1256 494 vereor,
1285 445 1338 492 ne,

274 555 363 614 quum
384 545 430 593 ter
449 533 478 592 id
500 535 619 591 verbum
645 533 744 591 Livius
764 532 918 607 posuisset,
938 531 984 588 bis
994 531 1095 589 adem
1107 532 1213 606 forma,
1235 532 1340 590 altero

274 643 339 702 loeo
360 640 507 699 exciderit.
550 639 599 698 Sic
620 639 695 696 enim
718 639 819 696 Livius
839 638 989 713 scripsisse
1009 639 1137 696 videtur:
1157 640 1281 697 Etiam
1300 639 1339 695 in

275 746 477 824 Hispanias
501 755 544 814 et,
565 744 596 801 si
615 744 699 801 inde
719 763 877 813 cessero,
897 744 933 801 iu
950 745 1120 804 Africam
1140 759 1340 802 transcen·

275 851 357 910 des?
380 850 638 910 Transcendes
661 850 1111 909 autemllrausceudisse
1128 852 1340 921 dico;duos

276 957 444 1016 consules
474 957 582 1014 huius
603 957 687 1013 anni
715 975 820 1014 uuum
842 956 879 1013 iu
904 955 1084 1028 Africam,
1114 958 1270 1015 alterum
1296 957 1341 1014 in

277 1064 496 1140 Hispaniam
518 1063 702 1120 miseruut.
754 1063 981 1138 Interrogatioui
1007 1064 1158 1120 subiicitur
1178 1064 1244 1139 ipse
1266 1082 1340 1120 cor·

277 1169 366 1228 rectio
387 1169 679 1246 (transcendisse
704 1169 764 1225 ism
792 1167 907 1246 dico),
939 1169 1006 1226 huic
1027 1169 1143 1226 additur
1168 1169 1341 1245 explicatio.

279 1275 364 1350 Quod
387 1275 416 1333 in
447 1275 588 1351 proximis
620 1275 717 1332 verbis
738 1275 868 1332 codicum
897 1275 1033 1333 mendum
1062 1275 1342 1332 vindicaremus

278 1401 333 1460 pro
353 1381 623 1440 vindicarimus
646 1379 899 1437 Weissenbornius
919 1382 1082 1439 enarrando
1105 1381 1180 1438 tueri
1202 1389 1341 1450 conatur,

280 1507 350 1546 vera
372 1489 517 1546 enarratio
540 1497 624 1556 esset,
645 1487 671 1543 si
691 1486 878 1543 scriberetur:
904 1487 1001 1544 nihil
1024 1487 1129 1544 uobis
1150 1487 1300 1562 relinqu
1310 1507 1342 1542 e·

281 1606 400 1665 retur,
419 1613 477 1650 nou
499 1593 614 1668 (nihil)
635 1591 805 1649 relictum
827 1601 897 1662 est3
918 1593 985 1650 huic
1005 1593 1081 1650 enim
1097 1593 1239 1650 siaddas:
1260 1591 1341 1650 uisi

280 1701 382 1776 quod
403 1699 683 1764 vindicaremus,
704 1699 779 1754 hauc
801 1717 888 1755 unam
914 1699 1085 1756 sententiam
1107 1699 1203 1756 Latini
1225 1717 1341 1755 sermo·

282 1805 412 1864 nicusus
434 1802 534 1862 efficit:
564 1823 596 1862 es
616 1804 654 1861 ist
675 1823 727 1861 uus
749 1805 843 1862 nichts
865 1805 949 1879 bbrig
968 1805 1101 1880 gelasseu
1122 1804 1166 1862 uls
1188 1813 1281 1860 etwas
1305 1823 1341 1858 zu

281 1910 487 1984 vertheidigen,
507 1910 564 1968 hoc
584 1919 637 1980 est,
658 1909 818 1971 ridiculam.
869 1911 1009 1968 Extremo
1041 1910 1136 1987 capite
1168 1911 1197 1982 (ξ
1220 1911 1269 1981 9),
1290 1907 1344 1966 ubi

281 2016 312 2074 in
333 2015 480 2072 codicibus
500 2016 649 2074 scribitur:
676 2016 707 2072 si
738 2015 805 2072 hoc
825 2017 917 2073 bene
950 2015 1066 2074 iixum
1088 2016 1255 2074 omnibus
1279 2016 1343 2072 de-

283 2121 460 2179 stinatum
490 2121 525 2178 in
553 2121 671 2178 animo
695 2129 766 2191 est,
796 2140 892 2197 neque
919 2122 1213 2198 destinatumque
1243 2139 1342 2196 neque

283 2227 314 2286 si
335 2227 555 2285 destinatum
569 2226 752 2286 scribendum
772 2229 896 2300 videtur,
917 2229 967 2287 sed
991 2229 1213 2286 destinatum
1235 2227 1341 2284 tollen·

183 2343 186 2350 '
284 2335 352 2392 dum
374 2343 407 2392 ut
427 2331 632 2408 interpretandi
665 2352 754 2391 censs
775 2335 933 2406 adiectum3
963 2335 1066 2392 saltem
1097 2335 1203 2392 rectius
1235 2333 1342 2396 dicitur

285 2439 398 2500 fixum
432 2440 468 2498 in
501 2440 622 2498 animo
655 2459 743 2515 quam
773 2440 1002 2500 destinatum
1033 2442 1220 2500 inanimo.
1264 2439 1340 2514 Cap.

287 2549 375 2618 tres
409 2567 424 2603 e
456 2546 586 2604 codicum
615 2546 758 2622 scriptura
793 2547 1054 2606 svicotumulis
1081 2546 1205 2606 efficitur
1236 2547 1340 2603 eadem

285 2653 408 2711 nominis
434 2652 586 2728 scriptura,
609 2671 673 2727 quae
694 2652 772 2728 apud
796 2652 969 2712 Strabonem
991 2665 1050 2710 est:
1073 2655 1115 2711 ab
1137 2652 1340 2712 Ictumulis.

287 2759 358 2822 tin
382 2777 398 2818 r
421 2759 544 2821 transiit.
586 2756 648 2834 (De
669 2777 692 2817 c.
716 2762 764 2829 45,
788 2759 806 2816 8
827 2759 933 2816 dictum
956 2760 994 2817 ad
1016 2779 1039 2820 c.
1062 2762 1112 2831 24,
1135 2759 1176 2835 3.)

386 2864 483 2941 'Cep
508 2867 567 2936 ts,
600 2868 616 2922 7
650 2864 713 2940 (ubi
746 2865 843 2941 agitur
868 2867 904 2923 de
935 2867 1061 2925 consiliis
1089 2875 1119 2924 et
1139 2863 1277 2922 institutis
1300 2861 1341 2919 Μ.

287 2971 401 3030 AEmilii
421 2971 552 3046 pretoris
572 2972 608 3042 in,
623 2971 731 3042 Sicilia,
754 2991 841 3046 quum
864 2974 902 3031 sb
923 2974 1052 3031 Hierone
1072 2971 1236 3031 admonitus
1256 2977 1342 3036 esset,

286 3075 542 3153 Carthaginienses
575 3076 755 3153 adventare).
801 3079 974 3137 Describam
999 3079 1113 3150 locum,
1145 3077 1240 3153 qualis
1260 3075 1292 3132 in
1318 3074 1343 3131 P

288 3183 401 3258 legitur,
423 3202 441 3241 s
464 3201 522 3258 quo
543 3183 631 3240 ceteri
641 3183 782 3255 meliores,
807 3185 919 3242 etiamsi
941 3203 991 3242 eos
1004 3203 1135 3242 seorsum
1145 3181 1342 3240 testimonium

288 3288 385 3348 iacere
407 3299 550 3365 putemus,
573 3288 653 3360 nihil,
674 3288 754 3364 quod
775 3290 812 3346 ad
833 3310 893 3348 rem
915 3291 1066 3367 pertineat,
1087 3290 1257 3347 deflectunt:
1274 3286 1342 3344 Ex·

288 3395 425 3472 templo
448 3403 482 3452 et
502 3394 603 3452 circa
624 3403 783 3469 praetore
803 3415 821 3454 s
841 3397 995 3454 civitate
1015 3397 1117 3454 missi
1138 3392 1254 3470 legati
1282 3391 1341 3449 tri-

288 3501 447 3578 bunique
468 3518 553 3558 suos
575 3499 620 3556 ad
641 3519 762 3558 curam
793 3502 971 3560 custodies
1002 3502 1239 3559 intenderent
1259 3508 1342 3556 ante

288 3608 413 3666 omnis
434 3607 633 3684 Lilybaeum
654 3607 773 3665 teneri
789 3618 1005 3685 apparatum
1022 3608 1110 3666 belli
1127 3607 1246 3665 edicto
1263 3623 1341 3682 pro-

288 3714 411 3790 posito
432 3723 470 3771 ut
490 3713 582 3771 socii
601 3713 758 3770 navales
780 3713 901 3773 decem
923 3715 1060 3772 dierum
1087 3723 1217 3771 coacta
1246 3711 1339 3769 eiua·

289 3819 343 3878 rie
365 3820 410 3877 ad
431 3837 542 3878 neves
569 3819 757 3878 deferrent
791 3830 825 3877 et
847 3821 909 3879 ubi
938 3821 1081 3897 signum
1105 3820 1225 3876 datum
1246 3825 1342 3875 esset

288 3943 330 3982 ne
360 3925 440 4000 quis
471 3945 608 3984 moram
640 3927 910 3986 conscendendi
940 3927 1238 4002 faceretperque
1266 3941 1340 3981 om·

288 4045 364 4086 nem
386 4048 519 4088 moram
555 4031 619 4106 qui
651 4051 692 4090 ex
723 4033 890 4108 speculis
921 4032 1181 4108 prospicerent
1209 4029 1341 4086 adven·
