2810 4644
282 265 339 315 Lib.
358 265 446 314 XXV.
747 269 807 324 294

247 450 326 524 qnod
356 449 385 506 in
419 448 520 508 codice
549 459 618 506 ante
646 449 679 506 M
687 469 755 526 ego
792 450 951 520 scribitur.)
1010 451 1045 508 ln
1080 451 1198 525 reliquis
1220 470 1321 526 neque

247 554 402 612 Gronovio
423 573 518 629 neque
547 554 787 614 Weissenbornio
820 557 986 613 coniectura
1015 555 1137 614 feliciter
1165 559 1318 624 successit,

246 659 300 716 nisi
323 661 402 733 quod
425 659 594 719 Gronovius
616 671 694 718 recte
717 661 934 730 animadvertit,
958 662 1118 720 cretionem
1141 665 1178 720 ab
1200 664 1319 720 infinita

247 767 343 821 sonna
379 764 503 822 transire
533 765 563 822 in
601 767 816 826 coniunctirum
850 767 911 824 eius
945 767 1075 841 generis,
1107 787 1165 842 quo
1186 769 1318 826 iubentis

246 871 342 927 cretio
376 871 493 945 oblique
532 871 665 930 refertur.
717 872 785 930 Hoc
816 873 912 948 posito
940 873 1093 930 tenendum
1128 872 1231 928 deiude
1261 885 1318 939 est,

246 977 355 1032 iussum
378 993 442 1032 esse
463 977 621 1052 Magonem
651 997 710 1034 non
744 979 855 1054 pedites
886 978 1053 1053 equitesque
1076 995 1191 1032 armare
1213 977 1316 1052 (quasi

246 1101 329 1137 erute
350 1099 410 1138 nou
431 1080 587 1160 habeant),
621 1103 715 1159 neque
749 1103 856 1160 capere
876 1084 1003 1140 latebras
1024 1082 1137 1156 aliquas
1159 1082 1316 1152 eiusmodi,

246 1186 295 1243 ubi
318 1205 455 1261 magnum
486 1208 636 1246 nnmerum
667 1191 799 1248 occulere
830 1199 930 1265 posset
957 1187 1105 1254 (utendum
1137 1188 1214 1244 euim
1248 1199 1316 1245 erat

244 1290 364 1348 latebris
387 1293 448 1349 eius
469 1293 535 1364 loci,
561 1295 591 1351 in
613 1313 699 1369 quem
722 1295 833 1352 Flavus
866 1294 1033 1354 Gracchum
1065 1293 1258 1350 adducturum
1280 1312 1315 1350 se

245 1397 385 1470 dixerat),
407 1401 458 1456 sed
481 1409 593 1456 tentum
618 1400 723 1458 milites
745 1400 801 1456 illis
821 1399 940 1456 latebris
962 1399 1106 1468 occulere;
1128 1399 1228 1473 itaque
1250 1400 1313 1456 haec

245 1502 369 1562 efficitur
390 1505 531 1562 orationis
553 1503 663 1562 forme:
693 1506 803 1581 Mago
825 1505 877 1561 ibi
908 1504 1057 1579 pedites
1089 1504 1314 1578 equitesque

328 1610 525 1667 occuleret.
579 1611 776 1668 Accusativus
808 1610 896 1685 igitur
917 1610 965 1666 ille
986 1609 1167 1685 ingentem
1193 1629 1312 1666 nume-

244 1733 320 1771 rum
352 1715 409 1772 elio
436 1716 568 1790 pertinet.
623 1715 672 1773 Sic
694 1715 841 1792 perficitur
862 1715 950 1772 totius
970 1715 1027 1772 loci
1047 1717 1109 1772 hec
1130 1714 1311 1772 emendatio:

246 1819 350 1894 Mago
383 1821 433 1877 ibi
455 1821 598 1896 pedites
620 1821 843 1896 equitesque
874 1833 1037 1879 armatos
1058 1853 1100 1864 --
1121 1829 1155 1876 et
1176 1838 1311 1894 cepere

244 1941 305 1980 ees
327 1925 490 1982 latebras
521 1927 703 2002 ingentem
727 1947 914 1984 numerum
941 1959 979 1970 -
1002 1926 1212 1994 occuleret;
1238 1926 1312 1998 (hoc

243 2039 287 2085 est
308 2039 388 2086 recta
409 2031 556 2089 oratione:
580 2033 637 2102 Tu,
659 2034 760 2108 Mago,
781 2033 829 2089 hic
852 2033 963 2108 pedites
986 2034 1153 2107 equitesque
1178 2039 1312 2086 armatos

245 2165 281 2175 —
317 2145 346 2191 et
380 2137 497 2212 capiunt
526 2138 571 2194 has
602 2137 722 2194 latebrre
754 2137 898 2212 ingentem
931 2157 1081 2196 nnmerum
1112 2169 1152 2178 -
1185 2135 1310 2207 occule).

245 2241 405 2315 Aptissime
425 2241 549 2316 ingentis
572 2244 683 2300 numeri
705 2242 828 2313 mentio,
851 2262 915 2318 quae
950 2243 978 2302 in
1011 2244 1075 2320 ipso
1094 2251 1239 2318 praecepto
1261 2241 1311 2298 in-

244 2348 400 2404 commoda
422 2357 480 2416 est,
508 2347 537 2404 in
570 2348 768 2424 interpositam
802 2349 974 2406 senteutiam
1007 2349 1048 2405 sic
1071 2347 1242 2416 includitur,
1275 2359 1309 2403 ut

244 2451 429 2520 ostendetur,
462 2453 556 2510 locum
591 2453 781 2511 multitudinis
816 2454 854 2510 ad
887 2473 947 2510 rem
969 2453 1173 2528 perficiendam
1195 2453 1310 2508 idoneae

245 2573 382 2630 capacem
404 2575 476 2617 esse.
527 2560 672 2617 Armati
694 2557 858 2616 occultandi
880 2577 944 2616 esse
965 2559 1070 2616 milites
1092 2559 1243 2628 dicuntur,
1276 2569 1310 2614 ut

242 2659 379 2730 XXVII,
411 2667 460 2732 ta,
493 2667 510 2720 3
534 2665 666 2722 instructi
688 2665 852 2739 armatique
884 2666 1007 2725 venisse.
1068 2666 1136 2722 Non
1176 2665 1309 2721 animad-

242 2783 327 2822 versa
350 2769 525 2841 parenthesi,
547 2769 676 2826 additum
700 2779 744 2826 est
766 2770 841 2839 ubi,
866 2781 897 2827 ut
919 2771 1074 2828 referretur
1097 2771 1134 2826 nd
1152 2770 1202 2826 ibi
1224 2770 1309 2826 initio

242 2871 378 2944 positum.
426 2872 540 2945 Quum,
569 2874 691 2931 confusa
719 2875 798 2932 omni
821 2875 877 2934 loci
910 2877 1021 2947 forma,
1053 2877 1193 2950 scriptum
1216 2885 1307 2931 esset:

241 2985 384 3032 armato
416 2987 472 3034 set
502 2996 652 3053 cepere,
684 2979 805 3038 licenter
826 2980 935 3040 iactum
959 3002 1115 3051 armore,
1148 2990 1180 3038 ut
1212 2981 1309 3038 simile

240 3091 317 3137 esset
339 3082 374 3150 ei,
398 3082 476 3158 quod
499 3093 676 3158 sequeretur,
698 3104 737 3142 ca
744 3105 829 3161 pere
857 3084 905 3164 (ut
926 3085 985 3156 itta,
1008 3105 1072 3160 quae
1087 3087 1173 3162 posui
1193 3088 1305 3161 pstor,

240 3193 272 3240 nt
293 3186 408 3261 magis
437 3207 521 3245 nere
554 3208 608 3264 pro
635 3199 776 3248 mature
805 3192 913 3260 xxn,
948 3195 996 3264 ³4,
1029 3195 1061 3250 ll
1088 3187 1201 3266 cet.).¹)
1246 3191 1307 3250 Sed

239 3285 324 3360 plure
363 3302 518 3365 supersunt
552 3294 581 3351 in
618 3295 674 3352 hoc
710 3295 805 3370 capite
844 3297 1015 3372 corrigenda
1051 3301 1097 3368 (ut
1133 3305 1305 3371 preteream

238 3389 355 3450 foedum
380 3396 527 3454 mendum:
558 3399 600 3456 ed
624 3417 727 3475 quam
749 3401 1035 3476 perficiendum,
1058 3403 1137 3477 quod
1158 3402 1304 3461 invectum

239 3515 330 3573 nuper
350 3499 380 3556 in
403 3505 417 3570 ξ
445 3504 480 3557 10
502 3502 616 3577 explosi
644 3503 673 3560 in
696 3505 895 3579 grammaticae
918 3507 1030 3564 Letiuae
1057 3507 1190 3566 editionis
1213 3509 1305 3565 tertiae

238 3661 438 3674 ῃ-

256 3755 279 3825 ¹)
304 3762 364 3812 Nou
390 3771 491 3828 poterat
515 3765 614 3816 inlicite
640 3767 704 3841 dici:
730 3770 869 3819 deducit
892 3770 1063 3830 inlocum,
1091 3785 1143 3821 non
1161 3773 1251 3822 addito
1269 3774 1302 3821 ad

308 3854 481 3904 deliniendum
508 3855 623 3907 relativo.
676 3859 801 3911 Suadeo
827 3861 967 3926 Magoni
994 3877 1111 3926 sapere
1136 3862 1224 3914 Livius
1250 3879 1303 3914 uon

306 3945 388 4008 iungis
407 3947 472 3996 dixit
499 3961 590 4010 quem:
616 3965 697 4013 rogo
725 3953 894 4016 Magonem
914 3953 1034 4008 lacere.
1077 3954 1184 4004 Tacitus
1204 3963 1304 4004 utrum·

306 4049 355 4098 qus
373 4037 448 4089 dixit.
