2800 4646
560 281 619 336 209

57 464 125 520 loco
148 479 238 538 supra
258 463 353 540 posito
364 464 471 534 XXII,
497 465 579 531 ld,l
601 461 782 535 (fortuuae,
805 483 892 539 quum
915 464 1003 521 semel
1027 465 1116 540 scrip·

59 583 122 624 tum
146 580 222 624 esset
246 569 387 642 minas);
421 569 479 625 alia
503 568 590 642 paulo
613 569 773 626 occultiora
793 570 922 645 aperiam
944 569 1034 640 XXI,
1069 573 1117 638 57,

60 677 78 730 2
103 676 175 732 et3
204 675 281 746 (ubi,
311 685 454 733 structura
476 691 534 730 non
556 673 710 743 intellecta,
739 693 793 750 pro
809 676 982 733 accusativis
1005 675 1117 733 duobus

60 779 184 837 ablativi
205 781 350 838 substituti
372 786 449 852 sunt)
479 789 508 837 et
538 779 602 836 aliis
640 780 718 837 locis.
773 781 811 838 Et
845 791 942 840 tamen
973 785 1035 840 baee
1066 800 1119 839 nee

61 887 155 944 multa
176 895 300 958 suntet,
323 897 353 943 ut
375 899 441 943 aute
462 885 532 954 dixi,
554 885 711 961 simplicia;
732 905 799 944 nam
822 887 956 944 librarius
980 887 1019 958 id,
1041 887 1119 963 quod
1146 957 1149 968 .

61 991 243 1056 offenderat,
275 992 410 1069 proximo
442 999 471 1048 et
503 991 566 1049 rudi
587 993 715 1049 remedio
737 993 893 1068 expedivit,
923 997 958 1053 de
981 1005 1043 1052 tota
1063 993 1120 1050 loci

61 1099 161 1156 forma
181 1118 284 1175 parum
307 1098 451 1173 cogitens;
484 1099 651 1156 eruditiores
672 1098 713 1155 illi
735 1099 874 1168 homines,
897 1099 946 1174 qui
968 1117 1119 1156 renascen-

60 1203 142 1260 tibus
165 1203 326 1262 litterarum
347 1205 449 1262 studiis
471 1205 577 1262 menda
602 1204 660 1262 iam
687 1204 801 1280 longius
831 1205 944 1263 detorta
968 1205 1121 1262 emendare

61 1311 256 1380 conabantur,
286 1321 318 1367 ut
338 1311 395 1387 legi
417 1321 446 1368 et
465 1310 585 1386 intelligi
606 1310 719 1368 codices
740 1321 872 1387 possent,
903 1310 1016 1368 facilius
1036 1310 1120 1368 falle·

62 1425 138 1482 rent,
160 1415 214 1472 uisi
243 1417 436 1490 antiquiorum
459 1417 589 1474 codicum
618 1417 788 1474 testimoniis
818 1417 1066 1486 convincerentur3
1094 1425 1122 1472 et

61 1523 112 1579 diu
139 1521 293 1597 multisque
314 1523 384 1580 locis
411 1523 582 1581 fefellerunt.

149 1629 221 1685 Haec
243 1629 325 1686 initio
346 1629 472 1686 breviter
494 1629 735 1706 comprehendere
758 1629 850 1686 visum
873 1639 925 1698 est,
947 1637 978 1684 ut
999 1647 1122 1704 appare-

64 1743 120 1808 ret,
141 1733 184 1790 sic
205 1734 234 1790 iu
256 1736 312 1791 hac
333 1735 441 1794 decade
462 1755 481 1792 a
503 1735 602 1794 codice
624 1738 649 1792 P
671 1735 815 1811 proficisci
842 1735 990 1810 scriptura
1022 1733 1120 1790 iudici-

62 1859 114 1897 um
141 1849 170 1896 et
192 1841 402 1898 emendationis
425 1851 558 1900 conatum
572 1842 685 1911 debere,
706 1850 739 1898 ut
760 1841 870 1910 eadem,
893 1859 956 1916 quae
978 1841 1006 1898 in
1024 1840 1123 1916 primae

63 1946 186 2002 decadis
215 1947 313 2003 codice
345 1947 500 2024 archetypo
532 1947 679 2022 sequendo
708 1955 752 2023 tp.
776 1948 842 2019 22),
871 1957 1001 2004 servetur
1027 1946 1124 2004 iudicii

62 2053 204 2122 libertas,
238 2053 402 2129 superstitio
436 2053 618 2124 excludatur,
656 2053 686 2110 in
723 2052 867 2110 nonnullis
897 2051 1011 2126 quidem
1045 2051 1124 2122 locis,

64 2169 189 2236 propter
211 2177 291 2228 earn,
318 2177 405 2234 quam
429 2160 565 2235 exposui,
593 2160 703 2218 librarii
725 2159 754 2216 iu
777 2159 890 2216 obiecta
913 2159 1008 2216 animo
1029 2159 1124 2234 specie

64 2265 219 2341 sequenda
250 2265 412 2334 licentiam,
447 2285 505 2324 uon
547 2267 631 2324 nimis
668 2264 786 2340 singulas
813 2264 914 2320 litterae
948 2275 1124 2340 premantur.

64 2371 339 2442 Weissenbornius,
362 2371 419 2446 qui,
450 2383 482 2428 ut
503 2372 577 2438 dixi,
603 2381 694 2429 totum
717 2371 800 2428 huius
822 2370 938 2427 decadis
960 2378 1125 2426 contextum

65 2479 105 2534 ad
129 2477 193 2535 eius
215 2476 322 2533 codicis
345 2477 429 2534 tidem
453 2478 550 2552 exegit
570 2489 598 2535 et
614 2480 739 2554 perbene
761 2497 796 2535 ea
818 2496 849 2534 re
864 2477 899 2532 de
914 2473 998 2531 Livio
1013 2476 1126 2546 meruit,

65 2583 226 2652 interdum,
248 2583 335 2639 etiam
358 2583 388 2639 in
409 2581 568 2640 minoribus
589 2592 619 2640 et
640 2581 799 2640 manifestis
826 2579 935 2639 mendis
963 2599 1015 2637 nec
1038 2580 1125 2638 inusi-

67 2690 150 2758 tatis,
174 2687 259 2744 nimis
281 2687 408 2744 studiose
430 2687 537 2746 codicis
560 2690 761 2747 auctoritatem
792 2687 943 2762 amplexus
973 2699 1016 2744 est
1045 2687 1126 2744 adhi-

67 2797 130 2852 bita
165 2794 330 2851 contortula
362 2793 597 2868 interpretatione
630 2815 664 2854 ec
696 2794 861 2852 defensioue
895 2793 1127 2868 comparatisque

68 3009 137 3081 ter),
160 3005 287 3082 perspici
316 3005 376 3062 lere
408 3003 515 3080 poterit
542 3026 578 3063 ex
609 3007 658 3077 iis,
691 3025 754 3082 quae
785 3023 842 3061 uuo
873 3016 902 3061 et
931 3003 1022 3061 altero
1054 3005 1128 3076 loco,

69 3131 161 3189 quum
185 3110 270 3186 quasi
290 3110 456 3186 praeteriens
478 3110 508 3167 iu
530 3113 670 3170 eiusmodi
693 3111 821 3186 argutias
842 3109 1014 3176 incidissem,
1038 3113 1128 3169 aduo-

68 3218 147 3286 tavi,
177 3226 210 3272 nt
238 3215 276 3272 ad
296 3215 387 3284 XXI,
413 3221 462 3287 44,
486 3223 501 3274 7
527 3216 830 3292 (vindicaremus),
862 3219 915 3288 52,
943 3221 996 3288 ll,
1023 3219 1129 3288 XXll,

74 3329 109 3381 15
132 3322 196 3380 init.
219 3331 248 3378 et
270 3323 324 3392 22,
351 3323 386 3378 18
409 3330 437 3378 et
461 3323 514 3392 30,
538 3327 555 3380 5
578 3333 642 3384 cett.
691 3327 769 3383 Nam
806 3322 934 3396 alioquin
964 3323 1002 3379 ad
1035 3343 1128 3380 meum

69 3429 225 3486 consilium
248 3445 307 3484 uon
330 3427 454 3500 pertinet
475 3445 510 3484 ea
531 3429 674 3505 persequi,
696 3432 725 3487 in
748 3429 852 3504 quibus
874 3427 1041 3503 simpliciter
1064 3431 1130 3486 red·

71 3533 200 3590 eundum
234 3541 278 3589 est
311 3533 348 3589 ad
380 3534 560 3610 superiorum
591 3533 728 3608 (Bekkeri
761 3553 876 3610 quoque
899 3543 927 3589 et
956 3535 1129 3611 Kreyssigii)

71 3641 259 3716 scripturam,
281 3648 332 3694 aut
352 3638 410 3695 iam
432 3640 461 3696 in
484 3640 630 3697 codicibus
648 3653 698 3698 aut
720 3643 757 3699 ab
779 3640 937 3698 editoribus
967 3651 1046 3698 certa
1067 3661 1130 3698 cor-

72 3745 203 3803 rectione
226 3755 381 3820 repertam,
403 3743 432 3801 in
455 3748 540 3804 rebus
561 3749 720 3823 prasertim
743 3747 842 3822 parvis
864 3756 893 3803 et
916 3745 1058 3816 facilibus,
1080 3767 1131 3804 uec

70 3851 223 3928 explicare
243 3850 358 3908 decrevi
383 3851 426 3926 (ut
444 3851 488 3908 hie
508 3851 605 3931 uter),
629 3872 715 3928 quam
741 3871 832 3930 prave
856 3853 886 3909 iu
907 3853 1012 3922 XXX,
1044 3857 1130 3925 16,·2

71 3957 235 4035 perfectum
258 3956 543 4034 (reposuerunt),
573 3958 601 4015 in
620 3958 727 4030 XXX,
755 3961 805 4028 24,
828 3961 845 4016 2
868 3959 1132 4038 plusquamperfec-

70 4075 133 4121 tum
156 4063 398 4137 (censuerant)
433 4073 576 4139 ponatur,
612 4075 661 4122 aut
692 4083 778 4140 quam
810 4085 868 4123 uon
896 4067 1020 4140 (XXX,
1045 4069 1073 4139 9,
1096 4071 1132 4141 2)

123 4183 235 4222 naevum
249 4181 405 4222 tem-..um
904 4199 914 4243 1
919 4200 934 4242 t
