2826 4650
598 287 634 345 47
1015 281 1070 331 om.
1090 282 1112 334 t.

83 487 165 526 esse:
197 469 292 543 quod
315 468 494 544 quispiam
516 467 702 542 indignari
725 497 763 508 -
786 475 925 542 posset,
953 467 1076 524 sentient
1096 467 1148 524 ed·
1176 544 1180 552 Ι

85 574 198 642 moniti,
220 573 271 649 qui
292 577 396 632 horum
417 574 619 650 pronominum
644 589 727 630 usum
748 575 856 630 tenent.
912 572 962 629 Ab
983 572 1148 630 huiusmodi

85 681 273 738 concessione
305 691 334 737 et
373 679 540 756 opinatione
578 677 778 754 (indignari
813 676 973 735 forsitan
1011 679 1147 753 aliquis

84 784 219 862 possit)
246 783 413 861 longissime
444 785 566 842 alterurn
593 786 739 847 obhorret.
783 784 818 841 Iu
844 784 946 841 eodem
978 786 1148 862 pronomine

86 893 254 949 oberratum
276 901 320 948 est
338 893 396 961 111,
420 895 468 962 55,
492 893 510 949 8
532 903 601 948 noto
627 891 703 966 loeo,
726 889 775 947 ubi
798 889 980 947 scribendum
1004 901 1062 948 est:
1086 892 1148 949 sed

86 1017 192 1072 quum
215 991 706 1073 quis(ood.areh.quid)eorum
729 996 885 1070 cuipiam
899 997 939 1066 (R
956 997 1011 1053 oui
1029 1015 1147 1072 quem,

85 1105 119 1160 tt
147 1103 203 1162 etti
229 1123 345 1178 quem,
370 1104 396 1160 P
420 1119 497 1163 meo.
528 1108 539 1161 i
568 1103 628 1178 qui
649 1101 718 1177 oui)
743 1101 927 1172 nocuerit,
948 1101 983 1158 id
1004 1121 1147 1162 ssorum

85 1209 233 1268 sanciri.

171 1315 267 1392 *Cep
292 1317 342 1385 39,
364 1319 398 1372 t:
425 1315 556 1372 Evenit
578 1313 704 1384 focile,
727 1312 822 1388 quod
843 1313 898 1370 dis
920 1314 1019 1370 sordi
1041 1323 1147 1376 esset.

86 1423 224 1480 Debebst
245 1422 303 1480 diei
324 1431 413 1479 erat.
457 1420 516 1480 Sed
537 1420 639 1478 Livius
659 1420 694 1476 de
722 1429 826 1476 eventu
848 1437 923 1476 curoe
945 1420 974 1477 in
997 1421 1147 1479 edooendo

86 1529 190 1586 Servio
224 1529 323 1587 Tullio
353 1527 454 1603 posite
482 1527 610 1583 dicturus
639 1545 659 1583 e
689 1525 818 1601 generali
849 1527 991 1584 sententie
1023 1527 1147 1583 orditur:

85 1635 220 1692 Evenit
251 1633 378 1703 facile,
416 1631 509 1708 quod
540 1631 596 1690 dis
623 1631 725 1689 cordi
755 1637 818 1694 est.
875 1631 995 1700 (Esset
1017 1651 1072 1708 pro
1094 1643 1149 1690 est

84 1759 187 1798 omnes
209 1741 324 1798 codices
345 1741 387 1812 Π,
410 1743 443 1796 tt
470 1739 545 1810 init.)

170 1844 269 1920 'Cep
293 1850 347 1917 to,
376 1848 408 1902 3:
443 1855 480 1901 ut
509 1844 544 1900 in
575 1841 696 1899 eedem
733 1843 886 1900 civitate
918 1853 1001 1920 post
1031 1854 1147 1902 oente-

84 1953 212 2008 sintutn
242 1951 320 2009 fere
350 1969 478 2009 ennutn
509 1967 613 2024 quem
641 1949 814 2006 Romulus
847 1949 912 2007 deo
944 1961 1147 2026 prognatus

84 2057 172 2113 deus
194 2057 273 2133 ipse
295 2057 637 2131 tenueritregnum‚
671 2055 785 2112 donec
817 2055 852 2112 in
885 2057 996 2114 terris
1017 2057 1146 2134 fuerit,

84 2164 118 2220 id
141 2181 272 2220 servus
294 2182 400 2220 servs
423 2172 529 2220 notus
550 2161 750 2237 possideat.
785 2161 881 2218 Huius
896 2162 951 2219 loci
969 2163 1146 2222 etmendutu

85 2281 114 2328 et
133 2269 344 2328 correctionem
365 2269 505 2326 orationis
526 2267 623 2326 forma
644 2267 809 2324 certissimis
831 2267 943 2325 indiciis
960 2269 1148 2327 demonstret.

84 2377 164 2433 Nsm
193 2393 284 2450 quum
306 2375 516 2432 contrariorum
539 2373 755 2449 comparatione
777 2373 865 2430 totius
887 2375 1026 2432 orationis
1051 2376 1148 2432 eonti-

83 2491 190 2540 nentur
210 2482 335 2558 pondus,
357 2480 474 2537 Livium
495 2499 545 2538 eas
566 2480 731 2549 sententias,
754 2479 857 2553 quibus
879 2479 1026 2537 contraris
1045 2488 1148 2537 noten-

84 2601 133 2647 tur
154 2590 233 2663 (deo
258 2595 459 2664 prognatus
482 2585 568 2642 deus
589 2585 667 2660 ipse
689 2593 718 2641 et
739 2602 865 2642 servus
887 2603 994 2641 serve
1020 2586 1148 2658 natus),

84 2695 161 2752 inter
183 2713 215 2751 se
241 2693 439 2761 coniunxisse,
473 2710 532 2749 non
561 2690 681 2747 alteram
710 2691 848 2766 temporis
880 2691 1022 2748 notationi
1048 2709 1148 2767 super-

84 2801 243 2870 addidisse,
266 2807 399 2875 apparet,
422 2807 450 2855 et
474 2797 499 2855 si
521 2815 574 2872 per
594 2813 625 2852 se
646 2815 703 2852 non
727 2805 888 2871 appareret,
912 2797 1075 2854 ostenderet
1088 2797 1148 2873 pri·

84 2927 165 2965 mum
187 2925 349 2983 pronomen
369 2905 405 2961 id
426 2903 506 2961 initio
528 2901 674 2960 sententiae
688 2903 725 2959 ad
745 2903 954 2962 contrariorum
970 2903 1149 2962 notationem

82 3013 298 3089 insigniendem
310 3011 447 3087 positum,
469 3028 554 3086 quem
569 3009 664 3066 locum
685 3026 761 3064 nuno
779 3009 854 3066 mele
870 3019 965 3066 tuetur
983 3010 1148 3084 (dicendum

84 3117 162 3174 etnim
180 3127 259 3174 eret:
280 3125 363 3192 post
385 3115 611 3174 centesimum
634 3133 777 3183 annum,
799 3132 903 3188 quarn
922 3117 1093 3174 Romulus
1109 3151 1148 3160 -

82 3223 249 3280 tennerit
276 3241 440 3297 regnum,
473 3239 601 3278 servus
628 3239 651 3277 s.
679 3239 707 3276 n.
733 3220 768 3277 id
796 3221 1012 3296 possideat),
1047 3221 1150 3278 deinde

83 3329 189 3385 addite
211 3327 277 3386 ille:
299 3329 413 3386 donee
433 3329 468 3385 in
490 3327 599 3384 terris
620 3325 747 3397 fuerit,
772 3345 836 3401 quae
857 3345 977 3402 prorsus
1000 3327 1099 3384 inanis
1121 3337 1150 3385 et

82 3453 227 3510 perversa
248 3444 315 3490 sunt
336 3435 366 3490 in
385 3434 523 3510 temporis
553 3431 706 3490 intervallo
736 3431 865 3488 notendo
897 3433 992 3508 (post
1027 3442 1149 3490 eonte-

82 3541 213 3597 simum
236 3557 365 3597 annum
387 3559 490 3614 quam
511 3537 685 3598 Romulus
713 3538 1056 3615 tenuerittregnurm
1089 3540 1149 3596 do·

83 3666 150 3704 neo
171 3647 206 3704 in
230 3645 340 3704 terris
361 3644 495 3717 fuerit).
538 3645 643 3720 Itaque
664 3646 719 3702 heo
732 3644 833 3702 Livius
854 3663 923 3702 usus
945 3655 989 3702 est
1010 3645 1149 3703 orationis

82 3753 198 3810 forma:
232 3761 268 3808 ut
293 3751 328 3808 in
357 3752 478 3810 eedem
509 3751 663 3809 civitate
693 3759 777 3828 post
805 3750 1039 3808 centesimum
1072 3750 1150 3808 fere

82 3877 232 3928 annum,
262 3857 358 3938 qud
378 3857 551 3916 Romulus
574 3858 640 3916 deo
661 3865 863 3934 prognatus
888 3857 974 3913 dous
1000 3857 1078 3931 ipse
1099 3865 1149 3914 te-

82 3964 210 4022 nuerit
240 3981 404 4038 regnum,
444 3963 556 4022 donee
587 3965 622 4021 in
654 3963 764 4022 terris
796 3961 923 4033 fuerit,
957 3961 991 4018 id
1021 3979 1149 4020 servus

80 4087 196 4128 serve
228 4077 335 4126 ustus
362 4067 560 4144 possideat.
617 4068 676 4143 Qui
696 4068 833 4140 mutavit,
866 4066 1026 4126 dormitans
1047 4085 1149 4126 vocem
