2826 4640
244 243 300 297 Lib.
311 245 394 296 XLII.
750 248 809 306 522

244 430 359 489 decreto
381 429 523 488 rhetorice
553 439 673 488 ustum
709 447 812 505 agrum
842 429 938 502 dicat,
970 430 1020 504 qui
1042 438 1109 486 anta
1130 429 1159 486 in
1183 429 1313 503 querelis

244 537 402 612 populatus
438 535 557 605 dicitur3
590 545 763 593 exustum
793 553 920 611 agrum
949 553 1036 592 nemo
1062 553 1190 608 unquam
1219 534 1312 604 dixit;

244 641 268 698 is
290 642 365 699 enirn
392 641 459 716 igne
480 649 667 716 consumptus
691 641 907 716 intelligeretur.
965 641 1000 698 ln
1023 641 1123 698 codice
1143 649 1203 698 est:
1226 641 1313 716 quis

243 746 336 804 socii
365 745 612 821 quererentur
638 756 806 805 senatum
837 755 1075 804 exustumaro
1105 766 1173 804 non
1203 765 1313 804 neum

243 870 320 909 eum
343 851 483 920 lacere,
502 859 553 908 cet.
581 852 801 928 Praepositiouis
816 851 913 929 apud
927 861 978 909 aut
990 851 1163 910 substantivi
1181 869 1312 926 agrum

243 956 394 1033 vestigium
423 956 532 1013 nullom
555 965 606 1014 est
657 957 782 1015 Duabus
803 957 907 1016 litteris
928 957 1047 1014 montis
1068 957 1113 1014 fit:
1141 957 1203 1032 qui
1225 975 1313 1013 nun-

243 1063 392 1130 cierent,
411 1061 497 1142 quld
512 1061 605 1118 socii
623 1071 875 1136 quererentur;
897 1071 1061 1120 senatum
1074 1063 1310 1136 exitium,

243 1185 311 1224 uon
340 1185 474 1240 aequum
500 1185 580 1224 eum
601 1165 741 1250 faeere,
777 1167 838 1240 qui
868 1169 912 1225 ab
947 1168 1061 1226 aoeiis
1082 1185 1106 1224 s.
1129 1185 1157 1222 u.
1188 1185 1217 1222 a.
1244 1166 1312 1223 ini.

242 1271 339 1329 Notus
368 1280 412 1328 est
432 1271 587 1328 verborum
610 1269 814 1342 existimandi,
843 1272 1020 1344 arbitrandi,
1053 1271 1187 1331 censendi
1207 1272 1238 1329 iu
1260 1273 1312 1330 de·

243 1377 329 1434 cretis
351 1394 440 1446 usus3
470 1375 717 1434 existumabit
743 1385 842 1434 vetere
863 1377 977 1436 ratione
996 1378 1136 1454 scriptum
1158 1379 1187 1435 in
1209 1379 1312 1436 codice

243 1499 266 1540 a
289 1484 338 1553 29,
363 1485 391 1539 6.

324 1587 462 1645 Nondum
485 1587 541 1644 hoe
562 1593 650 1661 caput
670 1586 867 1658 absolvimus;
888 1607 956 1646 narn
978 1593 994 1658 ξ
1011 1593 1026 1646 7
1050 1595 1210 1662 sequuntur
1231 1589 1312 1645 hac:

242 1693 296 1750 Ex
316 1693 424 1763 Asia,
445 1693 505 1768 qui
526 1689 626 1748 eirca
646 1691 766 1750 socios
787 1711 896 1768 reges
918 1693 1024 1750 missi
1050 1699 1169 1760 erant,
1190 1691 1311 1767 legati

242 1797 455 1868 redieruut,
478 1797 543 1873 qni
564 1796 844 1868 renuntiarunt,
866 1799 1064 1856 Eumenem
1086 1797 1123 1854 in
1144 1815 1200 1868 ea,
1236 1799 1311 1855 An-

137 1929 140 1940 ·
242 1903 401 1960 tiochum
423 1903 459 1960 in
483 1902 607 1978 Syria,
638 1901 873 1962 Ptolemaeum
905 1905 941 1962 in
971 1902 1205 1962 Alexandria
1226 1920 1311 1959 sese

242 2007 470 2067 convenisse.
512 2008 547 2064 In
570 2007 670 2065 codice
691 2007 893 2066 sicscribitur:
920 2052 950 2070 ..
979 2017 1091 2077 eraut,
1113 2007 1311 2064 redierunt

241 2113 360 2190 legati
385 2113 445 2188 qui
468 2111 658 2170 redierunt
682 2113 866 2172 Eumenen
899 2114 958 2172 iue
990 2113 1215 2172 Anthioeum
1253 2123 1308 2172 eet.

242 2221 377 2294 Apparet
399 2217 511 2294 opinor,
534 2216 656 2294 expulsa
677 2219 860 2295 repetitione,
881 2219 1065 2278 scribendum
1088 2236 1168 2275 ease:
1190 2215 1310 2293 legati

240 2324 451 2392 redierunt;
484 2323 680 2382 Eumenem
786 2343 868 2383 sese
889 2325 1129 2393 convenisse,
1149 2331 1182 2380 ut
1201 2341 1310 2380 renun-

241 2429 319 2487 tiata
339 2427 492 2505 legationis
520 2428 693 2504 significatio
714 2438 832 2506 petetur
852 2449 890 2487 ex
913 2429 1105 2488 redieruut
1127 2429 1212 2504 eique
1241 2448 1309 2488 ora·

241 2535 282 2593 tio
305 2535 425 2610 obliqua
446 2535 626 2594 adnectatur.
671 2535 758 2609 Quod
788 2545 885 2594 autem
914 2535 1168 2594 Weissenboruius
1197 2535 1308 2611 proin

241 2659 282 2698 ea
304 2645 384 2708 (narn
410 2639 532 2712 alterum
560 2659 578 2701 a
605 2641 634 2697 in
662 2643 726 2698 cod.
755 2642 901 2699 intercidit
927 2651 995 2698 ante
1016 2640 1137 2698 eandem
1167 2641 1307 2708 litteram)

239 2743 447 2804 restituendum
468 2744 525 2804 loci
546 2763 652 2803 nomen
673 2755 772 2822 putat,
799 2746 850 2804 ubi
872 2747 1032 2805 Eumenem
1054 2746 1144 2822 legati
1165 2765 1307 2804 couvene-

239 2851 312 2920 ιὶιιι,
347 2869 383 2908 ea
408 2849 581 2926 significatio
614 2851 686 2908 satis
707 2851 783 2910 inest
803 2853 833 2909 in
858 2853 907 2910 illo
931 2853 1111 2929 pronomine.
1169 2852 1249 2910 Nam
1271 2871 1307 2909 ex

241 2955 316 3014 Asia
337 2973 381 3024 ea,
404 2973 467 3031 quoe
488 2958 606 3034 proprie
627 2943 657 3014 e't
676 2957 823 3033 proecipue
842 2957 1054 3034 appellabatur,
1076 2957 1185 3014 redisse
1207 2957 1306 3014 dicun-

241 3069 288 3119 tur
316 3061 446 3119 Eumene
475 3061 516 3119 ibi
543 3056 730 3135 convente1).
798 3063 953 3122 Postremo
984 3069 998 3133 5
1022 3065 1055 3135 8,
1086 3063 1137 3120 ubi
1170 3062 1200 3120 iu
1223 3063 1306 3120 editis

241 3167 389 3224 scribitur:
411 3175 446 3224 et
466 3166 642 3225 civitates
664 3167 793 3226 socias
815 3169 959 3239 adisse;
981 3179 1128 3227 ceteras
1150 3168 1246 3226 satia
1266 3168 1305 3226 li·

241 3271 319 3342 dae,
351 3272 452 3330 solos
479 3271 644 3331 Rhodios
676 3271 905 3332 fluctuantes
940 3315 992 3335 ...
1031 3273 1245 3342 invenisse,
1276 3274 1305 3330 in

241 3377 305 3438 eod.
321 3388 378 3436 est:
399 3376 492 3437 satis
512 3376 609 3435 fidas
631 3379 755 3436 socios
776 3378 990 3448 llnctuatis3
1013 3377 1304 3456 oportuitscriptum:

267 3637 292 3707 ¹)
311 3645 348 3693 ln
366 3646 574 3696 Alexandria
592 3662 638 3711 pro
655 3648 872 3702 Alexandria
890 3657 978 3699 uatum
998 3659 1037 3700 est
1061 3665 1095 3699 ex
1113 3649 1204 3698 ultima
1221 3649 1304 3698 littera

309 3737 420 3788 nominis
437 3737 665 3804 Ptolemaeum,
696 3741 856 3804 praecedente
878 3740 1019 3805 prasertim
1043 3740 1082 3790 bis
1107 3741 1146 3790 iu.
1183 3739 1260 3801 Quod
1277 3743 1304 3790 iu

309 3829 403 3892 Syrio
420 3832 548 3894 precedit,
566 3831 625 3882 idco
645 3845 697 3882 nou
710 3831 793 3894 magio
805 3833 854 3882 dici
867 3833 950 3898 potuit
962 3833 970 3882 i
978 3847 993 3882 n
1005 3833 1210 3884 Alexandria
1227 3849 1302 3898 qoam

308 3919 412 3970 Roma
431 3921 743 3988 Syracusarumque
761 3939 809 3988 pro
827 3925 934 3975 Remu
953 3925 1211 3991 Syracusisqne.
