2826 4650
631 287 647 346 3
712 317 716 324 .

109 468 226 526 simois
248 467 499 526 emendationibus
521 467 699 542 explicandis
721 477 840 540 rentem,
862 470 930 544 qnid
951 471 980 526 in
1005 469 1081 527 Livii
1102 489 1167 528 ora·

109 574 187 632 tione
216 573 418 631 constituenda
450 574 602 650 probabile
639 583 728 646 esset,
762 575 1002 634 existimationem
1040 575 1167 634 stabilire

107 680 284 756 potuissem,
317 679 469 738 vindicatis
490 679 520 736 in
541 678 642 754 paneis
666 679 755 749 loeis,
786 699 860 755 quos
884 681 949 757 ipsa
967 681 1167 757 propinquitas

107 795 160 843 aut
185 786 341 844 similitudo
363 786 529 855 obtulisset,
557 784 680 842 aliorum
707 786 877 844 necessariis
903 797 932 844 et
957 787 1034 844 veris
1056 805 1167 846 correo·

108 893 251 962 tionibus,
271 891 398 950 futurum
421 891 468 948 vel
492 891 549 960 sie,
571 899 603 947 ut
623 891 731 965 aliquid
754 892 791 948 ad
816 891 903 949 totius
924 893 966 950 rei
987 903 1016 951 et
1037 893 1073 952 ad
1096 894 1167 951 alio·

107 1017 172 1056 mm
194 999 324 1056 locorum
345 997 481 1054 iudicium
502 997 698 1071 proficeretur.
741 997 820 1054 Nam
842 1016 919 1074 sape
941 999 977 1056 ad
999 1000 1074 1056 bano
1088 1009 1167 1058 vete·

106 1124 171 1162 rum
194 1103 427 1162 emendationum
456 1102 615 1160 autetiam
637 1103 780 1160 bonarum
800 1103 931 1160 oodionm
952 1105 1167 1180 seripturarum,

107 1229 173 1286 quas
210 1229 303 1286 nuper
340 1219 444 1286 spreta
477 1217 557 1278 suut,
595 1208 873 1266 commendationem
910 1221 939 1268 et
972 1207 1168 1270 defensionem

105 1317 219 1393 digredi
248 1335 305 1374 non
334 1317 445 1392 placet,
482 1333 518 1372 ea
545 1313 675 1390 proferre
705 1313 835 1384 conanti,
862 1332 926 1388 quae
953 1314 1068 1373 aliunde
1093 1316 1168 1374 sumi

105 1443 166 1482 non
201 1423 329 1499 possint,
360 1419 612 1496 reprehensionem
650 1431 679 1478 et
710 1420 936 1495 exagitationem
964 1420 1085 1479 aliorum
1124 1423 1167 1480 ui-

105 1529 196 1598 tanti‚
227 1527 281 1584 nisi
303 1546 367 1602 qua
388 1528 450 1584 sine
471 1527 577 1584 damno
600 1525 694 1583 omitti
714 1545 773 1582 non
799 1543 886 1601 posse
907 1525 1048 1586 videatur.
1094 1529 1166 1586 Per·

105 1653 185 1711 saepe
208 1645 306 1692 autem
332 1643 361 1690 et
382 1641 467 1689 antea
489 1631 558 1688 mihi
581 1632 744 1702 acciderat,
774 1641 824 1702 ut,
854 1651 917 1706 quae
948 1632 1093 1709 mihiipsi
1118 1643 1168 1692 ant

105 1741 206 1798 statim
228 1740 319 1816 ipsius
339 1739 397 1796 loci
417 1737 514 1796 forma
534 1739 702 1796 subiecisset
730 1747 781 1794 aut
802 1737 932 1795 codicum
959 1738 1082 1814 vestigia
1103 1739 1167 1796 dili·

104 1846 221 1920 gentina
244 1843 442 1914 eonsiderata‚
478 1863 514 1902 ea
536 1845 594 1902 iam
617 1855 684 1902 ente
705 1845 743 1902 ab
766 1843 830 1900 aliis
852 1845 1017 1920 excogitata
1038 1863 1102 1902 esse
1122 1845 1165 1902 in·

104 1951 284 2027 telligerem‚
320 1959 350 2006 et
375 1969 467 2026 nuper
492 1969 552 2008 non
579 1951 622 2008 ita
647 1968 756 2026 paura,
789 1968 852 2024 qua
885 1959 952 2009 aute
981 1951 1088 2010 multos
1118 1961 1168 2010 ant

103 2056 210 2114 saltem
232 2055 344 2130 aliquot
365 2075 457 2114 annos
481 2057 704 2127 adnotaveram,
736 2056 781 2113 bis
807 2057 948 2132 proximis
971 2058 1053 2114 aunis
1080 2076 1167 2132 quum

104 2163 142 2219 ab
165 2162 233 2220 aliis
259 2173 321 2219 tum
353 2179 372 2216 a
392 2159 564 2236 Kreyssigio
597 2160 678 2236 (post
701 2171 831 2218 curatam
855 2163 931 2220 Livii
957 2164 1110 2221 editionem
1137 2163 1167 2220 in

101 2269 343 2326 adnotationibus
365 2266 402 2322 ad
424 2265 513 2323 libros
526 2264 745 2342 XLI—XLV]
770 2277 800 2325 et
821 2289 839 2326 a
861 2269 1096 2328 Weissenbornio
1119 2289 1168 2328 oo·

100 2381 213 2450 enpata
232 2371 307 2442 vidi,
343 2372 421 2446 quod
452 2371 487 2430 de
509 2371 745 2430 Weissenbornio
768 2393 803 2432 eo
825 2375 890 2434 dico
911 2375 1060 2444 libentius,
1091 2375 1167 2450 quod

101 2480 129 2536 in
164 2478 231 2536 aliis
263 2477 448 2536 dissentiendi
480 2478 518 2534 ab
557 2495 591 2534 eo
629 2496 686 2534 non
719 2499 786 2538 raro
814 2499 903 2538 eausa
940 2482 1002 2542 erit.
1069 2481 1168 2540 Habet

100 2595 202 2642 antem
231 2585 292 2642 baec
320 2583 444 2659 plurium
475 2583 504 2640 iu
536 2584 637 2640 eadem
664 2586 864 2644 emendatione
895 2587 1064 2664 reperienda
1099 2605 1167 2644 oon·

101 2709 207 2750 senam
238 2689 373 2747 fortuitus
407 2693 485 2764 [qua
514 2689 628 2764 quidem
659 2689 787 2765 aliquam
823 2694 930 2751 babeat
957 2695 1108 2752 sententiaa
1140 2705 1168 2751 et

100 2796 247 2856 orationis
268 2794 456 2852 mutationem
477 2795 635 2853 notabilem
659 2807 710 2854 aut
731 2815 747 2854 e
769 2799 899 2856 codicum
920 2799 1049 2875 vestigiis
1072 2801 1167 2876 inape·

100 2911 169 2960 rata
191 2900 337 2978 emergat)
363 2899 482 2974 aliquod
503 2920 555 2976 per
575 2920 608 2958 se
628 2904 841 2979 probabilitatis
862 2906 1006 2966 indicium.
1063 2907 1168 2981 ltaque

100 3008 228 3067 subinde
249 3009 304 3064 boe
325 3007 550 3064 commemoravi
571 3007 600 3064 in
622 3009 657 3065 iis
672 3010 799 3066 maxime
816 3011 1073 3081 emendationibus,
1095 3030 1167 3087 quas

100 3115 161 3170 iam
187 3121 255 3170 ante
276 3111 381 3168 multos
403 3130 495 3169 annos
518 3112 603 3169 amici
624 3113 680 3170 mei
700 3113 827 3173 iuniores
856 3117 885 3173 in
907 3135 961 3175 sua
979 3117 1113 3194 exempla
1131 3119 1167 3174 de

101 3237 170 3277 meo
192 3217 415 3287 transtuleraut3
444 3227 577 3294 poteram
598 3218 628 3274 in
650 3219 739 3278 molto
761 3221 901 3296 pluribus.
949 3223 982 3282 Si
1006 3224 1167 3298 quierunt,

101 3323 170 3398 qui,
201 3341 292 3398 quum
318 3341 433 3380 omnem
458 3323 690 3382 emendationum
722 3326 836 3402 copiam
856 3327 886 3384 in
907 3347 995 3386 unum
1017 3328 1167 3387 collectam

103 3427 227 3486 rideant
245 3447 299 3486 nee
322 3428 480 3503 quidquam
502 3447 539 3486 ex
560 3429 618 3487 alio
641 3449 746 3506 genera
767 3432 983 3508 interpositum,
1011 3433 1067 3490 nisi
1089 3435 1167 3509 quod

102 3535 142 3592 ad
152 3534 223 3592 illae
237 3535 450 3592 confirmandas
464 3535 616 3612 pertineat,
636 3537 731 3612 ipsum
746 3557 895 3596 nnmemm
910 3538 1098 3597 reformident
1115 3559 1168 3598 nee

104 3649 147 3697 tet
168 3637 352 3698 remeeturaa
373 3641 412 3698 ab
433 3659 491 3698 uuo
513 3641 630 3699 bomine
651 3643 782 3718 accipere
807 3661 871 3700 oum
893 3663 1013 3702 assensu
1033 3645 1168 3716 audeant,

105 3753 209 3804 neutra
231 3762 282 3802 eos
303 3744 374 3802 nihil
394 3745 546 3804 dicendum
570 3756 627 3818 est;
660 3747 724 3805 aliis
752 3748 828 3805 enim
855 3749 1031 3824 ponderibus
1060 3759 1089 3808 et
1108 3751 1167 3810 suis

106 3849 262 3908 momentis
282 3851 345 3908 hac
366 3849 560 3909 examinanda
575 3861 662 3923 sunt;
685 3872 773 3912 nuum
785 3855 871 3913 velim
886 3855 1076 3927 oonsiderenb
1098 3867 1169 3931 quot

105 3955 190 4014 nutu
212 3953 332 4031 Grymi
353 3955 382 4012 in
406 3955 476 4014 solis
498 3957 625 4033 quinque
646 3959 727 4017 libris
742 3961 849 4035 quinta
859 3961 976 4020 decadis
990 3961 1168 4022 coniecturas

106 4070 281 4134 aequantur,
314 4077 490 4137 quamquam
513 4062 693 4122 coniecturas
714 4084 764 4124 eas
786 4085 850 4126 esse
871 4077 938 4126 aute
958 4067 1168 4144 Kreyssigiurn,

939 4171 967 4220 1·
