2826 4650
605 291 643 346 57
1007 286 1064 337 Lib.
1084 287 1117 336 11.

83 489 183 544 quum
210 470 239 526 in
263 489 327 526 eam
351 470 456 528 tribum
487 471 555 528 novi
586 471 706 529 tribules
730 480 813 528 extra
845 491 909 529 eum
941 491 1041 547 agrum
1064 473 1154 530 additi

85 585 206 646 essent,
235 593 286 633 usu
311 584 457 651 receptum
479 584 537 646 ost,
564 586 596 634 ut
616 577 672 646 illi,
697 577 806 652 quiex
829 596 863 634 eo
886 597 957 654 agro
979 581 1103 638 Romam
1125 589 1154 636 et

87 683 131 738 ad
154 682 273 739 comitia
293 680 432 752 venirent,
453 683 584 739 veteris
599 684 705 758 Appia
726 684 818 742 tribus
839 685 1033 760 appellatione
1054 686 1152 743 distin·

86 797 251 862 guerantur
272 807 290 843 a
308 786 410 844 ceteris
430 785 591 845 tribulibus.
633 791 777 864 Apparet,
799 809 850 847 our
861 790 962 848 Livius
983 792 1012 848 in
1033 791 1154 848 relativa

89 895 237 952 sententia
258 893 440 950 coniunctivo
461 893 547 950 modo
570 912 623 952 suo
646 914 727 952 more
750 896 786 952 da
807 915 839 953 ra
860 897 964 971 saepius
985 897 1064 956 faeta
1086 917 1155 956 usus

89 1000 142 1060 sit.
187 999 387 1075 Appellata
418 1000 554 1074 seriptum
585 1008 643 1070 est,
676 1002 754 1076 quod
781 1003 911 1076 sequitur
939 1001 1154 1079 a(Appius).
1183 983 1185 987 ,

93 1104 158 1164 cn.
184 1109 210 1172 1,
233 1108 281 1168 ts.
307 1109 319 1162 1
346 1107 461 1182 prima
482 1105 612 1163 classis
634 1125 754 1164 omnes
777 1105 996 1183 appellati1).

182 1209 254 1286 Cap.
282 1215 328 1282 ¹8,
353 1217 385 1268 4:
413 1211 481 1270 Sed
502 1229 566 1268 neo
587 1230 656 1285 quo
678 1231 770 1270 anno
792 1231 854 1271 nec
877 1213 1007 1288 quibus
1029 1232 1153 1270 oonsu-

94 1319 208 1387 libus,
245 1316 330 1392 quia
368 1337 410 1374 ex
447 1317 609 1375 factione
647 1319 901 1394 Tarquiniana
936 1327 1057 1374 essent
1104 1315 1154 1390 (id

95 1443 239 1500 qnoque
261 1424 353 1481 enim
374 1423 566 1494 traditur),
582 1442 706 1499 parum
729 1426 905 1483 creditum
925 1425 973 1482 sit
992 1441 1056 1479 ner
1076 1423 1155 1496 quis

95 1530 247 1605 primum
270 1529 432 1586 dictator
458 1538 603 1586 creatus
635 1530 697 1600 sit,
730 1531 821 1588 satia
850 1538 1003 1588 constat.
1056 1529 1156 1586 Prima

95 1637 148 1692 illa
169 1636 321 1693 disiunctio
354 1637 429 1706 (nee
461 1615 529 1708 quo
557 1654 649 1693 anuo
681 1656 745 1694 nec
781 1637 911 1712 quibus
944 1613 1156 1693 consulibus

96 1762 222 1820 parum
254 1741 430 1798 creditum
452 1741 511 1815 sit)
538 1751 566 1798 et
583 1753 766 1810 ,structuram
788 1743 927 1800 orationis
953 1743 1041 1800 habet
1061 1741 1156 1818 perin-

97 1861 194 1924 eptam
218 1848 271 1922 (-
293 1865 387 1921 neque
408 1847 483 1903 anim
504 1867 556 1922 per
577 1866 608 1904 sa
630 1850 719 1923 quaeri
740 1858 851 1924 potest,
882 1867 939 1922 quo
962 1867 1037 1905 anno
1059 1848 1156 1905 neseio

97 1955 144 2012 rui
166 1954 275 2036 hpmini
296 1973 398 2028 parum
421 1953 559 2010 creditum
581 1955 627 2022 sit,
649 1955 733 2030 quasi
750 1955 908 2011 seiunctum
930 1955 985 2010 hoo
1000 1953 1037 2010 sit
1053 1973 1071 2010 a
1087 1971 1155 2010 con·

98 2060 219 2120 salibus.
241 2059 292 2116 sed
314 2067 434 2128 tantum,
465 2079 522 2151 quo
546 2079 631 2125 anno,
652 2063 710 2148 hog
729 2070 780 2128 est,
802 2061 882 2118 cuius
904 2060 971 2116 anni
993 2060 1157 2116 consulibus

98 2185 202 2242 parurn
226 2165 364 2222 creditum
387 2165 424 2222 sit
437 2168 489 2234 —)
512 2175 540 2222 et
561 2167 702 2241 reliquam
724 2167 908 2235 sententiam
929 2185 997 2223 nam
1021 2166 1156 2240 quoniam

98 2273 176 2348 apud
199 2274 348 2330 Romanos
369 2271 437 2327 anni
464 2273 628 2329 consulibus
653 2282 804 2342 notantur,
836 2271 955 2328 ridicula
988 2272 1070 2346 quasi
1100 2271 1157 2329 duo

98 2379 159 2434 hate
180 2387 340 2454 ponuntur:
378 2395 442 2434 nae
474 2395 542 2452 quo
573 2398 665 2436 anno
697 2397 760 2436 neo
783 2377 913 2452 quibus
937 2376 1158 2433 oonsulibus.

99 2483 218 2559 Duplex
246 2493 310 2540 erat
335 2483 492 2554 dubitatio,
521 2483 627 2552 altera,
654 2485 759 2559 quibus
786 2483 950 2540 consulibus
974 2491 1046 2556 (quo
1069 2481 1157 2556 anno)

99 2590 209 2664 primus
231 2589 356 2646 dictator
382 2599 495 2646 creatus
522 2599 597 2646 esset
625 2590 725 2664 (iisne,
763 2608 836 2664 quos
858 2589 958 2647 Livius
980 2590 1035 2645 hoo
1066 2588 1159 2662 eapite

99 2697 275 2764 nominavit,
303 2716 356 2767 an,
387 2715 509 2770 quorum
532 2715 607 2753 anno
630 2696 788 2772 Dionysius
810 2696 848 2765 V,
873 2697 909 2752 tt
938 2713 998 2752 ram
1021 2693 1158 2768 assignat,

100 2803 138 2875 Q.
161 2800 282 2870 Cloelio,
304 2802 340 2860 T.
364 2802 466 2859 Lartio
487 2803 541 2874 11),
563 2803 664 2870 altera,
686 2802 751 2876 quis
772 2802 881 2877 primus
904 2801 1029 2857 dictator
1049 2799 1158 2858 fuisset.

100 2912 245 2984 Apparet,
259 2909 371 2984 opinor,
383 2909 497 2966 Livium
513 2917 622 2965 tantum
641 2909 702 2964 haee
718 2907 886 2983 scripsisse:
909 2907 977 2966 Sed
1001 2925 1063 2964 nec
1086 2907 1159 2980 qui·

100 3017 166 3072 bus
188 3013 417 3082 consulibus,
439 3013 524 3088 quia
540 3031 582 3069 ax
601 3012 780 3072 factTar.
796 3013 1084 3093 assumturus,
1102 3031 1159 3087 pa-

101 3141 175 3178 rurn
199 3119 376 3178 creditum
398 3119 461 3190 ait,
477 3137 540 3176 nec
558 3119 637 3193 quis
658 3120 809 3194 primum
833 3121 994 3178 dictator
1015 3127 1160 3176 oreatus

101 3229 164 3296 ait,
186 3227 278 3283 satis
298 3234 453 3285 constat.
485 3224 562 3282 Illud
579 3243 643 3281 neo
666 3244 734 3299 quo
753 3245 845 3284 anno
862 3225 1036 3301 adscriptum
1052 3234 1096 3282 est
1111 3225 1160 3282 do·

102 3333 247 3390 claranda
257 3332 298 3388 rei
315 3350 404 3388 eausa
415 3331 539 3388 fortasse
551 3332 587 3388 ab
599 3330 707 3405 aliquo,
726 3331 775 3405 qui
787 3350 844 3388 non
856 3331 927 3388 satis
940 3331 1107 3388 attendisset
1124 3331 1160 3386 ad

104 3439 180 3496 Livii
189 3437 327 3495 orationis
337 3438 506 3494 brevitatem
514 3437 641 3494 studiose
652 3437 812 3512 quaesitam,
821 3456 879 3511 qua
887 3438 1024 3512 temporis
1031 3446 1059 3494 et
1068 3455 1162 3494 causae

102 3545 276 3620 significatio
301 3545 330 3600 in
353 3562 439 3600 unam
452 3543 621 3600 sententiam
642 3543 793 3602 conflatur.
827 3541 925 3614 (Quod
941 3542 970 3598 in
982 3543 1045 3600 cod.
1063 3541 1162 3599 arohe-

104 3661 174 3726 typo
196 3650 333 3725 seriptum
355 3647 423 3706 fuit:
452 3649 581 3723 quibus
601 3647 693 3704 facti
715 3646 945 3718 oonsulibus,
967 3658 1061 3706 ortum
1083 3647 1162 3704 vitia·

104 3769 151 3814 tur
173 3757 292 3814 librario
314 3755 453 3832 primum,
485 3773 572 3830 quum
593 3753 722 3828 quibus
743 3752 917 3827 scripsisset,
952 3754 1104 3810 aberrante
1125 3753 1163 3810 ad

104 3864 190 3938 quia
212 3883 269 3931 ax,
297 3862 399 3919 deinde
425 3862 453 3918 in
482 3861 576 3918 media
607 3879 679 3916 voce
705 3857 867 3916 factione
895 3876 958 3915 sese
979 3859 1162 3930 retrahente.)

135 4001 157 4070 ¹)
175 4005 238 4056 Sero
256 4006 430 4064 animadverti,
446 4005 642 4055 Mommsenium
662 4019 747 4053 veram
763 4003 923 4056 sententiam.
943 4017 994 4051 non
1014 4004 1162 4067 scripturam

175 4101 279 4150 vidisse.
