<?xml version="1.0" encoding="UTF-8"?>
<!DOCTYPE html PUBLIC "-//W3C//DTD XHTML 1.0 Transitional//EN"
    "http://www.w3.org/TR/xhtml1/DTD/xhtml1-transitional.dtd">
<html xmlns="http://www.w3.org/1999/xhtml" xml:lang="en" lang="en">
 <head>
  <title>
</title>
<meta http-equiv="Content-Type" content="text/html;charset=utf-8" />
  <meta name='ocr-system' content='tesseract 3.04.00' />
  <meta name='ocr-capabilities' content='ocr_page ocr_carea ocr_par ocr_line ocrx_word'/>
</head>
<body>
  <div class='ocr_page' id='page_1' title='image "./emendationesliv02madvgoog_0560.png"; bbox 0 0 2826 4640; ppageno 0'>
   <div class='ocr_carea' id='block_1_1' title="bbox 622 241 1185 300">
    <p class='ocr_par' dir='ltr' id='par_1_1' title="bbox 622 241 1185 300">
     <span class='ocr_line' id='line_1_1' title="bbox 622 241 1185 300; baseline 0.002 -7"><span class='ocrx_word' id='word_1_1' title='bbox 622 245 679 300; x_wconf 77' lang='lat'><strong>551</strong></span> <span class='ocrx_word' id='word_1_2' title='bbox 1018 241 1076 292; x_wconf 81' lang='lat' dir='ltr'><strong>Lib.</strong></span> <span class='ocrx_word' id='word_1_3' title='bbox 1086 241 1185 294; x_wconf 81' lang='lat' dir='ltr'><strong>mn.</strong></span> 
     </span>
    </p>
   </div>
   <div class='ocr_carea' id='block_1_2' title="bbox 85 422 1186 4078">
    <p class='ocr_par' dir='ltr' id='par_1_2' title="bbox 85 422 1186 3443">
     <span class='ocr_line' id='line_1_2' title="bbox 120 422 1185 500; baseline 0.001 -18"><span class='ocrx_word' id='word_1_4' title='bbox 120 443 210 500; x_wconf 90' lang='lat' dir='ltr'><strong>quos</strong></span> <span class='ocrx_word' id='word_1_5' title='bbox 232 423 522 494; x_wconf 75' lang='lat' dir='ltr'><strong>manumisisset,</strong></span> <span class='ocrx_word' id='word_1_6' title='bbox 554 442 615 482; x_wconf 92' lang='lat' dir='ltr'><strong>eos</strong></span> <span class='ocrx_word' id='word_1_7' title='bbox 637 422 823 482; x_wconf 85' lang='lat' dir='ltr'><strong>Carteiam</strong></span> <span class='ocrx_word' id='word_1_8' title='bbox 856 422 903 480; x_wconf 85' lang='lat' dir='ltr'><strong>sd</strong></span> <span class='ocrx_word' id='word_1_9' title='bbox 924 440 1100 482; x_wconf 90' lang='lat' dir='ltr'><strong>oceanum</strong></span> <span class='ocrx_word' id='word_1_10' title='bbox 1122 425 1185 484; x_wconf 90' lang='lat' dir='ltr'><strong>de-</strong></span> 
     </span>
     <span class='ocr_line' id='line_1_3' title="bbox 119 528 1184 606; baseline 0.001 -18"><span class='ocrx_word' id='word_1_11' title='bbox 119 531 202 590; x_wconf 88' lang='lat' dir='ltr'><strong>duci</strong></span> <span class='ocrx_word' id='word_1_12' title='bbox 223 530 379 606; x_wconf 88' lang='lat' dir='ltr'><strong>placere.</strong></span> <span class='ocrx_word' id='word_1_13' title='bbox 426 530 495 587; x_wconf 91' lang='lat' dir='ltr'><strong>Duo</strong></span> <span class='ocrx_word' id='word_1_14' title='bbox 526 531 556 587; x_wconf 91' lang='lat' dir='ltr'><strong>in</strong></span> <span class='ocrx_word' id='word_1_15' title='bbox 577 531 634 588; x_wconf 89' lang='lat' dir='ltr'><strong>hoc</strong></span> <span class='ocrx_word' id='word_1_16' title='bbox 655 529 772 587; x_wconf 90' lang='lat' dir='ltr'><strong>decreto</strong></span> <span class='ocrx_word' id='word_1_17' title='bbox 793 528 922 604; x_wconf 80' lang='lat' dir='ltr'><strong>permira</strong></span> <span class='ocrx_word' id='word_1_18' title='bbox 943 537 1030 600; x_wconf 88' lang='lat' dir='ltr'><strong>suut,</strong></span> <span class='ocrx_word' id='word_1_19' title='bbox 1059 530 1184 605; x_wconf 88' lang='lat' dir='ltr'><strong>primum</strong></span> 
     </span>
     <span class='ocr_line' id='line_1_4' title="bbox 120 633 1185 710; baseline 0 -18"><span class='ocrx_word' id='word_1_20' title='bbox 120 635 200 710; x_wconf 90' lang='lat' dir='ltr'><strong>quod</strong></span> <span class='ocrx_word' id='word_1_21' title='bbox 230 635 272 694; x_wconf 93' lang='lat' dir='ltr'><strong>illi</strong></span> <span class='ocrx_word' id='word_1_22' title='bbox 292 634 425 694; x_wconf 90' lang='lat' dir='ltr'><strong>homiues</strong></span> <span class='ocrx_word' id='word_1_23' title='bbox 457 634 623 693; x_wconf 70' lang='lat' dir='ltr'><strong>manumitti</strong></span> <span class='ocrx_word' id='word_1_24' title='bbox 643 635 787 702; x_wconf 89' lang='lat' dir='ltr'><strong>iubentur,</strong></span> <span class='ocrx_word' id='word_1_25' title='bbox 821 633 905 708; x_wconf 88' lang='lat' dir='ltr'><strong>quasi</strong></span> <span class='ocrx_word' id='word_1_26' title='bbox 934 633 1073 692; x_wconf 82' lang='lat' dir='ltr'><strong>hactenus</strong></span> <span class='ocrx_word' id='word_1_27' title='bbox 1109 635 1185 692; x_wconf 83' lang='lat' dir='ltr'><strong>servi</strong></span> 
     </span>
     <span class='ocr_line' id='line_1_5' title="bbox 117 736 1186 816; baseline 0.001 -20"><span class='ocrx_word' id='word_1_28' title='bbox 117 739 241 811; x_wconf 76' lang='lat' dir='ltr'><strong>merim,</strong></span> <span class='ocrx_word' id='word_1_29' title='bbox 267 741 346 816; x_wconf 89' lang='lat' dir='ltr'><strong>quod</strong></span> <span class='ocrx_word' id='word_1_30' title='bbox 372 759 467 816; x_wconf 89' lang='lat' dir='ltr'><strong>neque</strong></span> <span class='ocrx_word' id='word_1_31' title='bbox 488 741 590 798; x_wconf 87' lang='lat' dir='ltr'><strong>Livius</strong></span> <span class='ocrx_word' id='word_1_32' title='bbox 620 739 690 797; x_wconf 90' lang='lat' dir='ltr'><strong>dicit</strong></span> <span class='ocrx_word' id='word_1_33' title='bbox 719 755 813 812; x_wconf 87' lang='lat' dir='ltr'><strong>neque</strong></span> <span class='ocrx_word' id='word_1_34' title='bbox 844 736 904 794; x_wconf 90' lang='lat' dir='ltr'><strong>ullo</strong></span> <span class='ocrx_word' id='word_1_35' title='bbox 933 740 1021 797; x_wconf 92' lang='lat' dir='ltr'><strong>modo</strong></span> <span class='ocrx_word' id='word_1_36' title='bbox 1051 740 1186 798; x_wconf 83' lang='lat' dir='ltr'><strong>convenit</strong></span> 
     </span>
     <span class='ocr_line' id='line_1_6' title="bbox 119 843 1185 922; baseline 0 -20"><span class='ocrx_word' id='word_1_37' title='bbox 119 863 186 903; x_wconf 91' lang='lat' dir='ltr'><strong>cum</strong></span> <span class='ocrx_word' id='word_1_38' title='bbox 206 843 251 916; x_wconf 86' lang='lat' dir='ltr'><strong>iis,</strong></span> <span class='ocrx_word' id='word_1_39' title='bbox 273 863 338 920; x_wconf 81' lang='lat' dir='ltr'><strong>quae</strong></span> <span class='ocrx_word' id='word_1_40' title='bbox 359 845 396 904; x_wconf 91' lang='lat' dir='ltr'><strong>de</strong></span> <span class='ocrx_word' id='word_1_41' title='bbox 418 846 528 922; x_wconf 83' lang='lat' dir='ltr'><strong>origine</strong></span> <span class='ocrx_word' id='word_1_42' title='bbox 550 863 650 903; x_wconf 87' lang='lat' dir='ltr'><strong>eorum</strong></span> <span class='ocrx_word' id='word_1_43' title='bbox 672 843 776 912; x_wconf 80' lang='lat' dir='ltr'><strong>tradit3</strong></span> <span class='ocrx_word' id='word_1_44' title='bbox 807 843 857 919; x_wconf 88' lang='lat' dir='ltr'><strong>qui</strong></span> <span class='ocrx_word' id='word_1_45' title='bbox 880 843 956 902; x_wconf 87' lang='lat' dir='ltr'><strong>onim</strong></span> <span class='ocrx_word' id='word_1_46' title='bbox 981 863 1018 902; x_wconf 88' lang='lat' dir='ltr'><strong>ex</strong></span> <span class='ocrx_word' id='word_1_47' title='bbox 1040 845 1103 903; x_wconf 85' lang='lat' dir='ltr'><strong>cire</strong></span> <span class='ocrx_word' id='word_1_48' title='bbox 1123 846 1185 904; x_wconf 85' lang='lat' dir='ltr'><strong>Ro-</strong></span> 
     </span>
     <span class='ocr_line' id='line_1_7' title="bbox 118 949 1184 1028; baseline -0.001 -21"><span class='ocrx_word' id='word_1_49' title='bbox 118 967 207 1008; x_wconf 83' lang='lat' dir='ltr'><strong>mano</strong></span> <span class='ocrx_word' id='word_1_50' title='bbox 235 959 264 1008; x_wconf 92' lang='lat' dir='ltr'><strong>et</strong></span> <span class='ocrx_word' id='word_1_51' title='bbox 284 950 406 1010; x_wconf 89' lang='lat' dir='ltr'><strong>muliere</strong></span> <span class='ocrx_word' id='word_1_52' title='bbox 426 952 589 1028; x_wconf 83' lang='lat' dir='ltr'><strong>peregrine,</strong></span> <span class='ocrx_word' id='word_1_53' title='bbox 612 967 737 1024; x_wconf 90' lang='lat' dir='ltr'><strong>quacum</strong></span> <span class='ocrx_word' id='word_1_54' title='bbox 758 949 934 1007; x_wconf 88' lang='lat' dir='ltr'><strong>connubium</strong></span> <span class='ocrx_word' id='word_1_55' title='bbox 955 969 1014 1007; x_wconf 93' lang='lat' dir='ltr'><strong>non</strong></span> <span class='ocrx_word' id='word_1_56' title='bbox 1038 958 1111 1020; x_wconf 82' lang='lat' dir='ltr'><strong>crat,</strong></span> <span class='ocrx_word' id='word_1_57' title='bbox 1132 968 1184 1006; x_wconf 87' lang='lat' dir='ltr'><strong>ua·</strong></span> 
     </span>
     <span class='ocr_line' id='line_1_8' title="bbox 117 1053 1183 1130; baseline 0 -18"><span class='ocrx_word' id='word_1_58' title='bbox 117 1062 166 1112; x_wconf 89' lang='lat' dir='ltr'><strong>tus</strong></span> <span class='ocrx_word' id='word_1_59' title='bbox 188 1063 269 1123; x_wconf 86' lang='lat' dir='ltr'><strong>eret,</strong></span> <span class='ocrx_word' id='word_1_60' title='bbox 293 1053 319 1111; x_wconf 90' lang='lat' dir='ltr'><strong>is</strong></span> <span class='ocrx_word' id='word_1_61' title='bbox 346 1053 428 1122; x_wconf 87' lang='lat' dir='ltr'><strong>liber,</strong></span> <span class='ocrx_word' id='word_1_62' title='bbox 453 1053 505 1110; x_wconf 89' lang='lat' dir='ltr'><strong>sed</strong></span> <span class='ocrx_word' id='word_1_63' title='bbox 525 1055 694 1130; x_wconf 80' lang='lat' dir='ltr'><strong>peregrinus</strong></span> <span class='ocrx_word' id='word_1_64' title='bbox 716 1063 780 1112; x_wconf 88' lang='lat' dir='ltr'><strong>erat</strong></span> <span class='ocrx_word' id='word_1_65' title='bbox 801 1073 882 1112; x_wconf 86' lang='lat' dir='ltr'><strong>more</strong></span> <span class='ocrx_word' id='word_1_66' title='bbox 905 1063 935 1112; x_wconf 88' lang='lat' dir='ltr'><strong>et</strong></span> <span class='ocrx_word' id='word_1_67' title='bbox 954 1055 1018 1112; x_wconf 90' lang='lat' dir='ltr'><strong>iure</strong></span> <span class='ocrx_word' id='word_1_68' title='bbox 1038 1056 1183 1113; x_wconf 87' lang='lat' dir='ltr'><strong>Romano.</strong></span> 
     </span>
     <span class='ocr_line' id='line_1_9' title="bbox 117 1158 1184 1236; baseline -0.002 -18"><span class='ocrx_word' id='word_1_69' title='bbox 117 1160 159 1218; x_wconf 84' lang='lat' dir='ltr'><strong>Et</strong></span> <span class='ocrx_word' id='word_1_70' title='bbox 181 1159 231 1234; x_wconf 89' lang='lat' dir='ltr'><strong>qui</strong></span> <span class='ocrx_word' id='word_1_71' title='bbox 251 1168 387 1234; x_wconf 89' lang='lat' dir='ltr'><strong>poterant</strong></span> <span class='ocrx_word' id='word_1_72' title='bbox 407 1159 485 1216; x_wconf 85' lang='lat' dir='ltr'><strong>servi</strong></span> <span class='ocrx_word' id='word_1_73' title='bbox 512 1158 627 1236; x_wconf 84' lang='lat' dir='ltr'><strong>legatos</strong></span> <span class='ocrx_word' id='word_1_74' title='bbox 649 1160 687 1218; x_wconf 86' lang='lat' dir='ltr'><strong>ad</strong></span> <span class='ocrx_word' id='word_1_75' title='bbox 708 1169 841 1218; x_wconf 88' lang='lat' dir='ltr'><strong>senatum</strong></span> <span class='ocrx_word' id='word_1_76' title='bbox 863 1161 1031 1218; x_wconf 86' lang='lat' dir='ltr'><strong>Romanum</strong></span> <span class='ocrx_word' id='word_1_77' title='bbox 1052 1158 1184 1217; x_wconf 85' lang='lat' dir='ltr'><strong>mittere?</strong></span> 
     </span>
     <span class='ocr_line' id='line_1_10' title="bbox 116 1263 1184 1340; baseline 0 -18"><span class='ocrx_word' id='word_1_78' title='bbox 116 1263 233 1322; x_wconf 86' lang='lat' dir='ltr'><strong>Deinde</strong></span> <span class='ocrx_word' id='word_1_79' title='bbox 254 1273 367 1340; x_wconf 86' lang='lat' dir='ltr'><strong>partem</strong></span> <span class='ocrx_word' id='word_1_80' title='bbox 389 1265 517 1340; x_wconf 78' lang='lat' dir='ltr'><strong>aliquam</strong></span> <span class='ocrx_word' id='word_1_81' title='bbox 538 1265 642 1322; x_wconf 86' lang='lat' dir='ltr'><strong>horum</strong></span> <span class='ocrx_word' id='word_1_82' title='bbox 664 1265 813 1322; x_wconf 89' lang='lat' dir='ltr'><strong>hominum</strong></span> <span class='ocrx_word' id='word_1_83' title='bbox 841 1283 860 1322; x_wconf 90' lang='lat' dir='ltr'><strong>a</strong></span> <span class='ocrx_word' id='word_1_84' title='bbox 880 1273 1005 1340; x_wconf 72' lang='lat' dir='ltr'><strong>praetore</strong></span> <span class='ocrx_word' id='word_1_85' title='bbox 1026 1264 1184 1322; x_wconf 87' lang='lat' dir='ltr'><strong>manumis-</strong></span> 
     </span>
     <span class='ocr_line' id='line_1_11' title="bbox 119 1367 1184 1445; baseline -0.001 -18"><span class='ocrx_word' id='word_1_86' title='bbox 119 1387 170 1428; x_wconf 87' lang='lat' dir='ltr'><strong>sos</strong></span> <span class='ocrx_word' id='word_1_87' title='bbox 193 1385 256 1428; x_wconf 86' lang='lat' dir='ltr'><strong>esse</strong></span> <span class='ocrx_word' id='word_1_88' title='bbox 278 1369 456 1445; x_wconf 85' lang='lat' dir='ltr'><strong>significatur</strong></span> <span class='ocrx_word' id='word_1_89' title='bbox 488 1379 518 1428; x_wconf 88' lang='lat' dir='ltr'><strong>ct</strong></span> <span class='ocrx_word' id='word_1_90' title='bbox 539 1367 687 1428; x_wconf 80' lang='lat' dir='ltr'><strong>Carteiam</strong></span> <span class='ocrx_word' id='word_1_91' title='bbox 709 1370 849 1428; x_wconf 89' lang='lat' dir='ltr'><strong>deductos</strong></span> <span class='ocrx_word' id='word_1_92' title='bbox 873 1375 1013 1438; x_wconf 86' lang='lat' dir='ltr'><strong>(eorum</strong></span> <span class='ocrx_word' id='word_1_93' title='bbox 1035 1369 1068 1426; x_wconf 92' lang='lat' dir='ltr'><strong>si</strong></span> <span class='ocrx_word' id='word_1_94' title='bbox 1092 1387 1184 1444; x_wconf 87' lang='lat' dir='ltr'><strong>quos</strong></span> 
     </span>
     <span class='ocr_line' id='line_1_12' title="bbox 85 1473 1183 1552; baseline -0.002 -18"><span class='ocrx_word' id='word_1_95' title='bbox 85 1477 93 1488; x_wconf 81' lang='grc'><em>’</em></span> <span class='ocrx_word' id='word_1_96' title='bbox 117 1473 206 1552; x_wconf 88' lang='lat' dir='ltr'><strong>cet.);</strong></span> <span class='ocrx_word' id='word_1_97' title='bbox 228 1493 280 1533; x_wconf 90' lang='lat' dir='ltr'><strong>cur</strong></span> <span class='ocrx_word' id='word_1_98' title='bbox 300 1493 359 1532; x_wconf 89' lang='lat' dir='ltr'><strong>non</strong></span> <span class='ocrx_word' id='word_1_99' title='bbox 384 1491 484 1532; x_wconf 90' lang='lat' dir='ltr'><strong>omues</strong></span> <span class='ocrx_word' id='word_1_100' title='bbox 506 1474 677 1532; x_wconf 78' lang='lat' dir='ltr'><strong>manumissi</strong></span> <span class='ocrx_word' id='word_1_101' title='bbox 698 1475 764 1545; x_wconf 77' lang='lat' dir='ltr'><strong>sint,</strong></span> <span class='ocrx_word' id='word_1_102' title='bbox 784 1475 854 1549; x_wconf 93' lang='lat' dir='ltr'><strong>quid</strong></span> <span class='ocrx_word' id='word_1_103' title='bbox 877 1473 1049 1532; x_wconf 78' lang='lat' dir='ltr'><strong>discriminis</strong></span> <span class='ocrx_word' id='word_1_104' title='bbox 1073 1474 1183 1534; x_wconf 84' lang='lat' dir='ltr'><strong>iactum</strong></span> 
     </span>
     <span class='ocr_line' id='line_1_13' title="bbox 118 1579 1184 1656; baseline 0 -18"><span class='ocrx_word' id='word_1_105' title='bbox 118 1589 149 1638; x_wconf 89' lang='lat' dir='ltr'><strong>et</strong></span> <span class='ocrx_word' id='word_1_106' title='bbox 170 1580 239 1656; x_wconf 92' lang='lat' dir='ltr'><strong>quid</strong></span> <span class='ocrx_word' id='word_1_107' title='bbox 261 1581 297 1638; x_wconf 92' lang='lat' dir='ltr'><strong>de</strong></span> <span class='ocrx_word' id='word_1_108' title='bbox 319 1580 421 1638; x_wconf 86' lang='lat' dir='ltr'><strong>ceteris</strong></span> <span class='ocrx_word' id='word_1_109' title='bbox 442 1581 589 1637; x_wconf 89' lang='lat' dir='ltr'><strong>decretum</strong></span> <span class='ocrx_word' id='word_1_110' title='bbox 606 1580 652 1650; x_wconf 89' lang='lat' dir='ltr'><strong>sit,</strong></span> <span class='ocrx_word' id='word_1_111' title='bbox 666 1599 725 1638; x_wconf 91' lang='lat' dir='ltr'><strong>non</strong></span> <span class='ocrx_word' id='word_1_112' title='bbox 743 1581 931 1656; x_wconf 86' lang='lat' dir='ltr'><strong>significatur.</strong></span> <span class='ocrx_word' id='word_1_113' title='bbox 971 1579 1058 1654; x_wconf 85' lang='lat' dir='ltr'><strong>Quod</strong></span> <span class='ocrx_word' id='word_1_114' title='bbox 1078 1599 1132 1656; x_wconf 89' lang='lat' dir='ltr'><strong>per</strong></span> <span class='ocrx_word' id='word_1_115' title='bbox 1152 1599 1184 1638; x_wconf 87' lang='lat' dir='ltr'><strong>se</strong></span> 
     </span>
     <span class='ocr_line' id='line_1_14' title="bbox 117 1684 1183 1762; baseline 0 -18"><span class='ocrx_word' id='word_1_116' title='bbox 117 1695 254 1744; x_wconf 85' lang='lat' dir='ltr'><strong>constare</strong></span> <span class='ocrx_word' id='word_1_117' title='bbox 275 1694 399 1762; x_wconf 88' lang='lat' dir='ltr'><strong>poterat,</strong></span> <span class='ocrx_word' id='word_1_118' title='bbox 421 1684 531 1760; x_wconf 88' lang='lat' dir='ltr'><strong>aliquid</strong></span> <span class='ocrx_word' id='word_1_119' title='bbox 554 1703 617 1742; x_wconf 84' lang='lat' dir='ltr'><strong>esse</strong></span> <span class='ocrx_word' id='word_1_120' title='bbox 638 1685 668 1742; x_wconf 92' lang='lat' dir='ltr'><strong>in</strong></span> <span class='ocrx_word' id='word_1_121' title='bbox 689 1685 725 1742; x_wconf 92' lang='lat' dir='ltr'><strong>iis</strong></span> <span class='ocrx_word' id='word_1_122' title='bbox 743 1685 851 1758; x_wconf 83' lang='lat' dir='ltr'><strong>verbis,</strong></span> <span class='ocrx_word' id='word_1_123' title='bbox 873 1685 977 1761; x_wconf 88' lang='lat' dir='ltr'><strong>quibus</strong></span> <span class='ocrx_word' id='word_1_124' title='bbox 1000 1686 1107 1744; x_wconf 88' lang='lat' dir='ltr'><strong>decreti</strong></span> <span class='ocrx_word' id='word_1_125' title='bbox 1116 1703 1183 1744; x_wconf 88' lang='lat' dir='ltr'><strong>sen-</strong></span> 
     </span>
     <span class='ocr_line' id='line_1_15' title="bbox 117 1789 1183 1866; baseline 0.001 -18"><span class='ocrx_word' id='word_1_126' title='bbox 117 1790 210 1848; x_wconf 86' lang='lat' dir='ltr'><strong>tentia</strong></span> <span class='ocrx_word' id='word_1_127' title='bbox 230 1791 390 1862; x_wconf 88' lang='lat' dir='ltr'><strong>indicatur,</strong></span> <span class='ocrx_word' id='word_1_128' title='bbox 411 1789 526 1859; x_wconf 89' lang='lat' dir='ltr'><strong>mendi,</strong></span> <span class='ocrx_word' id='word_1_129' title='bbox 548 1789 732 1848; x_wconf 82' lang='lat' dir='ltr'><strong>manifestum</strong></span> <span class='ocrx_word' id='word_1_130' title='bbox 755 1792 788 1848; x_wconf 90' lang='lat' dir='ltr'><strong>fit</strong></span> <span class='ocrx_word' id='word_1_131' title='bbox 809 1811 826 1848; x_wconf 93' lang='lat' dir='ltr'><strong>e</strong></span> <span class='ocrx_word' id='word_1_132' title='bbox 847 1791 964 1863; x_wconf 91' lang='lat' dir='ltr'><strong>codice,</strong></span> <span class='ocrx_word' id='word_1_133' title='bbox 984 1791 1015 1848; x_wconf 92' lang='lat' dir='ltr'><strong>iu</strong></span> <span class='ocrx_word' id='word_1_134' title='bbox 1038 1809 1095 1866; x_wconf 91' lang='lat' dir='ltr'><strong>quo</strong></span> <span class='ocrx_word' id='word_1_135' title='bbox 1114 1811 1183 1850; x_wconf 88' lang='lat' dir='ltr'><strong>ma-</strong></span> 
     </span>
     <span class='ocr_line' id='line_1_16' title="bbox 116 1895 1184 1970; baseline -0.001 -17"><span class='ocrx_word' id='word_1_136' title='bbox 116 1896 358 1953; x_wconf 87' lang='lat' dir='ltr'><strong>numisissent</strong></span> <span class='ocrx_word' id='word_1_137' title='bbox 379 1895 533 1966; x_wconf 83' lang='lat' dir='ltr'><strong>scribitur,</strong></span> <span class='ocrx_word' id='word_1_138' title='bbox 563 1913 623 1970; x_wconf 88' lang='lat' dir='ltr'><strong>qua</strong></span> <span class='ocrx_word' id='word_1_139' title='bbox 651 1896 736 1953; x_wconf 89' lang='lat' dir='ltr'><strong>unius</strong></span> <span class='ocrx_word' id='word_1_140' title='bbox 757 1895 860 1952; x_wconf 72' lang='lat' dir='ltr'><strong>litterae</strong></span> <span class='ocrx_word' id='word_1_141' title='bbox 894 1895 1055 1954; x_wconf 86' lang='lat' dir='ltr'><strong>adiectione</strong></span> <span class='ocrx_word' id='word_1_142' title='bbox 1085 1895 1184 1952; x_wconf 89' lang='lat' dir='ltr'><strong>omnia</strong></span> 
     </span>
     <span class='ocr_line' id='line_1_17' title="bbox 117 1999 1185 2060; baseline 0 -2"><span class='ocrx_word' id='word_1_143' title='bbox 117 2010 199 2060; x_wconf 85' lang='lat' dir='ltr'><strong>recta</strong></span> <span class='ocrx_word' id='word_1_144' title='bbox 229 2011 258 2059; x_wconf 93' lang='lat' dir='ltr'><strong>et</strong></span> <span class='ocrx_word' id='word_1_145' title='bbox 285 2019 361 2058; x_wconf 84' lang='lat' dir='ltr'><strong>sana</strong></span> <span class='ocrx_word' id='word_1_146' title='bbox 383 2002 463 2058; x_wconf 79' lang='lat' dir='ltr'><strong>liunt</strong></span> <span class='ocrx_word' id='word_1_147' title='bbox 510 2001 691 2059; x_wconf 84' lang='lat' dir='ltr'><strong>iubebantur</strong></span> <span class='ocrx_word' id='word_1_148' title='bbox 717 1999 759 2057; x_wconf 91' lang='lat' dir='ltr'><strong>illi</strong></span> <span class='ocrx_word' id='word_1_149' title='bbox 788 2001 922 2058; x_wconf 89' lang='lat' dir='ltr'><strong>homiues</strong></span> <span class='ocrx_word' id='word_1_150' title='bbox 950 2001 1099 2059; x_wconf 90' lang='lat' dir='ltr'><strong>nomina</strong></span> <span class='ocrx_word' id='word_1_151' title='bbox 1119 2017 1185 2058; x_wconf 89' lang='lat' dir='ltr'><strong>sua</strong></span> 
     </span>
     <span class='ocr_line' id='line_1_18' title="bbox 117 2106 1183 2184; baseline 0 -20"><span class='ocrx_word' id='word_1_152' title='bbox 117 2107 272 2184; x_wconf 85' lang='lat' dir='ltr'><strong>(ipsorum)</strong></span> <span class='ocrx_word' id='word_1_153' title='bbox 294 2106 467 2183; x_wconf 79' lang='lat' dir='ltr'><strong>profiteri</strong></span> <span class='ocrx_word' id='word_1_154' title='bbox 486 2117 520 2164; x_wconf 90' lang='lat' dir='ltr'><strong>et</strong></span> <span class='ocrx_word' id='word_1_155' title='bbox 541 2125 684 2177; x_wconf 87' lang='lat' dir='ltr'><strong>eorum,</strong></span> <span class='ocrx_word' id='word_1_156' title='bbox 705 2106 736 2162; x_wconf 90' lang='lat' dir='ltr'><strong>si</strong></span> <span class='ocrx_word' id='word_1_157' title='bbox 758 2123 848 2180; x_wconf 90' lang='lat' dir='ltr'><strong>quos</strong></span> <span class='ocrx_word' id='word_1_158' title='bbox 870 2106 1183 2165; x_wconf 83' lang='lat' dir='ltr'><strong>manumisissent.</strong></span> 
     </span>
     <span class='ocr_line' id='line_1_19' title="bbox 116 2211 1182 2286; baseline -0.002 -16"><span class='ocrx_word' id='word_1_159' title='bbox 116 2213 196 2270; x_wconf 85' lang='lat' dir='ltr'><strong>Nam</strong></span> <span class='ocrx_word' id='word_1_160' title='bbox 219 2230 320 2271; x_wconf 78' lang='lat' dir='ltr'><strong>servos</strong></span> <span class='ocrx_word' id='word_1_161' title='bbox 350 2211 467 2286; x_wconf 90' lang='lat' dir='ltr'><strong>quidam</strong></span> <span class='ocrx_word' id='word_1_162' title='bbox 491 2230 590 2270; x_wconf 88' lang='lat' dir='ltr'><strong>corum</strong></span> <span class='ocrx_word' id='word_1_163' title='bbox 625 2219 653 2268; x_wconf 88' lang='lat' dir='ltr'><strong>et</strong></span> <span class='ocrx_word' id='word_1_164' title='bbox 685 2212 851 2269; x_wconf 90' lang='lat' dir='ltr'><strong>habuerant</strong></span> <span class='ocrx_word' id='word_1_165' title='bbox 882 2220 911 2268; x_wconf 90' lang='lat' dir='ltr'><strong>et</strong></span> <span class='ocrx_word' id='word_1_166' title='bbox 943 2211 1182 2280; x_wconf 86' lang='lat' dir='ltr'><strong>manumiserant;</strong></span> 
     </span>
     <span class='ocr_line' id='line_1_20' title="bbox 117 2315 1183 2394; baseline -0.004 -18"><span class='ocrx_word' id='word_1_167' title='bbox 117 2318 218 2394; x_wconf 86' lang='lat' dir='ltr'><strong>itaque</strong></span> <span class='ocrx_word' id='word_1_168' title='bbox 238 2318 284 2376; x_wconf 88' lang='lat' dir='ltr'><strong>his</strong></span> <span class='ocrx_word' id='word_1_169' title='bbox 306 2335 423 2392; x_wconf 89' lang='lat' dir='ltr'><strong>quoquc</strong></span> <span class='ocrx_word' id='word_1_170' title='bbox 437 2317 589 2388; x_wconf 90' lang='lat' dir='ltr'><strong>libertinis,</strong></span> <span class='ocrx_word' id='word_1_171' title='bbox 610 2317 727 2374; x_wconf 76' lang='lat' dir='ltr'><strong>incerta</strong></span> <span class='ocrx_word' id='word_1_172' title='bbox 749 2335 807 2372; x_wconf 90' lang='lat' dir='ltr'><strong>non</strong></span> <span class='ocrx_word' id='word_1_173' title='bbox 830 2316 933 2384; x_wconf 84' lang='lat' dir='ltr'><strong>minus,</strong></span> <span class='ocrx_word' id='word_1_174' title='bbox 956 2335 1044 2391; x_wconf 88' lang='lat' dir='ltr'><strong>quam</strong></span> <span class='ocrx_word' id='word_1_175' title='bbox 1066 2315 1183 2391; x_wconf 88' lang='lat' dir='ltr'><strong>patroni</strong></span> 
     </span>
     <span class='ocr_line' id='line_1_21' title="bbox 118 2421 1184 2495; baseline -0.003 -14"><span class='ocrx_word' id='word_1_176' title='bbox 118 2433 212 2495; x_wconf 85' lang='lat' dir='ltr'><strong>crant,</strong></span> <span class='ocrx_word' id='word_1_177' title='bbox 236 2423 432 2494; x_wconf 88' lang='lat' dir='ltr'><strong>condicionis,</strong></span> <span class='ocrx_word' id='word_1_178' title='bbox 454 2422 660 2481; x_wconf 88' lang='lat' dir='ltr'><strong>consulendum</strong></span> <span class='ocrx_word' id='word_1_179' title='bbox 684 2431 755 2481; x_wconf 86' lang='lat' dir='ltr'><strong>erat.</strong></span> <span class='ocrx_word' id='word_1_180' title='bbox 799 2421 915 2480; x_wconf 78' lang='lat' dir='ltr'><strong>Deinde</strong></span> <span class='ocrx_word' id='word_1_181' title='bbox 936 2421 1126 2479; x_wconf 87' lang='lat' dir='ltr'><strong>communiter</strong></span> <span class='ocrx_word' id='word_1_182' title='bbox 1147 2422 1184 2479; x_wconf 90' lang='lat' dir='ltr'><strong>dc</strong></span> 
     </span>
     <span class='ocr_line' id='line_1_22' title="bbox 117 2525 1182 2603; baseline -0.001 -17"><span class='ocrx_word' id='word_1_183' title='bbox 117 2530 253 2588; x_wconf 92' lang='lat' dir='ltr'><strong>omnibus</strong></span> <span class='ocrx_word' id='word_1_184' title='bbox 274 2530 319 2600; x_wconf 90' lang='lat' dir='ltr'><strong>iis,</strong></span> <span class='ocrx_word' id='word_1_185' title='bbox 341 2547 464 2603; x_wconf 89' lang='lat' dir='ltr'><strong>quorum</strong></span> <span class='ocrx_word' id='word_1_186' title='bbox 488 2527 607 2586; x_wconf 88' lang='lat' dir='ltr'><strong>nomina</strong></span> <span class='ocrx_word' id='word_1_187' title='bbox 629 2527 707 2584; x_wconf 83' lang='lat' dir='ltr'><strong>edita</strong></span> <span class='ocrx_word' id='word_1_188' title='bbox 729 2537 841 2597; x_wconf 87' lang='lat' dir='ltr'><strong>esseut,</strong></span> <span class='ocrx_word' id='word_1_189' title='bbox 864 2527 992 2584; x_wconf 74' lang='lat' dir='ltr'><strong>additum</strong></span> <span class='ocrx_word' id='word_1_190' title='bbox 1017 2544 1077 2584; x_wconf 87' lang='lat' dir='ltr'><strong>eos</strong></span> <span class='ocrx_word' id='word_1_191' title='bbox 1099 2525 1182 2585; x_wconf 85' lang='lat' dir='ltr'><strong>Car·</strong></span> 
     </span>
     <span class='ocr_line' id='line_1_23' title="bbox 115 2632 1183 2708; baseline -0.003 -16"><span class='ocrx_word' id='word_1_192' title='bbox 115 2635 228 2692; x_wconf 88' lang='lat' dir='ltr'><strong>teiam</strong></span> <span class='ocrx_word' id='word_1_193' title='bbox 250 2645 304 2692; x_wconf 90' lang='lat' dir='ltr'><strong>cet.</strong></span> <span class='ocrx_word' id='word_1_194' title='bbox 350 2635 456 2708; x_wconf 89' lang='lat' dir='ltr'><strong>Itaque</strong></span> <span class='ocrx_word' id='word_1_195' title='bbox 478 2633 593 2691; x_wconf 83' lang='lat' dir='ltr'><strong>colonia</strong></span> <span class='ocrx_word' id='word_1_196' title='bbox 614 2632 673 2703; x_wconf 89' lang='lat' dir='ltr'><strong>illa,</strong></span> <span class='ocrx_word' id='word_1_197' title='bbox 696 2643 837 2706; x_wconf 86' lang='lat' dir='ltr'><strong>quantum</strong></span> <span class='ocrx_word' id='word_1_198' title='bbox 858 2651 896 2690; x_wconf 87' lang='lat' dir='ltr'><strong>ex</strong></span> <span class='ocrx_word' id='word_1_199' title='bbox 917 2632 995 2690; x_wconf 83' lang='lat' dir='ltr'><strong>Livii</strong></span> <span class='ocrx_word' id='word_1_200' title='bbox 1016 2632 1183 2690; x_wconf 86' lang='lat' dir='ltr'><strong>narratione</strong></span> 
     </span>
     <span class='ocr_line' id='line_1_24' title="bbox 115 2735 1180 2815; baseline 0 -21"><span class='ocrx_word' id='word_1_201' title='bbox 115 2737 238 2813; x_wconf 81' lang='lat' dir='ltr'><strong>intelligi</strong></span> <span class='ocrx_word' id='word_1_202' title='bbox 258 2747 363 2815; x_wconf 88' lang='lat' dir='ltr'><strong>potest,</strong></span> <span class='ocrx_word' id='word_1_203' title='bbox 385 2758 445 2796; x_wconf 92' lang='lat' dir='ltr'><strong>non</strong></span> <span class='ocrx_word' id='word_1_204' title='bbox 467 2739 546 2814; x_wconf 90' lang='lat' dir='ltr'><strong>qnod</strong></span> <span class='ocrx_word' id='word_1_205' title='bbox 567 2748 631 2796; x_wconf 88' lang='lat' dir='ltr'><strong>tota</strong></span> <span class='ocrx_word' id='word_1_206' title='bbox 652 2757 690 2795; x_wconf 86' lang='lat' dir='ltr'><strong>ex</strong></span> <span class='ocrx_word' id='word_1_207' title='bbox 711 2735 852 2794; x_wconf 86' lang='lat' dir='ltr'><strong>libertinis</strong></span> <span class='ocrx_word' id='word_1_208' title='bbox 875 2744 960 2806; x_wconf 87' lang='lat' dir='ltr'><strong>esset,</strong></span> <span class='ocrx_word' id='word_1_209' title='bbox 981 2736 1180 2794; x_wconf 87' lang='lat' dir='ltr'><strong>libertinorum</strong></span> 
     </span>
     <span class='ocr_line' id='line_1_25' title="bbox 116 2841 1181 2920; baseline 0.002 -20"><span class='ocrx_word' id='word_1_210' title='bbox 116 2843 264 2920; x_wconf 87' lang='lat' dir='ltr'><strong>appellata</strong></span> <span class='ocrx_word' id='word_1_211' title='bbox 286 2855 338 2915; x_wconf 89' lang='lat' dir='ltr'><strong>cst,</strong></span> <span class='ocrx_word' id='word_1_212' title='bbox 360 2845 411 2902; x_wconf 87' lang='lat' dir='ltr'><strong>scd</strong></span> <span class='ocrx_word' id='word_1_213' title='bbox 433 2844 512 2920; x_wconf 91' lang='lat' dir='ltr'><strong>quod</strong></span> <span class='ocrx_word' id='word_1_214' title='bbox 535 2845 618 2902; x_wconf 89' lang='lat' dir='ltr'><strong>multi</strong></span> <span class='ocrx_word' id='word_1_215' title='bbox 639 2844 677 2900; x_wconf 85' lang='lat' dir='ltr'><strong>ab</strong></span> <span class='ocrx_word' id='word_1_216' title='bbox 701 2841 783 2900; x_wconf 91' lang='lat' dir='ltr'><strong>initio</strong></span> <span class='ocrx_word' id='word_1_217' title='bbox 804 2841 930 2899; x_wconf 89' lang='lat' dir='ltr'><strong>libertini</strong></span> <span class='ocrx_word' id='word_1_218' title='bbox 952 2842 1091 2918; x_wconf 82' lang='lat' dir='ltr'><strong>adscripti</strong></span> <span class='ocrx_word' id='word_1_219' title='bbox 1105 2853 1181 2902; x_wconf 86' lang='lat' dir='ltr'><strong>sunt.</strong></span> 
     </span>
     <span class='ocr_line' id='line_1_26' title="bbox 115 2947 1182 3026; baseline -0.001 -21"><span class='ocrx_word' id='word_1_220' title='bbox 115 2949 265 3006; x_wconf 79' lang='lat' dir='ltr'><strong>Praeterea</strong></span> <span class='ocrx_word' id='word_1_221' title='bbox 287 2950 365 3026; x_wconf 89' lang='lat' dir='ltr'><strong>quod</strong></span> <span class='ocrx_word' id='word_1_222' title='bbox 388 2949 520 3024; x_wconf 88' lang='lat' dir='ltr'><strong>sequitur</strong></span> <span class='ocrx_word' id='word_1_223' title='bbox 540 2957 763 3025; x_wconf 85' lang='lat' dir='ltr'><strong>potestatem</strong></span> <span class='ocrx_word' id='word_1_224' title='bbox 784 2947 882 3018; x_wconf 81' lang='lat' dir='ltr'><strong>iore,</strong></span> <span class='ocrx_word' id='word_1_225' title='bbox 905 2966 1054 3023; x_wconf 88' lang='lat' dir='ltr'><strong>nunquam</strong></span> <span class='ocrx_word' id='word_1_226' title='bbox 1089 2947 1131 3004; x_wconf 90' lang='lat' dir='ltr'><strong>sic</strong></span> <span class='ocrx_word' id='word_1_227' title='bbox 1152 2947 1182 3004; x_wconf 88' lang='lat' dir='ltr'><strong>iu</strong></span> 
     </span>
     <span class='ocr_line' id='line_1_27' title="bbox 115 3053 1181 3130; baseline -0.001 -20"><span class='ocrx_word' id='word_1_228' title='bbox 115 3053 238 3111; x_wconf 88' lang='lat' dir='ltr'><strong>decretis</strong></span> <span class='ocrx_word' id='word_1_229' title='bbox 261 3053 447 3130; x_wconf 87' lang='lat' dir='ltr'><strong>promittendi</strong></span> <span class='ocrx_word' id='word_1_230' title='bbox 474 3054 562 3111; x_wconf 91' lang='lat' dir='ltr'><strong>modo</strong></span> <span class='ocrx_word' id='word_1_231' title='bbox 590 3053 719 3112; x_wconf 78' lang='lat' dir='ltr'><strong>futurum</strong></span> <span class='ocrx_word' id='word_1_232' title='bbox 748 3053 881 3129; x_wconf 88' lang='lat' dir='ltr'><strong>ponitur,</strong></span> <span class='ocrx_word' id='word_1_233' title='bbox 908 3055 959 3112; x_wconf 84' lang='lat' dir='ltr'><strong>sed</strong></span> <span class='ocrx_word' id='word_1_234' title='bbox 987 3070 1114 3130; x_wconf 68' lang='lat' dir='ltr'><strong>presens</strong></span> <span class='ocrx_word' id='word_1_235' title='bbox 1137 3053 1181 3110; x_wconf 89' lang='lat' dir='ltr'><strong>iu·</strong></span> 
     </span>
     <span class='ocr_line' id='line_1_28' title="bbox 115 3158 1181 3236; baseline -0.002 -20"><span class='ocrx_word' id='word_1_236' title='bbox 115 3158 216 3230; x_wconf 82' lang='lat' dir='ltr'><strong>bendi3</strong></span> <span class='ocrx_word' id='word_1_237' title='bbox 247 3159 346 3236; x_wconf 81' lang='lat' dir='ltr'><strong>itaque</strong></span> <span class='ocrx_word' id='word_1_238' title='bbox 367 3159 430 3217; x_wconf 90' lang='lat' dir='ltr'><strong>sine</strong></span> <span class='ocrx_word' id='word_1_239' title='bbox 451 3159 540 3217; x_wconf 90' lang='lat' dir='ltr'><strong>dubio</strong></span> <span class='ocrx_word' id='word_1_240' title='bbox 562 3158 648 3218; x_wconf 85' lang='lat' dir='ltr'><strong>fieri</strong></span> <span class='ocrx_word' id='word_1_241' title='bbox 673 3159 856 3217; x_wconf 86' lang='lat' dir='ltr'><strong>scribendum</strong></span> <span class='ocrx_word' id='word_1_242' title='bbox 880 3167 932 3218; x_wconf 87' lang='lat' dir='ltr'><strong>est.</strong></span> <span class='ocrx_word' id='word_1_243' title='bbox 983 3159 1181 3230; x_wconf 77' lang='lat' dir='ltr'><strong>(Forcbham</strong></span> 
     </span>
     <span class='ocr_line' id='line_1_29' title="bbox 113 3263 1180 3341; baseline -0.002 -19"><span class='ocrx_word' id='word_1_244' title='bbox 113 3281 212 3322; x_wconf 89' lang='lat' dir='ltr'><strong>merus</strong></span> <span class='ocrx_word' id='word_1_245' title='bbox 238 3264 413 3341; x_wconf 78' lang='lat' dir='ltr'><strong>significavit</strong></span> <span class='ocrx_word' id='word_1_246' title='bbox 433 3265 544 3340; x_wconf 86' lang='lat' dir='ltr'><strong>aliquid</strong></span> <span class='ocrx_word' id='word_1_247' title='bbox 566 3263 682 3322; x_wconf 84' lang='lat' dir='ltr'><strong>obscuri</strong></span> <span class='ocrx_word' id='word_1_248' title='bbox 712 3263 742 3320; x_wconf 90' lang='lat' dir='ltr'><strong>in</strong></span> <span class='ocrx_word' id='word_1_249' title='bbox 772 3263 873 3320; x_wconf 86' lang='lat' dir='ltr'><strong>codice</strong></span> <span class='ocrx_word' id='word_1_250' title='bbox 901 3263 1039 3321; x_wconf 86' lang='lat' dir='ltr'><strong>habuisse</strong></span> <span class='ocrx_word' id='word_1_251' title='bbox 1060 3264 1180 3320; x_wconf 88' lang='lat' dir='ltr'><strong>verbum</strong></span> 
     </span>
     <span class='ocr_line' id='line_1_30' title="bbox 114 3367 223 3443; baseline 0 -17"><span class='ocrx_word' id='word_1_252' title='bbox 114 3367 223 3443; x_wconf 82' lang='lat' dir='ltr'><strong>iore.)</strong></span> 
     </span>
    </p>

    <p class='ocr_par' dir='ltr' id='par_1_3' title="bbox 112 3471 1182 4078">
     <span class='ocr_line' id='line_1_31' title="bbox 206 3471 1181 3551; baseline -0.003 -18"><span class='ocrx_word' id='word_1_253' title='bbox 206 3471 280 3551; x_wconf 84' lang='lat' dir='ltr'><strong>Cap.</strong></span> <span class='ocrx_word' id='word_1_254' title='bbox 306 3478 334 3546; x_wconf 87' lang='lat'><strong>6,</strong></span> <span class='ocrx_word' id='word_1_255' title='bbox 358 3480 391 3532; x_wconf 77' lang='lat' dir='ltr'><strong>t:</strong></span> <span class='ocrx_word' id='word_1_256' title='bbox 413 3475 566 3542; x_wconf 80' lang='lat' dir='ltr'><strong>Milesii,</strong></span> <span class='ocrx_word' id='word_1_257' title='bbox 599 3473 692 3531; x_wconf 91' lang='lat' dir='ltr'><strong>nihil</strong></span> <span class='ocrx_word' id='word_1_258' title='bbox 723 3473 948 3548; x_wconf 72' lang='lat' dir='ltr'><strong>prestitisse</strong></span> <span class='ocrx_word' id='word_1_259' title='bbox 980 3491 1181 3530; x_wconf 85' lang='lat' dir='ltr'><strong>memoran-</strong></span> 
     </span>
     <span class='ocr_line' id='line_1_32' title="bbox 114 3577 1181 3656; baseline -0.001 -20"><span class='ocrx_word' id='word_1_260' title='bbox 114 3587 178 3650; x_wconf 85' lang='lat' dir='ltr'><strong>tes,</strong></span> <span class='ocrx_word' id='word_1_261' title='bbox 201 3580 233 3637; x_wconf 90' lang='lat' dir='ltr'><strong>si</strong></span> <span class='ocrx_word' id='word_1_262' title='bbox 258 3581 343 3656; x_wconf 90' lang='lat' dir='ltr'><strong>quid</strong></span> <span class='ocrx_word' id='word_1_263' title='bbox 365 3580 549 3655; x_wconf 85' lang='lat' dir='ltr'><strong>imperare</strong></span> <span class='ocrx_word' id='word_1_264' title='bbox 571 3579 616 3637; x_wconf 86' lang='lat' dir='ltr'><strong>ad</strong></span> <span class='ocrx_word' id='word_1_265' title='bbox 638 3579 772 3636; x_wconf 90' lang='lat' dir='ltr'><strong>bellum</strong></span> <span class='ocrx_word' id='word_1_266' title='bbox 795 3577 1181 3652; x_wconf 70' lang='lat' dir='ltr'><strong>senatusrelletprra·</strong></span> 
     </span>
     <span class='ocr_line' id='line_1_33' title="bbox 114 3683 1180 3761; baseline -0.002 -19"><span class='ocrx_word' id='word_1_267' title='bbox 114 3693 217 3742; x_wconf 87' lang='lat' dir='ltr'><strong>stare</strong></span> <span class='ocrx_word' id='word_1_268' title='bbox 239 3695 455 3761; x_wconf 87' lang='lat' dir='ltr'><strong>separatos</strong></span> <span class='ocrx_word' id='word_1_269' title='bbox 477 3703 557 3742; x_wconf 89' lang='lat' dir='ltr'><strong>esse</strong></span> <span class='ocrx_word' id='word_1_270' title='bbox 581 3683 748 3760; x_wconf 87' lang='lat' dir='ltr'><strong>polliciti</strong></span> <span class='ocrx_word' id='word_1_271' title='bbox 764 3693 857 3744; x_wconf 88' lang='lat' dir='ltr'><strong>sunt.</strong></span> <span class='ocrx_word' id='word_1_272' title='bbox 900 3683 963 3741; x_wconf 87' lang='lat' dir='ltr'><strong>Vix</strong></span> <span class='ocrx_word' id='word_1_273' title='bbox 977 3683 1083 3740; x_wconf 89' lang='lat' dir='ltr'><strong>diserte</strong></span> <span class='ocrx_word' id='word_1_274' title='bbox 1101 3701 1180 3741; x_wconf 90' lang='lat' dir='ltr'><strong>com·</strong></span> 
     </span>
     <span class='ocr_line' id='line_1_34' title="bbox 114 3788 1181 3867; baseline -0.002 -19"><span class='ocrx_word' id='word_1_275' title='bbox 114 3801 367 3862; x_wconf 83' lang='lat' dir='ltr'><strong>memoraverunt,</strong></span> <span class='ocrx_word' id='word_1_276' title='bbox 397 3791 470 3848; x_wconf 88' lang='lat' dir='ltr'><strong>nihil</strong></span> <span class='ocrx_word' id='word_1_277' title='bbox 490 3809 522 3848; x_wconf 87' lang='lat' dir='ltr'><strong>se</strong></span> <span class='ocrx_word' id='word_1_278' title='bbox 544 3790 730 3867; x_wconf 70' lang='lat' dir='ltr'><strong>prestitisse,</strong></span> <span class='ocrx_word' id='word_1_279' title='bbox 752 3789 803 3848; x_wconf 90' lang='lat' dir='ltr'><strong>sed</strong></span> <span class='ocrx_word' id='word_1_280' title='bbox 824 3788 990 3847; x_wconf 82' lang='lat' dir='ltr'><strong>necessario</strong></span> <span class='ocrx_word' id='word_1_281' title='bbox 1012 3805 1108 3865; x_wconf 86' lang='lat' dir='ltr'><strong>operae</strong></span> <span class='ocrx_word' id='word_1_282' title='bbox 1129 3803 1181 3846; x_wconf 89' lang='lat' dir='ltr'><strong>na·</strong></span> 
     </span>
     <span class='ocr_line' id='line_1_35' title="bbox 113 3893 1182 3972; baseline -0.001 -19"><span class='ocrx_word' id='word_1_283' title='bbox 113 3903 190 3954; x_wconf 77' lang='lat' dir='ltr'><strong>vatus</strong></span> <span class='ocrx_word' id='word_1_284' title='bbox 211 3897 385 3954; x_wconf 83' lang='lat' dir='ltr'><strong>mentionem</strong></span> <span class='ocrx_word' id='word_1_285' title='bbox 423 3897 590 3956; x_wconf 81' lang='lat' dir='ltr'><strong>omiserunt</strong></span> <span class='ocrx_word' id='word_1_286' title='bbox 639 3893 713 3954; x_wconf 86' lang='lat' dir='ltr'><strong>Cod.</strong></span> <span class='ocrx_word' id='word_1_287' title='bbox 734 3893 1011 3972; x_wconf 77' lang='lat' dir='ltr'><strong>praestitissent.</strong></span> <span class='ocrx_word' id='word_1_288' title='bbox 1057 3895 1182 3952; x_wconf 88' lang='lat' dir='ltr'><strong>Videtur</strong></span> 
     </span>
     <span class='ocr_line' id='line_1_36' title="bbox 112 3999 1180 4078; baseline 0.002 -20"><span class='ocrx_word' id='word_1_289' title='bbox 112 3999 220 4059; x_wconf 80' lang='lat' dir='ltr'><strong>fuisse:</strong></span> <span class='ocrx_word' id='word_1_290' title='bbox 241 4001 346 4073; x_wconf 90' lang='lat' dir='ltr'><strong>nihil,</strong></span> <span class='ocrx_word' id='word_1_291' title='bbox 368 4003 464 4078; x_wconf 88' lang='lat' dir='ltr'><strong>quod</strong></span> <span class='ocrx_word' id='word_1_292' title='bbox 488 4001 780 4078; x_wconf 69' lang='lat' dir='ltr'><strong>prestitissent,</strong></span> <span class='ocrx_word' id='word_1_293' title='bbox 803 4011 1060 4062; x_wconf 87' lang='lat' dir='ltr'><strong>memorantes.</strong></span> <span class='ocrx_word' id='word_1_294' title='bbox 1093 3999 1180 4077; x_wconf 89' lang='lat' dir='ltr'><strong>(Cap.</strong></span> 
     </span>
    </p>
   </div>
   <div class='ocr_carea' id='block_1_3' title="bbox 0 0 1418 4640">
    <p class='ocr_par' dir='ltr' id='par_1_4' title="bbox 0 0 1418 4640">
     <span class='ocr_line' id='line_1_37' title="bbox 0 0 1418 4640; baseline 0 1"><span class='ocrx_word' id='word_1_295' title='bbox 0 0 1418 4640; x_wconf 95' lang='lat' dir='ltr'><strong> </strong></span> 
     </span>
    </p>
   </div>
  </div>
 </body>
</html>
