2800 4646
563 280 622 336 219
935 279 990 328 Lib.
1010 281 1083 331 XXI.

62 462 162 520 Livius
177 463 297 520 arbores
307 463 431 538 primunr
453 480 535 520 raras
557 471 585 519 et
593 460 748 520 difficulter
757 465 957 539 provenientes
968 465 1056 523 silvas
1065 485 1120 543 np-

62 569 181 645 pellere,
190 569 241 625 sed
253 587 344 644 prope
352 567 449 627 silvas.
473 569 517 626 Et
531 580 676 645 postque
688 569 934 640 exeidttxxvt‚t
944 573 990 640 93
999 575 1083 642 etto,
1092 576 1118 631 t.

145 671 248 750 'Cap
272 675 327 744 38,
349 678 376 730 5.
419 674 505 748 Quod
527 675 611 732 huius
634 675 691 732 loci
713 675 904 733 constituendi
933 677 1044 734 initium
1066 687 1120 746 est,

63 791 93 836 nt
114 789 195 838 recte
218 799 268 849 en,
297 799 361 855 qnae
382 781 418 838 dn
439 800 559 840 numero
581 780 729 856 copiarum
752 781 924 838 Hannibalis
946 781 1039 858 Alpes
1061 793 1120 839 tra-

62 886 217 944 ducturum
238 887 379 957 dicuntur,
400 896 571 962 separentur
591 888 628 944 ab
651 885 710 943 slis
727 905 847 962 prorsus
868 905 1003 963 novaque
1022 889 1119 966 dispu-

62 992 175 1050 tatione
204 992 241 1049 de
274 993 411 1050 transitus
432 993 516 1062 loco,
550 1011 638 1068 quum
661 991 760 1050 Livius
794 1011 812 1049 a
848 995 1121 1052 commemoratione

62 1098 152 1173 primi
179 1097 279 1174 populi
301 1099 459 1156 Hannibali
492 1099 529 1156 ab
557 1098 683 1174 Alpibus
712 1097 894 1156 descendenti
917 1099 1021 1156 obiecti
1043 1100 1119 1158 ordi·

62 1215 118 1270 tur,
140 1203 172 1261 id
193 1215 261 1280 post
281 1204 355 1262 alios
376 1223 479 1280 meque
504 1205 595 1282 (apud
623 1203 844 1280 Ingerslevium)
867 1204 1119 1264 Weissenbornius

61 1319 181 1367 secutus
203 1319 255 1376 est,
280 1319 312 1366 ut
333 1311 369 1367 de
390 1329 425 1368 eo
446 1311 532 1386 plura
552 1312 647 1369 dicere
668 1311 738 1368 nihil
760 1328 833 1386 opus
856 1309 902 1369 sit.
949 1311 1044 1368 Huius
1068 1331 1120 1369 au-

62 1427 122 1473 tern
158 1434 242 1474 noves
262 1415 408 1473 sententiae
443 1417 554 1475 initium
582 1418 611 1475 in
652 1417 768 1493 optimis
800 1414 946 1473 codicibus
979 1416 1020 1473 sic
1050 1419 1120 1476 scri-

63 1522 156 1579 bitur:
180 1521 503 1598 Taurinisnegalli
527 1523 587 1599 (M3
608 1523 637 1580 in
660 1521 775 1580 (linter
798 1521 971 1579 Taurinis
992 1522 1120 1582 othl·

62 1627 90 1684 li
112 1625 223 1702 aliquid
245 1645 359 1684 erasum
388 1629 443 1700 est)
476 1629 642 1704 proxima
674 1646 760 1704 gens
793 1637 873 1684 erat
902 1628 935 1684 iu
970 1629 1119 1686 Italiam

63 1733 250 1809 degresso.
303 1733 343 1790 ld
376 1751 451 1790 curn
478 1733 575 1791 inter
606 1753 727 1792 omnes
756 1743 900 1792 constet
926 1741 978 1791 etc.
1025 1734 1120 1808 (lnC

64 1840 168 1896 eadem
190 1857 302 1906 manus,
326 1857 390 1912 quae
412 1839 507 1914 prima
529 1841 658 1916 scripsit,
689 1841 793 1898 dicitur
817 1840 920 1897 deinde
940 1839 1057 1916 gallie
1078 1841 1120 1899 fe·

63 1945 164 2010 cisse.)
222 1947 282 2002 Pro
306 1944 638 2021 'Taurinisnegalli
670 1946 699 2003 in
732 1947 795 2003 cod.
825 1945 1073 2023 Cantebrigiensi,
1105 1969 1121 2006 e

64 2049 233 2108 melioribus
260 2051 312 2107 sed
341 2068 417 2125 saepe
444 2050 562 2108 licenter
592 2051 753 2121 aberranti,
787 2061 831 2108 est
862 2052 1121 2130 Taurinisquoe

64 2157 208 2227 Gallis,
229 2157 259 2214 in
280 2156 382 2213 ceteris
404 2155 554 2231 multiplici
576 2175 674 2213 errore
696 2165 859 2232 conatuque
882 2157 1006 2217 facturn:
1028 2162 1120 2218 Tau·

62 2263 205 2321 rinisne
227 2261 363 2332 Gallis,
386 2262 634 2338 'Taurinisque
657 2262 798 2332 Gallis,
832 2263 898 2321 alia.
940 2267 1004 2323 Iam
1026 2265 1122 2323 forma

63 2371 132 2445 ipsa
156 2368 312 2438 sententiae,
334 2367 451 2425 dubium
468 2387 531 2425 esse
553 2370 670 2444 nequit,
693 2369 761 2444 quin
780 2370 842 2426 haec
863 2369 962 2440 fucrit,
985 2389 1071 2444 quarn
1094 2379 1123 2426 et

62 2495 120 2552 ego
148 2475 345 2532 demonstravi
372 2485 401 2532 et
429 2475 682 2532 Weissenbornius
709 2475 812 2532 tenuit:
844 2476 997 2534 Taurini
1025 2519 1115 2536 .....

61 2581 235 2658 proxima
256 2599 342 2656 gens
366 2591 447 2638 erat
467 2581 501 2638 in
517 2581 666 2638 Italiam
687 2580 873 2654 degress0;
895 2583 1040 2657 quaritur,
1052 2581 1121 2656 qnid

62 2687 158 2744 lateat
188 2686 217 2744 in
245 2686 301 2744 illis
327 2686 497 2762 snegnlli;
521 2687 600 2760 (nam
623 2685 758 2745 Gallias
784 2688 822 2744 ob
843 2688 1009 2762 proxima
1030 2687 1120 2763 scrip·

63 2805 126 2850 tum
150 2803 208 2860 est3
229 2811 286 2849 uon
309 2792 345 2848 de
370 2791 475 2850 Galliae
496 2791 712 2868 propinquitate
734 2793 837 2868 agitur,
859 2793 910 2850 sed
932 2791 1001 2867 quid
1022 2792 1124 2868 proxi-

63 2917 145 2956 mum
167 2898 349 2974 primumque
358 2897 517 2954 Hannibali
538 2898 716 2971 occurrerit).
763 2899 802 2956 Et
823 2899 902 2974 ipses
923 2898 1033 2955 litteras
1055 2917 1122 2956 con-

64 3003 206 3062 sideranti
227 3013 256 3060 et
278 3003 346 3078 quid
367 3003 396 3060 in
420 3003 589 3061 sententiam
613 3014 680 3080 apte
701 3004 807 3062 includi
829 3005 879 3062 illo
900 3003 965 3061 loco
982 3003 1074 3079 possit
1095 3015 1124 3061 et

65 3129 131 3186 quas
152 3109 189 3166 de
211 3109 348 3166 Taurinis
368 3109 475 3166 tradita
495 3109 562 3184 sint,
583 3110 645 3167 veri
665 3110 839 3167 simillimum
862 3109 984 3180 videtur,
1008 3111 1123 3170 Livium

63 3215 231 3292 scripsisse:
252 3215 406 3274 Taurini
428 3215 627 3292 Semigalli.
670 3217 749 3275 Num
771 3217 916 3274 Taurinos
932 3215 1039 3274 Strabo
1062 3217 1122 3292 (111

65 3343 94 3398 p.
119 3323 180 3378 tot
203 3319 283 3394 Cas.)
309 3320 460 3396 Liguribus
473 3320 521 3376 ille
542 3322 657 3397 quidem
678 3321 809 3398 adiungit
830 3323 876 3396 (nt
894 3321 1006 3379 Plinius
1028 3322 1067 3378 H.
1083 3324 1121 3382 N.

65 3426 134 3498 111,
159 3431 193 3485 tt
217 3445 241 3484 s.
263 3427 337 3504 tt),
370 3427 421 3483 sed
442 3437 539 3483 tamen
560 3426 629 3484 alibi
652 3429 691 3504 (p.
716 3429 788 3502 209)
818 3448 836 3485 a
859 3426 1013 3503 Liguribus
1037 3445 1124 3504 sepe·

65 3547 126 3602 rat3
149 3533 304 3608 Appianas
327 3540 423 3590 autem
446 3532 587 3607 (Hannib.
613 3531 646 3610 is)
668 3533 862 3604 Tamesim,
889 3533 989 3590 urbem
1012 3551 1123 3600 eorum,

65 3637 212 3698 Gallicam
235 3637 377 3714 appellat;
398 3649 427 3695 et
447 3638 518 3713 ipses
536 3639 619 3696 sedes
641 3659 659 3696 a
681 3641 874 3716 septentrione
898 3639 1044 3714 Apennini
1072 3639 1122 3696 ad·

65 3745 184 3813 ducunt,
205 3753 238 3800 ut
259 3743 385 3820 antiquus
397 3744 479 3822 stirpi
491 3742 596 3802 Gallos
607 3745 752 3803 admixtos
768 3739 962 3814 credamus.¹)
1045 3746 1124 3802 Peu-

81 3985 104 4053 ¹)
130 3985 195 4049 Qua
213 3987 335 4050 Polybius
354 3985 389 4046 11,
412 3989 451 4044 15,
470 3989 485 4034 8
504 3985 536 4034 tle
555 3985 687 4036 Taurisci·
706 3987 775 4046 dicit,
795 4001 846 4036 non
865 3997 937 4036 erant
955 3985 1125 4035 adTnnrinos

134 4079 268 4130 trahenda.
