2800 4646
590 271 649 326 243
951 271 1009 322 Lib.
1026 271 1116 321 xxn.

88 445 234 514 latorum,
256 449 357 523 augeri
377 448 504 524 praesidii
526 451 698 508 numerum?
722 483 759 493 -
783 461 813 509 et
833 453 919 510 Fabii
942 454 1048 512 artium
1071 473 1152 513 men·

89 551 221 617 tionem.)
265 553 300 609 ld
323 565 420 612 tamen
439 555 623 614 manifestum
645 565 690 613 eet
711 566 799 612 etex
820 559 968 616 sententian
996 560 1150 617 orationis·

89 679 146 734 que
167 655 263 718 lorma
286 673 315 718 et
335 680 372 718 ex
395 662 527 720 codicum
549 661 678 730 indiciis,
705 661 841 718 mendum
869 664 979 721 haerere
1008 665 1038 722 in
1060 669 1078 735 §
1104 669 1152 736 to,

88 783 174 837 quem
197 765 292 824 locum
320 765 405 823 PCM
432 767 475 823 sie
494 767 632 841 scriptum
655 766 776 822 babent:
821 768 973 843 Iamque
1003 771 1151 828 artibus

89 869 219 928 Fabiis
251 891 337 946 pars
372 872 561 928 exercitus
593 873 724 929 aberet
759 871 830 929 iam
864 872 960 930 fame
989 874 1150 932 sedendo

87 985 122 1028 et
155 978 361 1034 cunctando
394 976 529 1034 bellum
566 975 732 1049 gerebat.
788 976 875 1048 Quod
901 997 956 1053 pro
994 979 1087 1037 lame
1132 999 1151 1038 a

87 1077 234 1136 Sabellico
261 1081 446 1138 substitutum
477 1090 521 1138 est
554 1081 597 1153 (et
626 1079 753 1136 fortasse
782 1081 841 1138 iam
872 1091 940 1140 ante
967 1085 1005 1141 ab
1038 1085 1148 1160 aliquo,

86 1183 142 1238 etei
163 1184 193 1240 in
214 1185 297 1242 codd.
318 1185 606 1244 Drakenborchianis
632 1185 779 1260 plerisque
800 1185 895 1244 fame
917 1187 1003 1260 mit),
1026 1189 1150 1260 ferme,

85 1305 210 1361 pravum
233 1299 290 1358 est3
313 1293 502 1366 nequeenim
526 1291 554 1348 in
575 1291 627 1348 tali
649 1301 798 1366 tempore,
828 1309 916 1365 quum
939 1293 1090 1350 Hannibal
1111 1296 1149 1352 ob

85 1391 261 1465 paucitatem
273 1395 394 1453 militum
406 1397 457 1452 vix
468 1407 565 1454 eastra
577 1398 665 1453 tutari
686 1403 795 1471 posset,
810 1415 879 1471 pars
902 1397 1047 1456 exercitus
1058 1397 1150 1456 ferme

86 1497 199 1567 abesse,
221 1502 305 1573 quasi
325 1501 447 1558 subinde
475 1502 626 1558 discedens
648 1511 677 1558 et
697 1501 822 1575 rediens,
845 1501 901 1558 dici
927 1513 1050 1577 poterat.
1090 1503 1149 1562 Sed

86 1613 277 1678 praeterquam
300 1607 378 1680 quod
401 1605 508 1663 famis
530 1607 638 1663 mentio
660 1625 754 1680 neque
775 1607 837 1663 lieri
859 1607 999 1664 hocloco
1022 1626 1040 1662 a
1062 1607 1148 1665 Livio

85 1707 140 1764 nisi
161 1727 215 1783 per
235 1729 376 1768 summum
399 1729 526 1769 errorem
548 1710 651 1785 potuit,
675 1713 755 1780 (nam
765 1711 875 1768 dimissi
886 1711 990 1768 milites
1012 1712 1050 1768 ab
1066 1712 1150 1768 Han·

84 1813 184 1870 nibale
214 1828 296 1873 erant
328 1818 365 1873 ad
401 1825 580 1874 commeatus
613 1815 642 1871 in
673 1813 801 1871 futurum
829 1815 932 1872 hiemis
955 1834 1039 1872 usum
1062 1815 1150 1873 etad

84 1917 224 1990 pabulum
245 1922 344 1996 pecori
365 1921 604 1990 convehendum‚
632 1920 679 1977 cui
701 1919 756 1976 soli
780 1919 874 1978 fames
896 1921 991 1978 timeri
1012 1920 1149 1997 poteret)

84 2039 179 2097 neque
201 2025 263 2081 eius
284 2027 365 2083 verbi
385 2026 574 2084 tolerabiliter
591 2045 670 2083 mum
695 2025 797 2082 ceteris
821 2025 977 2100 copulandi
999 2025 1074 2082 ratio
1096 2044 1149 2101 ap·

83 2138 186 2202 paret,
208 2139 276 2187 ante
297 2132 395 2189 omnia
417 2133 603 2207 quaerendum
625 2131 695 2188 mihi
719 2129 834 2186 videtur
854 2131 891 2188 de
912 2132 1068 2188 verborum
1091 2129 1146 2186 eli·

86 2242 159 2306 quot
182 2235 259 2293 sede.
312 2236 390 2293 Nam
411 2237 487 2294 inter
512 2238 574 2294 haec
596 2235 758 2294 arctissime
779 2237 969 2293 cohaerentia:
1005 2235 1150 2292 artibus

85 2337 195 2395 Fabii
218 2347 247 2395 ct
266 2341 429 2398 sedendo
451 2349 486 2398 et
507 2342 712 2399 cunctando
737 2341 807 2415 quid
820 2351 888 2416 apte
910 2339 1056 2414 interponi
1077 2357 1148 2414 pos-

85 2443 133 2512 sit,
157 2463 215 2500 non
237 2443 339 2515 vide03
369 2455 445 2504 certe
469 2465 560 2505 eausa
585 2447 653 2505 belli
681 2447 724 2502 ita
744 2446 863 2520 gerendi
884 2443 1149 2502 incommodissime

85 2549 145 2606 illie
165 2549 344 2618 interficitur,
366 2570 430 2626 ques
451 2561 528 2610 recte
539 2553 581 2610 sic
595 2552 831 2628 praemitteretur:
852 2551 997 2623 iamque
1011 2581 1046 2592 -
1064 2567 1150 2623 pars

85 2654 274 2712 exercitus
296 2656 430 2714 aberat
446 2655 945 2730 —artibnsFabii,sedendo
969 2664 1003 2710 et
1023 2663 1149 2722 cunct,

86 2759 116 2818 b.
137 2777 212 2834 ger.
266 2758 377 2818 Contra
398 2762 486 2838 paulo
514 2781 604 2838 supra
628 2758 676 2839 (9)
697 2763 883 2818 vehementer
907 2759 1017 2834 aliquid
1038 2757 1151 2816 deside·

84 2863 147 2920 rari
168 2862 296 2934 videtur3
318 2885 384 2923 narn
410 2877 515 2924 tanta
536 2867 586 2924 illa
612 2867 785 2942 paucitas
812 2864 975 2941 (copiarum
997 2863 1026 2920 in
1048 2863 1152 2921 castr-is

85 2968 263 3026 Hannibalis
285 2971 402 3028 omnino
423 2973 623 3048 praesentium]
647 2990 712 3047 quae
728 2969 816 3028 fuerit
831 2979 860 3026 et
875 2970 1022 3043 quomodo
1037 2967 1151 3039 effecta,

88 3078 191 3136 Livius
212 3097 266 3136 nec
288 3076 328 3133 ibi
352 3095 405 3134 nee
426 3096 516 3153 supra
539 3077 627 3147 dixit3
659 3078 706 3136 hie
728 3076 844 3132 demum
871 3073 1041 3132 brevissime
1063 3073 1151 3148 signi·

86 3185 156 3241 fleat
179 3189 281 3259 (pars
303 3201 419 3240 exerc.
440 3185 520 3254 ab.);
545 3201 561 3239 e
583 3181 701 3258 Polybii
723 3181 890 3238 narratione
910 3181 1027 3252 scimus,
1050 3177 1152 3237 ansuis

86 3289 218 3362 utrisque
241 3287 270 3346 in
292 3287 456 3364 propinquo
477 3297 633 3363 conspectu
657 3288 780 3362 positis,
808 3284 1005 3343 Hannibalem
1027 3283 1152 3360 primum

87 3411 141 3466 per
163 3391 276 3466 aliquot
297 3393 357 3450 dies
385 3401 477 3450 totum
501 3391 658 3450 exercitum
682 3392 878 3460 continuisse,
914 3389 1018 3446 deinde
1040 3395 1151 3462 partem

87 3495 150 3552 eius
172 3515 218 3566 eo,
241 3514 299 3570 quo
322 3497 399 3568 dixi,
421 3495 542 3554 consilio
564 3497 728 3566 dimisisse,
759 3505 818 3553 tum
845 3495 959 3551 demum
983 3513 1002 3550 a
1023 3491 1153 3550 Minucio

86 3601 168 3658 etin
190 3599 413 3658 frumentatores
435 3609 465 3658 et
485 3601 514 3657 in
542 3611 640 3658 castra
660 3601 800 3675 impetum
828 3599 946 3657 facturn.
997 3597 1102 3671 Itaque
1122 3595 1152 3652 iu

85 3725 153 3764 eam
174 3705 338 3782 opinionem
360 3705 437 3774 veui,
460 3705 536 3764 idem
558 3707 615 3763 hoc
636 3705 701 3762 loco
722 3703 877 3774 accidisse,
900 3700 978 3776 quod
1001 3701 1036 3759 sd
1057 3719 1082 3760 c.
1105 3703 1152 3770 ¹0,

86 3813 106 3868 3
129 3811 285 3885 aliquoties
307 3811 416 3868 lactum
439 3809 572 3881 ostendi,
600 3819 632 3867 ut
654 3809 746 3867 verba
766 3807 879 3881 aliquot
899 3823 952 3863 suo
976 3806 1042 3864 loco
1072 3813 1154 3861 mota

85 3915 185 3972 alieno
220 3916 428 3986 insererentur3
462 3915 577 3974 Livium
614 3915 689 3972 euim
715 3915 758 3972 sio
788 3911 953 3987 scripsisse:
989 3927 1053 3968 nec
1075 3909 1154 3966 acie

86 4029 234 4077 certare
258 4021 446 4079 Hannibal
467 4038 590 4090 ausas,
606 4019 692 4094 quia
713 4035 800 4094 pera
821 4016 1009 4074 exercitus
1024 4015 1156 4072 aberat

906 4137 953 4191 tt·
