2800 4646
252 279 310 330 Lib.
322 277 450 329 XXXVI.
716 279 718 286 ’
753 280 812 338 420

252 462 355 522 dedit
386 469 421 521 et
451 461 636 536 regionem
660 461 774 519 Mella
806 480 949 537 quoque
980 462 1115 520 aditum
1144 461 1238 518 haud
1265 459 1307 516 is·
1373 415 1374 464 l

253 568 357 627 cilem
392 584 480 644 pars
509 565 685 638 habebat,
716 567 759 628 M.
782 567 904 624 Baebio
928 568 981 640 (133
1005 567 1145 625 coeteris
1168 565 1308 640 adscrip·
1373 623 1374 662 1

144 723 151 730 .
252 683 347 732 turam
384 673 426 730 M.
461 671 621 730 Baebium
659 672 729 731 nihil
766 673 913 746 notatur),
952 673 996 731 ab
1031 671 1148 729 altero
1183 669 1310 746 angulo

253 778 395 854 (quidam,
416 777 440 834 si
463 786 676 835 rectetacetur:
699 777 742 836 ab
765 776 885 834 altero
907 776 1115 851 anniculo),
1137 775 1309 850 qnemMe·

252 884 336 942 lena
356 889 507 952 vocant,
529 880 708 941 adversus
729 883 858 940 Dianm
879 881 1066 958 templum,
1096 885 1188 957 App.
1212 879 1311 938 Clau-

253 989 348 1046 dium
371 985 556 1064 opposuit,
578 986 607 1043 in
629 1005 688 1061 que
702 985 855 1062 scriptura,
876 997 908 1045 ut
925 987 984 1044 aba
999 986 1087 1044 dubia
1102 987 1168 1055 siut,
1191 986 1220 1042 id
1236 985 1311 1042 dubi·

255 1113 309 1152 um
332 1101 473 1164 nonest,
505 1090 574 1166 quin
605 1100 672 1148 ante
693 1089 926 1166 frequentius
956 1090 1065 1166 aliquid
1090 1089 1239 1148 exciderit.
1280 1091 1311 1146 ln

252 1200 285 1258 M
306 1199 430 1275 primum
463 1195 643 1254 Carbachins
671 1196 713 1254 sic
736 1197 824 1254 scribi
853 1197 1020 1255 adnotavit:
1132 1212 1312 1270 oppugna-

252 1304 345 1363 tioni
367 1300 569 1379 preposuit
597 1319 717 1358 arcem
748 1311 1013 1370 extramuros,
1042 1318 1118 1375 quse
1145 1298 1312 1374 frequen·

251 1411 324 1468 tius
357 1426 471 1484 prope
504 1423 608 1480 qnam
640 1407 724 1463 urbs
754 1407 1011 1475 habitabatur3
1043 1403 1146 1461 deinde
1167 1424 1222 1480 pro
1245 1404 1312 1462 illis:

252 1515 438 1591 regionem
462 1511 577 1569 Mella
599 1529 744 1586 quoque
766 1510 905 1570 Gelenius
930 1511 959 1568 in
983 1511 1015 1568 M
1037 1518 1066 1568 et
1087 1509 1219 1586 Spirensi
1242 1515 1311 1586 (quo

252 1620 344 1677 altero
367 1616 465 1676 codice
488 1633 557 1673 usus
590 1615 646 1690 eet)
680 1615 749 1673 dicit
773 1633 849 1673 esse:
883 1635 902 1673 a
932 1617 1011 1674 sinu
1037 1617 1195 1674 Maliaco
1230 1635 1312 1692 qum
1373 1651 1374 1680 2

251 1733 400 1800 postremo
421 1739 509 1796 quum
532 1721 562 1778 in
585 1721 710 1778 editione
731 1721 795 1797 ipsa
819 1721 993 1797 Moguutina
1015 1730 1103 1791 esset,
1127 1721 1210 1778 utin
1233 1740 1312 1796 supe·

252 1828 389 1886 rioribus:
419 1827 463 1883 ab
497 1826 613 1883 altero
645 1825 840 1896 amniculo,
874 1845 977 1901 quem
999 1827 1142 1884 Melena
1164 1835 1313 1893 vocant,

252 1931 432 1991 Carbechius
465 1950 480 1988 e
513 1929 576 1988 cod.
609 1930 773 1988 adnotavit.
808 1931 851 1988 ab
884 1931 1001 1988 altero
1036 1932 1150 1988 amnis
1181 1931 1313 1997 latere
1373 1949 1374 2004 ι

213 2086 214 2090 ,
252 2055 354 2112 quem
380 2034 529 2092 Melana
558 2044 707 2104 vocant,
742 2035 792 2092 sed
825 2035 964 2095 Gelenius
997 2035 1140 2106 affirmat,
1174 2043 1204 2092 et
1229 2035 1262 2092 M
1288 2047 1313 2090 ct

252 2141 329 2218 Spir.
344 2140 452 2197 habere
474 2140 517 2196 ab
539 2139 659 2196 altero
682 2140 878 2197 amniculo.
921 2140 1082 2198 Primum'
1073 2159 1103 2198 m
1125 2139 1312 2216 Mellaquo
1373 2097 1374 2218 l

252 2265 319 2320 que
342 2246 381 2318 (B
403 2244 484 2316 dett.)
508 2251 607 2318 aperte
629 2243 704 2301 inest
725 2244 785 2302 id
776 2264 880 2320 ipsum,
903 2246 981 2321 quod
997 2247 1028 2302 M
1048 2243 1189 2302 servavit·
1212 2243 1314 2301 Mali·
1373 2231 1374 2234 ¹

251 2370 333 2420 aco,
365 2369 447 2426 quae.
509 2347 625 2404 Deinde
655 2347 725 2406 illud
759 2359 864 2406 extre
893 2367 1016 2408 muros
1045 2349 1197 2426 perspicue
1220 2358 1250 2407 et
1273 2367 1316 2408 ree

250 2455 403 2512 confirmat
433 2462 462 2510 et
493 2453 571 2527 quod
603 2471 628 2511 c.
658 2455 708 2524 24,
743 2458 759 2510 5
788 2454 824 2510 de
847 2454 949 2511 eadem
964 2453 1010 2514 Ti.
1041 2453 1205 2528 Sempronii
1234 2465 1315 2530 parte

250 2563 288 2632 (c.
312 2562 362 2630 24,
390 2563 420 2632 l)
442 2559 472 2615 in
494 2556 596 2614 eodem
618 2557 651 2614 M
676 2558 829 2630 scribitur,
861 2558 962 2616 ceteris
992 2558 1078 2632 longe
1099 2559 1314 2616 aberrantibus:

251 2667 451 2733 Perenna,
481 2661 518 2718 in
543 2679 612 2736 qua
634 2658 796 2718 aedilicia
818 2669 924 2719 extra
946 2665 1068 2720 urbem
1090 2673 1206 2720 erant.
1258 2663 1312 2723 Sed

249 2766 287 2826 ab
310 2785 393 2826 arce
414 2767 493 2842 (quae
517 2767 686 2825 imminebat
707 2765 772 2824 loco
795 2766 855 2824 alto
878 2775 906 2824 et
928 2765 1055 2840 undique
1075 2767 1227 2843 precipiti,
1250 2775 1265 2838 ᾗ
1288 2773 1314 2837 5,
1373 2745 1374 2752 ἵ

249 2879 278 2928 et
297 2871 327 2928 in
355 2889 443 2945 quam
471 2871 567 2928 AEtoli
597 2889 629 2928 se
659 2880 846 2946 receperunt,
871 2859 1031 2946 quum'illa
1054 2871 1119 2946 ipsa
1139 2881 1226 2946 purte
1247 2875 1313 2930 urbs
1373 2887 1374 2934 l

249 2983 337 3049 capta
358 2985 442 3044 esset,
464 2993 489 3035 c.
515 2978 565 3045 2⁴,
591 2979 622 3043 6)
646 2975 814 3032 suburbium
837 2975 909 3033 illud
931 2976 1076 3033 diversum
1093 2963 1199 3048 ¹fuisse,
1224 2977 1312 3036 mani·

248 3079 354 3136 ioelum
376 3087 434 3150 est3
467 3079 565 3154 itaque
597 3079 742 3137 Gronovii
764 3079 969 3151 coniecturam,
990 3090 1131 3156 partem
1153 3082 1313 3153 scribentis,

249 3187 310 3242 fere
331 3183 558 3258 amplectuntur,
589 3203 647 3242 non
671 3184 757 3241 valde
777 3185 968 3260 probabilem.
1015 3185 1090 3244 Mihi
1111 3187 1186 3242 arcis
1208 3205 1313 3245 nomen

248 3287 332 3346 mnlae
354 3289 473 3364 originis
494 3297 660 3364 suspectum
683 3297 727 3346 est
749 3297 888 3364 tanquam
913 3289 1054 3362 additum,
1078 3291 1156 3365 quod
1178 3292 1313 3348 substan-

247 3394 339 3452 tivum
362 3393 586 3463 desideraretur,
609 3403 637 3450 et
652 3393 693 3450 sic
707 3392 890 3450 scribendum
906 3394 1034 3452 videtur:
1057 3403 1163 3451 extra
1184 3415 1313 3464 muros,
1373 3391 1374 3472 l

248 3517 317 3578 qua
338 3497 570 3572 frequentius
591 3516 705 3573 prope
727 3514 830 3570 qnam
853 3497 889 3554 in
904 3499 987 3573 ipsa
1008 3499 1097 3556 urbe
1118 3499 1314 3558 habit-aba·
1373 3473 1374 3506 l

247 3603 377 3674 tur‚Ti.
395 3602 615 3676 Sempronio
631 3602 760 3676 Longo
783 3603 1033 3678 oppugnanda
1054 3604 1169 3673 dedit;
1192 3623 1211 3661 a
1232 3605 1312 3661 sinu
1373 3635 1374 3682 3

246 3706 421 3777 Maliaco,
453 3724 530 3781 qum
566 3706 704 3763 aditum
737 3707 832 3762 haud
859 3705 1007 3764 facilem
1031 3709 1312 3782 pershabebnt,
1373 3775 1374 3800 1

247 3811 288 3867 Μ.
310 3811 485 3878 Baebium,
508 3813 551 3868 ab
574 3811 692 3868 altero
715 3811 899 3868 amniculo
1005 3813 1096 3886 App.
1121 3809 1311 3870 Claudium
1373 3815 1374 3840 ¹

246 3917 428 3992 opposuit.
482 3915 513 3974 Si
543 3915 606 3990 quis
637 3916 667 3971 in
699 3917 725 3973 B
759 3915 920 3990 ceterisque
953 3913 1001 3990 (et
1033 3917 1227 3990 regionem)
1249 3917 1312 3974 reri
1373 3935 1374 4000 ζ

245 4019 399 4092 vestigium
420 4020 511 4076 latere
534 4020 640 4090 credet,
662 4020 780 4077 scribet:
807 4029 914 4076 extra
937 4039 1071 4091 muros,
1095 4040 1165 4095 qua
1252 4023 1311 4078 ha·
1373 4049 1374 4054 1
