2800 4646
312 263 367 312 Lib.
386 261 473 312 xxu.
779 265 839 321 240

278 448 327 506 ubi
346 445 469 505 conferti
490 447 583 505 boves
606 455 711 516 essent,
732 463 843 522 paucos
861 454 959 504 tamen
981 447 1072 504 boves
1094 466 1113 503 a
1134 445 1235 504 ceteris
1256 446 1346 521 pala·

278 561 325 610 tos
346 553 416 610 alibi
437 554 571 610 flammas
593 553 767 622 ostendisse;
796 552 958 627 eodemque
985 553 1110 628 pertinet
1135 551 1229 626 ipsum
1252 550 1347 608 illud:

278 657 373 716 haud
396 675 504 715 secus
526 676 630 732 quam
761 657 937 717 accensis.
984 657 1075 716 Recte
1098 657 1200 732 igitur,
1220 667 1254 712 ut
1277 659 1348 732 opi-

279 782 342 834 nor,
363 765 434 821 Ant.
464 762 634 821 Perizonius
654 763 735 819 visa
755 763 921 839 requirebat
942 763 1120 838 (virgulta
1142 763 1273 818 ardere
1298 762 1348 818 vi·

280 887 333 938 sa3
355 867 452 926 malim
475 867 643 942 virgulta
664 869 745 926 vise
772 868 932 941 ardere);
969 879 1123 943 potestque
1146 867 1175 924 in
1199 867 1256 924 hac
1280 886 1348 942 spe·

281 973 334 1030 ciei
359 971 484 1030 incendii
505 973 717 1047 significatione
739 973 854 1031 defendi
878 973 1071 1047 virgultorum
1093 992 1111 1029 a
1132 969 1245 1046 reliqua
1270 971 1349 1028 silva

281 1077 437 1154 separatio.
479 1078 559 1136 Nam
586 1079 714 1154 virgulta
735 1080 826 1136 boves
850 1097 909 1136 non
930 1077 988 1134 alte
1009 1078 1166 1136 eminentes
1186 1077 1349 1153 aequabant

282 1192 311 1240 et
331 1182 393 1240 iere
413 1183 565 1258 tegebant3
589 1183 689 1258 itaque
709 1184 771 1241 huc
791 1183 916 1242 flammis
938 1192 1072 1259 correpta
1098 1183 1288 1250 videbantnr;
1312 1201 1348 1240 ex

282 1289 435 1346 arboribus
457 1287 610 1346 altioribus
632 1289 702 1346 nihil
726 1288 896 1346 collucebat.

365 1391 463 1468 *Cap
490 1395 537 1464 te,
560 1397 577 1451 3
601 1395 650 1466 (de
671 1393 886 1469 Hasdrubalelr
908 1393 1168 1471 Quadraginta
1195 1395 1348 1451 navium

283 1499 436 1557 classem
458 1498 661 1558 Himilconi
683 1499 799 1557 tradit
820 1509 929 1574 atque
949 1500 1245 1575 itaKarthagine
1266 1519 1350 1574 pro-

283 1605 402 1662 fectus
431 1603 587 1662 navibus
614 1624 730 1680 prope
761 1613 900 1662 terram
934 1606 1136 1663 exercitum
1165 1605 1201 1661 in
1233 1604 1351 1661 litore

283 1709 456 1778 ducebat,
488 1718 643 1784 paratus
665 1709 890 1786 confligere,
920 1729 1137 1788 quacunque
1157 1718 1265 1786 parte
1289 1728 1349 1766 eo-

283 1815 426 1890 piarum
451 1813 570 1870 hostis
600 1815 834 1876 occurrisset.
891 1817 960 1875 Non
989 1825 1066 1873 recte
1093 1814 1228 1889 coniungi
1260 1833 1349 1890 pro-

283 1919 403 1977 fectus
425 1919 600 1988 navibus,
630 1919 728 1994 plures
749 1931 913 1992 senserunt3
948 1941 1015 1978 nam
1044 1941 1138 1996 neque
1170 1920 1279 1978 dicitur
1307 1921 1349 1976 ita

283 2025 346 2094 (sed
369 2033 397 2082 st
420 2023 618 2100 proficisci
642 2026 725 2082 navi
747 2026 784 2083 de
805 2045 850 2098 ea,
871 2027 901 2084 in
923 2027 1127 2102 quercherie
1152 2035 1181 2082 et
1200 2026 1348 2100 proficisci

284 2129 424 2198 multis,
456 2130 575 2188 decern
605 2131 764 2188 navibus
790 2131 827 2187 de
849 2131 987 2189 comitatu
1010 2141 1039 2189 et
1062 2129 1180 2202 classi),
1207 2149 1262 2188 nec
1286 2131 1348 2206 ipse

284 2233 453 2292 Hasdrubal
474 2234 504 2292 in
525 2236 627 2305 classe,
649 2255 737 2310 quam
759 2236 917 2294 Himilconi
939 2237 1107 2306 ceciderat,
1131 2236 1182 2293 sed
1205 2236 1243 2292 ad
1257 2244 1347 2293 terre·

283 2349 370 2398 strem
393 2341 550 2398 exercitum
573 2339 663 2398 fuisse
684 2340 808 2410 videtur,
832 2350 861 2398 et
883 2351 1014 2417 apparet,
1036 2343 1097 2404 hmo
1112 2342 1259 2398 contraria
1275 2342 1349 2399 inter

284 2463 316 2501 se
336 2444 448 2518 referri,
470 2464 534 2521 que
555 2446 700 2522 pertinent
720 2445 759 2503 ad
780 2444 889 2503 itineris
913 2447 1051 2505 formam:
1083 2447 1239 2504 navibus
1260 2467 1347 2524 pro·

284 2567 326 2626 pe
349 2561 496 2622 terram,
518 2551 719 2618 exercitum
741 2550 775 2607 in
797 2550 926 2622 litore,
950 2550 1100 2627 praemisso
1122 2568 1272 2610 seersum:
1296 2553 1347 2609 ita

284 2655 522 2730 Karthagine
542 2655 745 2733 profectus.
800 2653 858 2714 Sed
881 2657 959 2730 quod
981 2657 1019 2713 ad
1041 2656 1201 2713 ablativum
1229 2656 1347 2728 (nari-

284 2757 368 2836 bus)
396 2779 434 2817 ex
463 2760 621 2818 ducebat
652 2769 752 2836 aptum
775 2760 801 2818 ei
823 2762 902 2819 casui
924 2762 1044 2819 verbum
1068 2761 1162 2818 audiri
1183 2761 1348 2831 voluerunt,

285 2865 334 2938 qui
354 2883 447 2940 nuper
467 2866 529 2922 haec
551 2875 738 2933 enarrarunt,
769 2866 832 2923 fieri
861 2885 920 2924 non
948 2875 1045 2943 potest
1073 2867 1102 2923 in
1129 2867 1210 2923 brevi
1240 2867 1300 2924 hac
1322 2876 1349 2923 et

285 2977 387 3044 aperta
423 2969 562 3026 orationis
595 2970 691 3026 l'orma
724 2979 752 3028 et
781 2973 976 3029 membrorum
1007 2971 1225 3042 coniunctione,
1258 2991 1348 3046 quum

283 3074 443 3151 praesertim
474 3093 527 3150 per
556 3093 588 3132 se
609 3075 770 3132 ducebat
800 3076 914 3151 utrique
945 3073 1076 3134 membro
1097 3075 1279 3151 aptissimum
1303 3077 1347 3136 ait.

284 3183 396 3252 Restat,
418 3189 450 3238 ut
471 3180 641 3256 simpliciter
662 3181 817 3239 scribatur:
839 3183 945 3240 navis
967 3179 1112 3259 (naves)
1143 3200 1258 3257 prope
1281 3192 1349 3239 ter·

284 3305 368 3357 ram,
390 3285 593 3344 exercitum
617 3285 652 3342 in
673 3287 786 3345 litore
807 3287 972 3345 ducebat
1015 3286 1129 3344 Eodem
1151 3287 1349 3357 erroreXXL

285 3393 335 3462 43,
358 3395 375 3449 4
399 3410 436 3448 ex
457 3391 630 3448 habentis
652 3390 762 3450 factum
784 3401 828 3450 est
851 3391 1072 3450 habentibus
1094 3402 1123 3450 et
1143 3393 1193 3462 58,
1215 3393 1227 3448 l
1253 3393 1348 3450 haud

283 3497 404 3572 longis
425 3495 509 3553 inde
533 3496 766 3570 temporibus
789 3516 840 3554 ex:
861 3497 956 3554 haud
977 3496 1078 3572 longi
1099 3496 1185 3554 inde
1206 3507 1347 3575 tempo·

283 3603 348 3664 ris.
432 3601 528 3660 Paulo
550 3609 618 3676 post
646 3598 661 3680 §
687 3605 738 3674 10,
770 3603 820 3660 ubi
848 3602 877 3659 in
899 3601 1046 3660 codicibus
1075 3602 1210 3660 scribitur
1242 3605 1348 3661 miles

283 3707 554 3782 prohibebatur
577 3713 644 3782 (pro
664 3707 907 3783 prohibetur),
928 3707 1014 3765 video
1036 3725 1128 3784 nuper
1143 3707 1188 3764 edi
1211 3717 1346 3784 coeptum

284 3811 387 3870 miles
415 3811 684 3888 prohibentur,
717 3832 824 3889 genere
859 3813 972 3871 dicendi
1002 3811 1189 3872 Alschefshio
1228 3824 1348 3872 auctore

284 3918 383 3994 digno.
425 3918 471 3976 Ea
496 3926 540 3974 est
561 3918 636 3975 enim
658 3919 724 3994 ipsa
745 3918 827 3994 origo
850 3929 879 3976 et
899 3919 944 3977 vis
967 3937 1036 3976 usus
1051 3919 1121 3988 eius,
1144 3939 1203 3995 quo
1222 3939 1346 3997 eques,

285 4023 399 4095 miles,
423 4024 625 4094 Romanus,
649 4024 755 4082 similia
775 4043 829 4100 pro
853 4025 978 4100 equestri
1001 4023 1101 4082 ordine
1131 4035 1182 4082 out
1206 4026 1346 4101 equitatu,
