2800 4646
315 253 370 302 Lib.
389 253 424 302 X.
786 257 841 312 190

277 437 368 494 latum
390 447 471 512 puto.
520 435 578 496 Sed
601 436 739 511 quicquid
767 438 823 494 boc
847 445 905 506 est,
941 445 1019 494 certe
1041 435 1143 496 Livius
1166 439 1291 498 Decium
1314 439 1346 496 in

277 541 533 600 commemoranda
555 541 618 616 lege
638 542 757 598 nondun
778 541 891 617 perlata
914 549 943 598 et
966 540 994 597 in
1008 540 1127 616 Ogulnii
1142 543 1263 602 consilio
1277 563 1346 602 cum

278 669 322 715 eo,
344 647 423 724 quod
444 647 473 703 in
495 647 553 704 alia
575 667 606 704 re
631 646 738 706 factum
761 648 819 704 iarn
841 647 893 720 eit,
915 648 1113 721 comparando
1134 649 1248 707 induxit
1268 669 1348 726 pras-

276 754 350 811 senti
380 751 462 810 verbi
495 759 640 827 tempora,
667 771 726 810 non
747 753 878 829 perfecto
912 761 1055 824 utentem,
1093 755 1173 829 quod
1193 755 1349 814 declarant

277 859 469 916 etiamverba
490 856 557 914 iude
574 867 643 932 apta
669 855 923 932 (nominentur
950 889 989 902 ·-
1012 859 1156 934 pellant
1180 892 1216 904 -
1241 862 1348 920 adiu·

277 963 383 1040 vent).
443 964 563 1037 Itaque,
584 963 725 1036 siquidem
755 963 840 1020 huius
863 963 944 1022 verbi
972 971 1002 1020 et
1022 973 1183 1023 ceterorum
1205 987 1223 1024 e
1244 968 1347 1026 iacio

276 1069 502 1144 compositorum
525 1087 651 1145 praesens
673 1079 702 1126 et
724 1070 880 1145 perlectum
893 1069 1041 1126 indicativi
1058 1079 1171 1146 tempus
1187 1073 1348 1132 scribendo

275 1175 451 1251 distinguere
472 1175 620 1244 volumus,
659 1174 737 1249 quod
770 1174 848 1232 Livii
871 1175 995 1234 editores
1022 1175 1141 1248 iaciunt,
1168 1180 1221 1250 (·-
1247 1198 1348 1254 neque

276 1281 351 1338 enim
373 1281 486 1356 ignoro,
509 1279 577 1354 quid
599 1280 804 1338 Lachrnannus
822 1281 859 1338 ed
872 1281 985 1341 Lucret.
997 1299 1026 1356 p.
1043 1282 1100 1339 128
1119 1282 1280 1353 tradiderit,
1287 1285 1347 1359 —)

275 1387 459 1446 scribendum
481 1397 525 1444 est
551 1385 682 1442 adiicit
705 1385 861 1456 (adicit).
909 1385 1007 1444 Etiam
1031 1405 1055 1445 c.
1072 1389 1122 1458 37,
1139 1391 1173 1446 ll
1198 1393 1348 1462 (auctor

276 1503 332 1552 est
363 1525 403 1536 —
435 1494 551 1550 tradit
586 1523 622 1534 -
661 1491 810 1564 adiecit)
841 1491 942 1549 Livius
979 1503 1030 1550 aut
1059 1493 1192 1552 adiicit
1224 1493 1348 1569 scripsit

275 1610 326 1658 aut
348 1599 482 1658 adiecit
505 1616 559 1673 pro
582 1598 715 1672 prasenti
738 1597 843 1672 posuit.

358 1703 432 1779 Cep.
460 1707 534 1774 tut
559 1703 622 1778 (ubi
644 1703 828 1777 deNequino
851 1705 971 1762 obsesso
994 1705 1103 1779 egitur)
1127 1704 1221 1761 uudeo
1244 1706 1345 1780 suspi-

275 1811 351 1879 cari,
386 1809 499 1868 Livium
531 1809 680 1884 scripsisse
708 1817 834 1866 tantumr
864 1809 1075 1884 praesidium
1102 1819 1282 1867 armatum
1303 1831 1345 1868 se

274 1916 372 1973 intra
393 1915 536 1972 moenia
559 1923 778 1990 accepturos
795 1913 1112 1986 confirmant‚nou:
1128 1915 1227 1972 iutra
1247 1935 1344 1976 moe·

274 2021 336 2078 nia
359 2039 399 2078 ao
421 2039 549 2090 muros,
564 2038 711 2095 quumque
735 2039 854 2076 muros
876 2021 1116 2096 suprascriptum
1128 2031 1213 2090 esset,
1236 2023 1345 2082 deiude

273 2127 303 2184 iu
330 2127 491 2184 orationem
513 2127 621 2184 inserto
653 2125 781 2183 additum
815 2143 879 2182 esse
909 2145 949 2184 ac
978 2127 1236 2200 (quemadmodum
1259 2146 1287 2188 e.
1312 2133 1343 2200 6,

276 2231 317 2308 3).
375 2232 485 2292 Saltem
516 2251 661 2307 nusquam
692 2231 771 2308 apud
793 2231 909 2288 Livium
938 2231 1049 2290 aliosve
1080 2251 1175 2307 prosae
1197 2233 1344 2292 orationis

274 2339 429 2415 scriptores
457 2339 597 2396 moenia
628 2356 668 2396 ac
704 2337 797 2394 muri
830 2337 1061 2412 coniunguntur,
1095 2337 1232 2412 quodque
1254 2338 1343 2397 video

274 2464 328 2503 nos
349 2444 479 2521 ablegari
502 2444 540 2500 ad
562 2443 647 2500 huius
669 2443 734 2500 libri
767 2461 792 2502 e.
820 2445 873 2512 17,
898 2445 913 2500 7
938 2452 966 2500 et
988 2446 1043 2512 ts,
1073 2445 1124 2514 12,
1153 2443 1251 2501 iiloci
1273 2465 1342 2520 per-

275 2550 375 2627 spicue
394 2553 560 2618 declarant,
582 2568 640 2606 non
662 2548 798 2623 coniungi
819 2549 899 2618 haec,
926 2547 977 2604 sed
1005 2547 1127 2606 alterum
1159 2569 1214 2625 pro
1244 2551 1340 2610 altero

275 2658 428 2718 nominari,
472 2655 589 2731 Virgilii
610 2665 831 2728 ceterorumque
852 2661 1003 2729 poetarum
1027 2653 1085 2710 alia
1112 2664 1157 2712 eet
1176 2650 1339 2731 licentia.¹)

357 2761 431 2837 Cap.
460 2765 511 2833 13,
543 2766 559 2819 4
591 2759 764 2820 instantibus
785 2758 909 2816 conutiis
935 2758 1135 2816 consularibus
1158 2755 1203 2836 (in
1222 2781 1252 2818 a.
1278 2763 1339 2820 297

275 2886 302 2926 a.
327 2865 408 2940 Chr.)
430 2867 510 2926 lama
530 2875 634 2924 exorta
655 2872 808 2934 narrum,
838 2865 978 2922 Etruscos
1001 2864 1203 2940 Samnitesque
1224 2884 1343 2928 summa

274 2973 304 3029 vi
325 2973 431 3030 bellurn
453 2991 571 3048 parare:
593 2971 783 3044 -itaque
809 2969 884 3026 suis
911 2971 1169 3046 sociorumque
1194 2971 1340 3032 viribus

275 3085 499 3154 consurgere
523 3079 647 3136 hostes
669 3075 712 3132 ad
735 3075 868 3134 bellum
896 3083 931 3132 et
953 3075 1235 3153 haudquaquam
1257 3081 1340 3154 pari

275 3181 540 3258 defungendum
564 3200 643 3239 esse
664 3179 873 3238 certamine.
917 3181 983 3255 Qua
998 3182 1339 3258 seutentiahaudqua-

275 3305 382 3362 quam
407 3307 474 3364 par
495 3289 551 3345 hoe
573 3296 719 3345 certamen
741 3286 862 3356 dicatur,
885 3305 1004 3362 prorsus
1019 3306 1077 3345 uon
1090 3287 1236 3364 intelligo;
1257 3307 1338 3348 eom·

293 3576 316 3643 ¹)
345 3579 445 3629 Eodem
463 3579 546 3644 eapite
574 3579 622 3641 §6
651 3576 779 3626 renovabo
807 3577 833 3625 in
859 3584 1006 3627 transcursu
1025 3579 1195 3628 naomsariam
1215 3579 1338 3629 Glaraaui

345 3673 529 3722 coniecturam:
548 3671 604 3719 sed
623 3684 677 3718 eos
696 3668 779 3717 talia
797 3669 834 3732 (v.
854 3669 933 3732 alia)
952 3669 1138 3720 molientes.
1175 3669 1228 3720 Sed
1239 3685 1337 3732 vereor,

344 3779 376 3814 ne
394 3763 488 3814 frustra
505 3779 562 3812 eam
580 3763 611 3810 its
631 3762 818 3820 commendem,
838 3763 881 3824 qui
905 3777 928 3813 e.
951 3767 996 3822 11,
1016 3767 1031 3812 θ
1052 3761 1218 3812 Grouoriana
1235 3763 1273 3812 uti
1291 3779 1337 3814 no·

345 3857 455 3916 luerunt,
469 3871 528 3920 qua,
547 3855 650 3905 subluto
667 3862 702 3902 ut
719 3861 778 3917 post
796 3853 866 3914 fuit,
883 3853 1025 3904 restituitur
1044 3853 1336 3922 deterrueruutpro

344 3947 578 4006 deterreamus,
596 3948 734 4012 potiusque
757 3945 829 3995 sola
847 3954 892 3996 aut
909 3947 1151 4006 tantammodo,
1169 3947 1197 3996 in
1214 3962 1337 4011 quoten-

344 4041 425 4090 tantia
443 4047 594 4098 verteretur,
614 4038 697 4088 emitti
717 4053 733 4086 a
753 4037 827 4088 Livio
844 4037 959 4104 potuisse
974 4037 1145 4088 erediderunt.
