2810 4644
222 307 279 357 bib.
292 307 419 357 xxvnt
719 311 778 367 330

221 505 265 551 est
285 493 360 550 enim
381 492 520 550 scr-rbere:
544 490 726 564 [emenda]
747 491 947 563 vendendo,
970 494 1087 552 claudo
1108 507 1282 567 mutuum,

221 600 399 658 creditam
427 597 615 654 solvendo.

602 1023 679 1098 Lib.
719 1023 899 1100 XXVIII.

304 1214 377 1292 Cap.
401 1218 418 1274 2
441 1215 503 1274 init.
528 1213 577 1290 (da
597 1215 638 1272 Μ.
660 1213 761 1274 Silano
783 1214 1037 1293 Carthaginienses
1065 1229 1094 1276 et
1115 1217 1280 1276 Celtiberos

219 1323 377 1399 improviso
399 1321 604 1396 aggredienti):
632 1321 728 1378 Tria
749 1321 850 1380 milia
873 1322 985 1381 ferme
1006 1326 1148 1394 aberat,
1169 1343 1278 1398 quum

220 1429 401 1488 hauddum
439 1427 628 1501 quiequam
660 1426 824 1484 hostium
853 1439 1032 1498 senserat3
1054 1429 1281 1504 confragosa

219 1534 301 1592 loca
322 1543 357 1592 et
378 1532 494 1592 obsiti
515 1530 691 1606 virgultis
711 1534 886 1607 tegebant
907 1534 1035 1604 collcs;
1056 1535 1108 1594 ibi
1129 1535 1163 1592 in
1182 1553 1281 1592 cava

219 1639 318 1697 valle
337 1649 448 1714 atque
469 1639 512 1696 ob
527 1637 717 1695 idocculta
733 1639 1090 1699 consideremilitetn
1112 1641 1278 1699 atcibum

219 1764 349 1820 capere
370 1746 483 1815 iubet;
506 1743 764 1820 speculatores
792 1744 1070 1820 transfugarum
1098 1746 1196 1804 dicta
1216 1747 1279 1804 sd·

219 1850 408 1908 firmantes
437 1859 627 1918 venerunt3
658 1857 734 1906 tum
764 1849 922 1907 sarcinis
951 1851 986 1908 in
1017 1852 1167 1910 medium
1189 1871 1278 1910 con-

219 1955 327 2012 iectis
348 1973 448 2014 arma
468 1955 621 2012 Romani
642 1955 802 2030 capiunt,
823 1967 878 2012 cet.
926 1957 1017 2014 Hiare
1039 1959 1198 2028 orationem
1210 1958 1279 2016 rin-

219 2059 284 2118 culo
304 2069 449 2118 carentem
470 2061 500 2116 in
522 2061 572 2118 illo
594 2061 724 2117 membro
744 2061 999 2136 speculatores
1026 2107 1054 2122 ..
1083 2075 1279 2132 venerunt,

219 2173 311 2240 patet3
333 2164 431 2239 itaque
452 2167 616 2242 superiores
637 2165 783 2223 interim
805 2166 978 2224 addiderunt
999 2167 1069 2243 (nou
1090 2169 1183 2226 solum
1204 2187 1279 2226 con·

220 2281 266 2327 tra
285 2271 321 2341 P,
353 2270 404 2328 sed
425 2283 527 2330 contre
548 2275 580 2330 M
604 2273 709 2342 Voss,
743 2273 817 2333 Lov.
848 2275 927 2338 1.2,
949 2275 976 2340 3,
998 2273 1099 2345 Harl,
1125 2275 1279 2346 flavere),

220 2377 472 2436 Weissenbornius
494 2378 554 2434 ubi
576 2377 649 2452 (ubi
666 2420 710 2450 ..‚
731 2379 828 2452 tum).
870 2379 1061 2438 Gemiuaudae
1088 2380 1151 2438 dum
1172 2379 1280 2438 litterae

220 2493 314 2541 erant:
336 2484 396 2540 Ibi
420 2529 449 2543 ..
475 2483 626 2541 militem
655 2527 685 2543 ..
713 2484 830 2542 cibum
853 2504 983 2561 capere
1012 2485 1113 2544 iubet
1140 2492 1175 2548 ct
1194 2504 1278 2560 ape-

219 2589 405 2648 culatores
439 2637 467 2649 ..
501 2598 693 2658 veneraut;
723 2599 796 2648 tum
826 2601 880 2648 cet.
939 2592 1128 2666 Tegebant
1159 2590 1279 2648 colles

219 2713 272 2770 pro
298 2697 477 2753 tenebant
505 2705 582 2752 recte
614 2695 762 2753 Bellienus
788 2707 818 2754 et
845 2698 1047 2774 Kreyssigius;
1079 2696 1160 2753 loca
1188 2713 1278 2752 con-

218 2799 372 2876 fragosa
394 2811 519 2860 teuent
541 2800 613 2858 nihil
634 2811 687 2870 est,
709 2819 762 2858 nec
784 2820 809 2862 c.
836 2806 870 2872 l,
894 2807 908 2860 t
933 2803 1034 2862 Livius
1055 2813 1178 2860 cestra
1206 2802 1277 2858 Pu·

218 2906 298 2964 nica
326 2907 418 2967 lava
449 2917 579 2965 tenere
609 2907 697 2978 dixit,
718 2908 769 2964 sed
788 2907 879 2970 taevt
911 2910 1026 2981 (laevam
1061 2907 1116 2964 viar
1137 2905 1277 2981 partem).

219 3011 283 3072 Lib.
305 3012 445 3082 XXXII,
467 3017 495 3084 5,
521 3015 556 3071 12
579 3015 659 3087 (nam
680 3015 705 3071 is
729 3033 845 3089 quoque
866 3015 946 3073 locus
968 3013 1164 3090 comparatur)
1186 3011 1277 3070 statio

218 3117 322 3175 dicitur
342 3117 513 3187 tenuisse,
535 3138 604 3194 qua
625 3119 779 3178 abscisae
800 3138 911 3194 rupee
931 3129 1046 3190 erant,
1069 3120 1187 3188 honest,
1208 3135 1277 3174 eam

218 3235 332 3300 partem
354 3225 511 3283 obsedIssc.

300 3328 374 3407 Cep.
398 3335 432 3401 7,
466 3336 536 3389 let
563 3335 580 3389 5
614 3329 709 3387 oratio
737 3330 779 3387 sic
800 3329 1029 3405 interpungenda
1050 3339 1110 3387 eat:
1133 3329 1277 3388 Eodem

218 3435 333 3494 ferme
354 3437 410 3494 dic
436 3438 479 3496 ab
505 3438 637 3496 Attalo
666 3453 751 3510 rege
772 3434 1014 3510 Opuntiorum
1045 3438 1129 3494 urbs
1165 3447 1278 3512 capta

216 3541 471 3630 fliripiebatur.
514 3541 761 3602 concesserat
782 3559 857 3598 eam
879 3542 957 3616 regi
974 3541 1129 3618 proedam
1151 3541 1277 3616 Sulpi-

218 3648 315 3718 cius,
337 3647 420 3723 quia
442 3647 572 3706 Oreum
592 3665 728 3725 paucos
752 3657 839 3704 ente
861 3647 939 3704 dies
960 3647 1003 3705 ab
1025 3649 1185 3706 Romano
1207 3647 1277 3704 mi-

218 3753 292 3824 lite,
316 3753 530 3830 expertibus
551 3753 681 3830 regiis,
703 3753 886 3830 direptum
907 3752 1045 3822 luerat,
1081 3771 1185 3828 quum
1206 3753 1278 3810 Ro·

218 3877 320 3918 mana
352 3857 486 3918 classis
519 3875 559 3914 eo
597 3875 634 3914 se
666 3859 876 3935 recepisset.
926 3859 1091 3928 Attalus,
1123 3858 1278 3934 ignarus

218 3963 395 4022 adventus
410 3963 584 4039 Philippi,
599 3964 768 4040 pecuniis
790 3984 809 4023 a
830 3965 1061 4042 principibus
1081 3963 1277 4040 exigendis

217 4067 363 4124 terebat
380 4077 528 4144 tempus.
571 4069 669 4145 Vulgo
690 4069 837 4128 scribitur=
859 4111 909 4134 ..‚
933 4071 1118 4146 direptum
1139 4069 1276 4134 iuerat.
