2800 4646
600 263 656 320 381
976 262 1032 312 laih.
1043 261 1156 312 xxxn.

103 445 218 515 vellent,
240 463 278 503 ex
298 445 333 502 iis
360 445 476 521 populis
498 457 573 516 cet,
604 447 692 524 poulo
722 445 855 504 liberiore
884 445 1003 522 genitivi
1029 448 1159 523 pertitivi

102 551 210 627 posito,
232 552 475 625 quemadmodum
503 554 532 611 in
562 554 686 622 XXXI,
716 555 766 624 49,
790 555 818 622 9,
847 569 932 626 quem
953 551 1047 608 loonm
1069 569 1159 626 supra

103 656 237 717 tractavi.
293 657 416 716 Servate
451 659 628 730 arbitrio,
663 660 750 719 scribi
787 659 953 734 oportebat:
985 656 1158 726 arbitrio,

104 762 205 818 cuius
241 762 393 832 vellent,
428 765 645 839 populorum
678 775 733 826 cet.
792 764 929 824 Senserat
949 763 979 820 id
1000 763 1160 858 explique

104 875 186 942 perte
207 866 386 934 Gronovius,
405 869 455 926 sed
480 872 619 930 aberrans
641 890 791 947 quorum
814 869 900 928 scribi
921 867 1048 925 volebat.
1074 869 1159 928 Unus

104 981 167 1030 eret
186 974 312 1050 populus
333 974 510 1050 deligendus.
562 976 610 1034 De
634 976 774 1034 orationis
806 975 938 1033 breviore
959 973 1055 1031 forme
1076 975 1160 1049 (quo

103 1077 246 1135 vellent
268 1097 300 1135 se
320 1079 374 1154 uti)
396 1080 467 1138 nihil
488 1099 561 1156 opus
583 1093 628 1139 eet
648 1077 746 1158 dioi.¹)

186 1183 260 1260 Cep.
284 1187 333 1248 21,
362 1191 371 1243 1
409 1187 450 1262 (in
472 1187 609 1246 Aristoni
636 1188 769 1264 pretor-is
789 1187 819 1244 in
841 1185 962 1245 concilio
984 1187 1159 1246 Aehaeorunr

104 1289 248 1358 cretione)
271 1291 406 1364 quoniam
435 1295 583 1368 prtetori
612 1314 628 1352 e
648 1295 675 1352 B
696 1313 750 1371 pro
772 1301 904 1370 pretor
929 1311 1006 1351 nuno
1028 1293 1159 1351 eWeis-

104 1395 258 1454 senbornio
279 1405 445 1456 revocatum
468 1399 570 1470 video,
592 1401 699 1458 eddom
728 1409 848 1469 tontum,
877 1399 1058 1457 scribendum
1084 1417 1160 1456 esse:

104 1509 253 1558 autnon
283 1501 437 1560 dandum
469 1505 662 1562 concilium
694 1505 829 1582 legetis
856 1503 972 1562 fuisse
1002 1514 1064 1562 ent
1091 1523 1158 1560 non

103 1607 182 1664 eine
215 1624 392 1683 responso
430 1629 491 1667 eos
523 1609 760 1668 dimittendos
794 1629 887 1680 eeee3
927 1609 965 1686 (B
1001 1619 1061 1666 eut
1091 1628 1159 1666 non

103 1711 182 1768 sine
210 1729 302 1788 resp.
333 1731 394 1770 eos
415 1733 483 1770 non
512 1715 604 1786 dim,
632 1717 733 1793 vulgo:
765 1725 829 1774 ent
856 1716 938 1774 inde
968 1715 1047 1773 sine
1067 1732 1160 1790 resp.

103 1834 166 1874 eos
190 1816 270 1876 dim.
292 1835 361 1874 non
383 1826 483 1888 esee).
530 1822 657 1896 Negatio
679 1823 708 1880 in
730 1831 852 1898 utroque
873 1821 1002 1879 membro
1028 1820 1160 1896 proxime

102 1919 252 1996 particule
273 1920 451 1982 disiunctivae
472 1926 574 1984 subiici
602 1929 703 1999 ‹lebet3
735 1947 771 1985 ee
797 1947 884 2003 quum
912 1926 1090 2002 negligenter
1116 1925 1160 1982 bis

103 2046 122 2082 e
146 2025 264 2083 librario
285 2027 383 2102 posite
404 2039 497 2100 esset,
525 2030 555 2087 in
587 2033 734 2090 codicibus
761 2032 967 2090 recentioribus
998 2052 1035 2090 ex
1064 2031 1160 2108 priore

103 2132 215 2190 lectum
236 2141 280 2191 est
301 2133 400 2202 inde,
422 2135 500 2210 qnod
521 2155 641 2212 prorsus
662 2139 801 2196 abundat.

188 2238 261 2314 Cap.
285 2241 335 2308 21,
357 2242 395 2298 32
426 2241 470 2318 (in
498 2244 597 2300 eedem
620 2243 761 2312 oratione,
788 2243 826 2300 de
846 2241 1013 2316 Romanis):
1058 2241 1160 2314 Quod

103 2355 251 2422 rogent,
295 2365 424 2420 cogere
455 2357 622 2422 possunt;
663 2347 748 2422 quie
780 2349 991 2424 pepercisse
1023 2346 1161 2418 volunt,

103 2452 334 2512 committere
357 2463 437 2514 vos,
465 2470 528 2510 our
548 2454 727 2528 pereatis,
751 2473 819 2510 non
847 2452 1046 2529 potiuntur.
1090 2453 1160 2510 Dixi

104 2567 174 2614 ente
188 2555 294 2614 multos
313 2575 404 2615 ennos
419 2556 542 2633 (Opusc.
559 2563 615 2617 Ac.
631 2560 664 2616 II
679 2579 708 2636 p.
727 2563 783 2618 125
798 2558 882 2632 not),
903 2559 1084 2616 scribendum
1099 2575 1162 2614 esse

104 2662 248 2732 nolunt3
276 2681 329 2721 neo
355 2663 491 2722 iudicium
525 2673 622 2732 muto,
657 2684 715 2723 non
746 2666 838 2723 solum
865 2673 984 2740 propter
1002 2663 1161 2742 perlectum

103 2767 238 2826 infinitivi
259 2777 381 2843 tempus,
414 2769 492 2843 quod
527 2770 556 2826 in
589 2770 765 2828 affirmative
797 2769 939 2828 sententie
968 2772 1018 2830 vix
1040 2789 1161 2829 excuse·

103 2874 212 2932 tionem
236 2875 341 2944 hebet,
370 2874 400 2930 in
427 2874 564 2950 negative
596 2895 654 2950 quo
681 2893 734 2934 usu
761 2886 895 2952 ponetur,
921 2876 962 2934 ibi
983 2877 1161 2935 declaratum

103 2987 160 3050 eet,
181 2979 232 3036 sed
256 2979 346 3037 multo
368 2979 461 3054 magis
482 2989 602 3056 propter
623 2981 803 3052 sententiam,
828 3001 916 3058 quem
936 2981 1045 3041 frustra
1067 2981 1162 3038 Weis-

101 3086 275 3142 senbornins
297 3085 334 3142 ad
357 3085 512 3162 vulgarem·
534 3087 705 3163 scripturam
727 3088 948 3146 accommodare
969 3099 1089 3148 concurs
1111 3096 1163 3144 est.

105 3273 303 3282 ——a--n--m

121 3403 149 3470 ¹)
175 3406 238 3472 Cep.
260 3413 300 3468 ll,
323 3413 353 3456 10
371 3409 575 3458 emendationem
593 3408 656 3458 olim
676 3423 692 3458 s
710 3423 750 3458 me
768 3425 783 3460 e
800 3409 915 3471 vestigiis
939 3408 1034 3457 codicis
1053 3407 1076 3456 B
1099 3407 1161 3454 dcc·

176 3507 228 3549 tem
256 3509 282 3549 et
309 3497 405 3564 Opnsc.
434 3503 481 3550 Ac.
499 3499 526 3550 11
545 3515 570 3564 p.
590 3504 640 3549 295
660 3501 817 3566 propositam
842 3501 957 3563 (instet
974 3506 1052 3564 oput
1070 3499 1164 3548 steti·

176 3606 255 3642 ones
286 3606 334 3656 pro
366 3593 472 3642 instet
499 3593 573 3657 cepi
606 3593 784 3656 stationes)
810 3592 1034 3644 Weissenbomine
1062 3599 1164 3642 cecntm

179 3693 232 3746 ειη
251 3683 338 3748 itaque
356 3684 420 3732 nihil
438 3683 488 3734 iem
507 3687 539 3735 dc
557 3701 589 3735 ee
606 3687 671 3735 dico.
715 3685 781 3751 Cep.
802 3691 843 3746 ts,
865 3691 895 3736 14
914 3682 1042 3754 reetc'W.
1061 3683 1087 3732 in
1105 3683 1164 3733 edit.

177 3775 260 3824 alters
281 3775 358 3825 rediit
380 3777 412 3824 cd
438 3777 565 3840 vulgatam
584 3779 734 3843 scripturam
761 3780 876 3843 (mixte
899 3777 1028 3828 imbelli
1046 3775 1163 3838 turbe).

177 3866 216 3916 Ne
235 3867 327 3917 dicitnr
345 3867 446 3930 quidem
464 3877 532 3918 recte
551 3869 728 3920 multitudo
746 3885 783 3920 ex
801 3869 926 3920 imbelli
947 3869 1039 3920 turbo
1056 3869 1163 3926 mixte,

177 3961 298 4024 quoniam
320 3960 401 4009 turba
418 3959 528 4010 imbellis
545 3961 717 4025 appellatione
740 3975 792 4014 non
816 3963 991 4026 significentur
1015 3962 1101 4029 plcre.
1121 3961 1165 4026 [ex

175 4051 271 4112 quibus
287 4051 420 4101 miscendo
437 4065 516 4102 unum
533 4053 585 4102 flet
