2826 4640
612 296 671 352 569
794 335 797 338 -
1010 295 1173 348 brunsw.

106 491 244 548 resque
265 475 452 550 extemplo
477 475 574 533 mitti
611 477 656 534 ad
683 487 879 555 utramque
900 489 1041 556 gentem
1062 482 1175 542 sciret

107 579 312 638 indicatum
331 579 438 639 mitti.
509 580 558 640 Sic
580 581 674 640 codex
698 583 776 657 (edd.
791 593 858 642 ante
873 585 995 662 Kreyss.
1009 588 1173 663 scirent).

107 685 252 744 Extrema
282 697 420 761 corrupta
453 695 503 744 sut
533 687 674 746 lacunosa
696 707 769 761 esse,
792 692 984 762 consentitur3
1012 711 1107 769 neque
1130 703 1175 751 te·

108 808 176 848 men
199 791 287 849 valde
307 811 398 867 grave
422 792 526 850 vulnus
549 811 612 850 esse
634 793 758 858 videtur.
811 793 966 856 Constabit
999 799 1075 857 enim
1109 819 1175 858 sen·

106 897 252 968 tentia,si
273 899 429 957 scribetur:
452 899 675 974 litterasque
702 911 774 960 ext.
800 901 843 958 ad
864 910 1061 980 utramque
1082 923 1175 981 gen·

107 1002 617 1082 tem,[ut]sciretiudicatnm‚
640 1007 747 1068 mitti.
797 1005 925 1066 Causam
948 1011 1086 1086 apopulo
1115 1012 1175 1070 Ro·

108 1127 197 1166 mano
228 1119 368 1187 tanquam
391 1111 509 1168 domino
531 1111 678 1186 cognitam
699 1121 728 1170 et
749 1112 906 1172 iudicatam
928 1134 1010 1185 esse,
1037 1117 1176 1176 edocendi

108 1211 201 1272 Cares
223 1224 253 1273 et
273 1217 357 1293 Lycii
377 1223 467 1276 erant.

198 1319 272 1398 Cap.
298 1327 351 1392 16,
375 1327 408 1380 t:
430 1319 463 1379 C.
487 1321 676 1397 Sulpicius
702 1342 753 1400 pr.
783 1341 850 1381 sex
872 1325 976 1384 milia
997 1335 1175 1403 togarum,

108 1427 270 1504 triginta
298 1428 505 1486 tunicarum
536 1437 571 1484 et
593 1447 709 1504 equos
734 1429 967 1506 deportanda
998 1433 1032 1490 in
1053 1434 1175 1492 Mace·

107 1534 258 1593 doniam
287 1579 312 1594 ..
344 1534 496 1592 locavit.
556 1535 654 1594 Etiam
689 1553 831 1612 equorum
865 1555 1001 1596 numerus
1025 1541 1175 1616 ponendus

108 1649 182 1698 erat.
241 1640 356 1700 Codex:
378 1642 589 1699 tunicarum
621 1643 1175 1719 equosetdeportanda‚unde
1213 1675 1226 1686 ·

108 1749 374 1807 Forcbbammerus
397 1746 557 1807 efficiebat:
572 1749 799 1821 tunicarum,
822 1767 936 1825 equos
962 1745 1018 1806 CC
1039 1749 1175 1826 depor-

109 1853 228 1910 tanda.
284 1853 395 1912 Verum
426 1873 485 1912 non
509 1855 741 1930 deportabantur
762 1857 936 1915 exercitibus
960 1856 1124 1914 necessaria
1145 1855 1174 1912 in

109 1960 302 2036 provinciam,
323 1961 374 2018 sed
394 1962 589 2036 portabantur
613 1961 741 2034 (XXV,
765 1965 798 2034 3,
823 1967 876 2034 10,
899 1963 971 2023 Sall.
993 1963 1063 2038 Jug.
1086 1964 1124 2021 36
1147 1971 1176 2020 et

114 2071 206 2136 104);
235 2067 333 2142 itaque
355 2067 469 2124 malim:
503 2069 713 2126 tunicarum
737 2077 772 2126 et
794 2087 906 2144 equos
934 2069 995 2128 DC
1027 2077 1177 2145 portan-

110 2174 164 2231 da.
226 2172 309 2230 Infra
340 2175 355 2240 5
385 2173 418 2243 8,
449 2172 499 2229 ubi
521 2173 631 2232 editur:
670 2171 853 2233 Censores
875 2193 1021 2234 censum
1043 2175 1175 2233 Idibus

107 2278 375 2337 Decembribus
397 2278 563 2336 severius
591 2297 698 2353 quam
721 2288 805 2337 ante
826 2281 1044 2350 babuerunt,
1075 2281 1105 2337 in
1126 2299 1176 2338 co·

108 2383 172 2442 dice
208 2384 251 2440 ita
272 2383 407 2441 scribitur
437 2383 559 2456 (omisso
593 2386 795 2459 censores):
829 2403 1014 2444 recensum
1047 2385 1176 2443 Idibus

108 2499 163 2546 cet.
206 2489 325 2547 Excidit
345 2490 433 2564 igitur
453 2489 565 2548 initium
588 2509 775 2564 eorumquae
798 2491 835 2548 de
850 2509 972 2548 censura
984 2491 1061 2548 dicta
1083 2501 1175 2562 erant,

109 2605 237 2666 senatus,
260 2595 380 2671 opinor,
402 2595 468 2654 lecti
490 2597 665 2655 mentionem
689 2597 860 2666 continens,
896 2595 1041 2671 scribique
1062 2597 1104 2655 sic
1125 2597 1175 2654 de·

107 2703 170 2758 bet:
207 2733 240 2760 u
273 2697 469 2778 [equitum]
507 2719 699 2760 recensum
743 2701 872 2760 Idibus
905 2703 1174 2762 Decembribus

108 2815 162 2865 cet
219 2808 324 2884 Neque
358 2807 433 2864 enim
464 2824 596 2864 census
622 2806 674 2864 bic
698 2807 830 2865 absolute
853 2808 910 2867 dici
928 2817 1060 2884 poterat,
1082 2827 1117 2866 sc
1138 2827 1174 2865 ne

108 2913 209 2970 addito
234 2913 349 2988 quidem
372 2912 533 2987 equitum
556 2912 673 2969 nomine
691 2921 769 2970 recte
791 2932 920 2972 census
944 2915 991 2974 hic
1013 2915 1174 2992 appellare·

107 3026 168 3084 tur3
201 3037 269 3076 nam
302 3019 413 3093 equites
434 3035 564 3076 seorsum
587 3027 832 3076 recensentur
854 3021 990 3092 (XLIV,
1029 3025 1064 3080 16
1086 3021 1174 3090 init).

107 3125 297 3182 Recensns
319 3143 425 3182 nomen
447 3125 587 3182 hactenus
608 3131 676 3179 ante
699 3121 869 3182 Suetonium
893 3143 951 3183 non
962 3127 1121 3202 legebatur,
1143 3135 1175 3183 nt

106 3229 336 3288 recensionis
356 3241 423 3287 ante
445 3227 616 3289 Suetonium
640 3247 699 3286 unc
723 3227 872 3288 Ciceronis
895 3230 961 3288 loco
983 3231 1097 3306 legitur.

192 3333 264 3410 Cap.
280 3338 367 3404 tm:
389 3337 522 3411 Itaque
544 3335 766 3410 designatos
788 3333 937 3412 (consules
959 3343 1174 3411 etproetoresa.

112 3439 1174 3517 lbilaCbulextemplosortiriplacuitprovincias‚ut‚utri

109 3547 327 3605 Macedonia
342 3547 484 3606 consuli
507 3547 640 3622 cuique
659 3546 809 3622 praetori
824 3546 958 3604 classis
973 3545 1173 3616 evenisset,

108 3649 1175 3728 (sicCreverins3vulgoven.)sciretur‚utiamindecogitarent

107 3767 368 3834 pararentque,
384 3777 458 3834 qum
473 3758 570 3818 bello
586 3759 666 3817 usui
689 3757 888 3831 forenucet.
924 3758 1070 3816 Vitiosum
1091 3757 1174 3815 estin

108 3864 163 3921 bac
176 3863 318 3922 orationis
324 3865 517 3942 descriptione
529 3867 637 3942 (quum
651 3865 687 3923 de
701 3863 800 3923 futura
815 3863 935 3921 scientia
956 3865 1073 3940 agatur)
1095 3863 1173 3940 plus·

107 3968 357 4046 quamperfectum
380 3971 580 4042 evenisset,
602 3970 698 4029 cretio
722 3979 818 4028 autem
841 3979 904 4028 tota
931 3969 1002 4028 satis
1024 3969 1174 4041 dissoluta,

107 4075 250 4133 sententia
272 4077 351 4134 finali
386 4077 479 4134 altera
500 4077 538 4134 ab
560 4076 652 4135 altera
674 4095 751 4134 nexa
788 4071 841 4154 (ut
870 4121 899 4137 ..
926 4075 1101 4146 sciretur,
1137 4083 1174 4132 nt
