2800 4646
266 283 322 334 Lib.
334 281 463 332 XXXIV.
767 285 825 341 402

267 469 397 541 (urbs),
429 473 457 539 t,
490 470 508 525 3
544 466 698 537 (solnm),
731 471 780 538 lu,
813 471 831 526 5
864 471 1017 545 (prope),
1049 469 1186 540 XXXV,
1225 469 1272 539 ts,
1304 471 1320 528 8

267 573 452 652 (propter),
465 573 619 646 XXXVI,
635 577 692 645 4‚1
718 574 908 651 (Philippo
929 583 964 632 et
983 575 1180 634 Ptolemae
1193 575 1322 652 Ευρ-

267 681 295 740 ti
316 681 425 757 rege),
448 681 497 750 20,
520 682 537 738 2
561 679 673 754 (dies),
695 679 866 752 XXXVII,
893 685 939 750 11,
970 681 1067 753 3(οᾱ
1097 681 1275 758 Sipylum,
1305 701 1324 738 s

268 785 405 846 Creverio
435 784 627 862 demnatum),
650 789 699 858 30,
724 788 742 844 2
771 788 973 858 (Rhodios),
996 789 1045 858 42,
1067 789 1085 846 2
1107 785 1214 863 (alii),
1238 790 1287 860 58,
1307 793 1324 845 4

267 891 393 968 (tante,
423 909 441 949 0
465 891 558 953 Gron.
582 901 612 950 et
633 890 719 952 Crev.
743 888 969 968 demnatum).¹)

351 996 423 1074 Cep.
437 999 486 1068 31,
501 1001 537 1056 19
561 999 603 1071 (in
624 999 756 1057 erutione
773 999 898 1057 Nabidis
919 1001 1036 1076 menni
1056 999 1135 1076 opud
1156 1000 1193 1060 Τ.
1217 999 1324 1074 Quinc·

267 1105 365 1180 tium):
386 1105 558 1163 Pluribus
578 1123 630 1162 me
651 1103 729 1180 ipse
753 1105 875 1181 egisse
897 1125 1000 1180 quem
1025 1125 1090 1184 pro
1110 1105 1233 1182 petrin
1254 1124 1325 1164 eer-

268 1229 373 1269 mone
395 1209 596 1269 brevitatis
616 1209 751 1268 fetens.
794 1210 844 1270 Sic
857 1211 884 1269 B
899 1211 967 1288 (nisi
982 1213 1061 1289 qued
1080 1211 1160 1286 met)
1177 1221 1206 1269 et
1220 1231 1324 1271 novem

268 1316 548 1388 Drakenborcnieni,
570 1315 716 1376 mendose.
767 1315 854 1390 Quod
882 1320 971 1396 vulgo
995 1319 1148 1378 edebstnr:
1175 1337 1240 1394 pro
1269 1337 1325 1395 pe-

269 1423 347 1481 trin
368 1441 534 1481 sermone
555 1421 768 1494 brevitatis,
797 1423 956 1483 absurdum
985 1433 1062 1496 eret3
1088 1443 1156 1482 nem
1185 1424 1325 1482 sermonis

267 1529 396 1588 brevitas
417 1538 462 1586 est
483 1529 591 1604 ulique,
615 1545 710 1586 sermo
732 1528 881 1586 brevitatis
902 1529 1004 1590 nullus.
1048 1530 1107 1590 Sed
1122 1531 1201 1607 qued
1216 1531 1325 1608 Kreys-

268 1637 358 1712 sigins
380 1645 409 1693 et
430 1633 683 1693 Weissenborniue
704 1633 894 1709 scripserunt:
920 1655 987 1712 pre
1006 1637 1128 1712 petrin
1150 1657 1325 1701 sermone,

269 1743 377 1801 emisso
398 1741 615 1810 brevitatis,
647 1739 772 1815 primum
802 1758 859 1798 nen
883 1740 1060 1818 intelligitur,
1089 1743 1166 1802 unde
1187 1745 1244 1801 bec
1265 1744 1325 1801 cni-

271 1867 358 1924 quem
391 1848 421 1906 in
452 1856 578 1905 mentem
603 1845 715 1904 venerit
747 1846 863 1918 addere,
895 1847 1022 1924 genitivo
1054 1849 1213 1925 presertim
1238 1867 1324 1920 cesn;

270 1954 371 2012 deinde
391 1953 463 2012 nibil
484 1961 548 2010 erat
569 1953 599 2010 in
620 1952 684 2028 ipso
706 1971 760 2027 per
776 1970 807 2010 ee
821 1952 958 2010 Derieusi
978 1963 1006 2012 et
1018 1955 1163 2014 Laconico
1184 1973 1325 2020 sermone,

270 2081 321 2119 cur
353 2079 412 2118 non
444 2059 561 2135 copiose
590 2057 721 2116 homines
751 2059 946 2134 loquerentur.
1003 2061 1141 2118 Proxime
1166 2061 1204 2118 ed
1226 2080 1324 2119 verum

271 2166 392 2225 eccesmt
419 2165 558 2235 Rutilius,
588 2164 637 2240 qui
669 2164 756 2223 scribi
783 2165 890 2223 voluit:
919 2183 984 2241 pre
1005 2167 1118 2242 patrii
1147 2169 1325 2226 sermonis

271 2273 471 2344 brevitetc3
503 2289 604 2329 venum
635 2289 672 2328 ne
705 2271 762 2330 hoc
793 2271 907 2347 quidem
930 2280 1007 2330 recte
1027 2271 1145 2345 dicitu,
1178 2273 1244 2332 sed:
1264 2291 1326 2350 pre

271 2379 395 2455 petris
415 2378 596 2436 sermonis
615 2377 810 2436 brevitate.
864 2378 996 2436 Pettium
1018 2389 1081 2436 eret
1102 2379 1327 2438 Lecedmmeniis

271 2485 352 2544 brevi
373 2501 506 2542 sermone
532 2479 615 2554 uti.⁹)

355 2589 429 2666 Cep.
453 2591 502 2660 32,
525 2591 543 2647 3
568 2589 610 2658 (in
630 2590 762 2647 oratione
786 2589 823 2652 T.
839 2588 950 2663 Quintil
972 2587 1081 2646 Nabidi
1102 2587 1327 2665 respondentiei:

273 2695 469 2770 Numquid
492 2696 608 2754 minus
641 2695 853 2753 conveniret
881 2711 984 2769 quem
1016 2713 1091 2760 ees,
1120 2695 1266 2771 quipre
1288 2695 1328 2750 li·

273 2904 469 2914 ——-·-—-

292 3057 315 3126 ¹)
342 3062 404 3128 Cep.
432 3069 473 3122 23,
501 3067 515 3109 6
542 3059 715 3125 (Philippi)
741 3067 767 3109 et
794 3065 836 3120 ut,
864 3065 879 3109 6
907 3059 1178 3124 (etAristnuum)
1205 3069 1231 3109 et
1252 3065 1327 3118 28st

343 3155 562 3221 (descensum)
581 3151 624 3202 W.
644 3153 671 3201 in
689 3152 770 3202 altere
788 3151 899 3202 editione
917 3167 977 3202 vero
996 3161 1097 3204 secutus
1118 3161 1163 3204 est.
1201 3151 1327 3212 (ASells-

343 3249 381 3298 sin
399 3247 517 3312 Spartam
537 3246 672 3304 descendi,
696 3261 748 3294 non
766 3247 877 3304 sucendi,
897 3245 1033 3294 admonere
1054 3253 1154 3310 poteret
1171 3243 1260 3295 Ocnus
1278 3259 1331 3292 sm·

344 3343 383 3392 nis
402 3349 494 3407 prester
512 3339 650 3390 Sellasiam
669 3340 697 3388 in
715 3337 839 3388 Beretum
863 3337 999 3402 defluens.)

294 3429 317 3494 ἱ)
345 3433 410 3500 Cep.
429 3439 471 3492 00,
491 3439 506 3483 2
528 3448 588 3482 cum
606 3431 832 3484 Drakenborchius
851 3431 1011 3481 scribendum
1030 3437 1081 3480 est:
1104 3429 1283 3491 Postquam
1300 3427 1329 3474 id

345 3541 474 3592 queque
495 3525 654 3576 traditum
679 3525 835 3574 Romanis
862 3523 989 3574 audivit
1015 3537 1086 3572 esse
1113 3531 1146 3571 et
1172 3522 1233 3584 (bec
1257 3519 1330 3580 vulgo

346 3621 438 3684 obest),
467 3619 617 3683 qunmnb
637 3625 742 3677 terre,
770 3617 919 3666 omuibus
941 3617 1029 3666 circe
1049 3613 1219 3670 hostibus,
1251 3611 1330 3661 nihil

346 3716 534 3779 resistent,
563 3711 675 3761 umeri
704 3723 831 3773 qnoque
859 3718 931 3758 tote
964 3724 997 3758 se
1025 3705 1261 3764 interclusum,
1288 3720 1331 3753 cr·

346 3807 483 3856 000000
498 3804 639 3854 lortunae
658 3811 753 3853 retus
768 3811 816 3852 cet.
855 3801 927 3852 Nihil
945 3803 1049 3852 omnino
1065 3801 1121 3850 duri
1139 3797 1219 3848 babet
1236 3798 1331 3847 omni·

346 3899 405 3948 bus
441 3899 530 3947 circe
559 3897 714 3947 hostibus
752 3911 812 3961 pros
851 3893 938 3959 quod
969 3907 1075 3943 omncs
1102 3891 1192 3941 circe
1221 3889 1331 3940 hostes

347 3999 453 4051 erent3
479 3991 524 4038 vix
550 3991 638 4039 credes
661 3989 780 4052 cuiquem
804 3989 829 4036 in
853 3993 965 4036 mentem
989 3985 1095 4043 venisse,
1121 3983 1158 4032 sic
1186 3983 1236 4033 boe
1254 3983 1332 4045 000ρί

347 4095 436 4144 pesse:
455 4093 547 4141 quum
567 4081 675 4128 omniu
691 4080 844 4130 bentibus
863 4087 981 4129 essent.
