2826 4640
608 259 666 316 565
1005 257 1063 308 Lib.
1075 255 1177 306 xmv.
1263 305 1269 314 ,

100 447 136 498 ut
152 441 337 498 restituatur:
359 438 467 496 simul
488 439 592 498 aditu
614 439 892 512 commeatibus,
926 441 1033 500 simul
1052 441 1172 500 reditu

103 547 215 627 luis,
250 554 390 604 montes
423 553 477 602 cet
521 544 690 621 Sequuntur
710 547 773 604 heec
793 549 822 618 (ξ
844 547 892 614 8):
923 547 1013 605 Nam
1043 555 1177 622 preater

103 651 301 728 angustias
323 669 390 728 per
412 651 572 726 quinque
594 651 709 723 milia,
734 669 804 727 qua
825 651 994 727 exiguum
1016 653 1178 710 iumento

103 769 236 815 onusto
258 759 330 815 iter
353 765 540 833 estrupes
563 756 745 832 utrimque
766 757 819 814 ita
843 757 997 816 ebscisae
1020 769 1118 831 sont,
1141 769 1178 818 ut

101 861 246 938 despici
271 861 334 920 vix
356 861 435 919 sine
456 861 641 938 vertigine
663 863 816 938 quedam
838 862 944 921 simul
966 863 1176 922 occulorum

103 967 290 1043 animique
312 967 450 1045 possit.
500 969 633 1026 Terret
660 977 694 1026 et
713 968 858 1027 sonitus
879 979 913 1026 et
935 967 1095 1026 altitudo
1117 987 1183 1044 per

104 1074 257 1132 mediom
280 1073 413 1132 vallem
447 1073 600 1132 fluentis
631 1075 741 1132 Penei
778 1073 902 1131 amnis.
950 1073 1020 1131 Non
1043 1082 1121 1131 recte
1143 1073 1181 1131 eb

103 1179 247 1256 angustiis
275 1189 451 1256 separantur
479 1198 586 1257 rupes,
625 1198 690 1255 quae
719 1178 869 1256 angustius
898 1177 1010 1236 fuciunt
1037 1179 1182 1254 (praeter

106 1285 298 1362 angustias
341 1327 370 1344 ..
409 1291 547 1361 rupes);
583 1295 685 1344 contra
718 1293 796 1344 recte
832 1284 1033 1360 angustiarum
1073 1285 1178 1342 terrori

106 1389 273 1466 adiungitur
304 1389 397 1448 amnis
431 1389 509 1447 infre
542 1391 644 1448 fluens.
704 1389 807 1449 Codex
835 1389 937 1448 babet:
989 1390 1176 1448 onustoin-

105 1505 318 1572 teretrupes
356 1497 404 1556 Ex
425 1506 457 1554 st
478 1495 642 1554 faciendum
656 1505 699 1554 est
721 1506 770 1568 et,
786 1496 918 1556 cretione
936 1495 978 1554 sic
994 1496 1178 1554 continuata:

105 1603 346 1678 Nempraeter
378 1602 569 1678 angustias
598 1645 669 1670 ...,
702 1621 773 1678 qua
805 1603 974 1678 exiguum
1013 1602 1175 1660 iumento

104 1716 238 1764 onusto
259 1707 330 1765 iter
351 1717 385 1765 et
405 1725 515 1784 rupes
541 1707 723 1783 utrimque
755 1708 808 1764 ita
830 1707 987 1766 abscisse
1008 1717 1107 1780 sunt,
1140 1717 1178 1765 ut

106 1812 249 1888 despici
277 1814 339 1870 vix
371 1813 449 1871 sine
477 1813 662 1890 vertigiue
768 1812 903 1888 possit,
926 1823 1041 1872 terret
1066 1823 1100 1872 et
1121 1831 1177 1872 so·

106 1919 205 1976 nitus
229 1927 264 1976 et
285 1919 444 1976 altitudo
469 1914 555 1994 cet¹j

192 2022 265 2100 Cap.
285 2029 312 2096 7,
339 2029 390 2083 tt:
433 2025 536 2083 Adeo
558 2026 635 2084 sine
657 2025 732 2082 ulla
754 2042 820 2100 ope
849 2025 983 2094 hostie,
1015 2043 1092 2100 qnae
1123 2025 1181 2082 ed·

105 2140 299 2206 gravarem·
330 2150 406 2189 cum
439 2131 521 2208 ipsa
542 2130 772 2190 difficultate
803 2149 922 2188 rerum
944 2131 1179 2206 pugnandum

107 2243 196 2292 erat.
241 2233 493 2294 Considerandum
514 2235 585 2294 mibi
606 2236 729 2306 videtur,
761 2235 924 2311 potueritne
948 2236 990 2294 sic
1012 2236 1091 2294 sine
1112 2255 1179 2311 ope

107 2340 227 2398 hostis
249 2340 360 2416 aliquid
381 2343 444 2400 fieri
465 2343 539 2415 dici,
572 2349 604 2400 ut
625 2342 705 2418 opis
728 2341 854 2412 nomine,
885 2359 960 2416 quse
982 2339 1179 2415 adgravet,

106 2446 286 2521 significetur
308 2466 399 2524 opere
419 2449 450 2506 in
471 2447 690 2506 difficultatibus
711 2447 983 2524 impedimentisque
1009 2445 1179 2504 obiiciendis

108 2552 214 2627 posite.
277 2552 420 2630 Alioquin
453 2555 528 2612 euim
568 2554 751 2612 scribendum
791 2553 919 2611 videtur:
955 2553 1032 2610 sinc
1066 2570 1180 2632 epm

107 2661 243 2730 hostis,
266 2679 342 2736 quse
363 2661 594 2737 adgravaret

193 2764 267 2842 Cep.
292 2767 360 2836 8‚2
392 2767 440 2841 (de
471 2767 589 2825 consule
619 2765 656 2839 Q.
684 2763 798 2823 Marcio
828 2762 966 2839 Philippo
996 2763 1033 2821 eb
1055 2761 1115 2820 Dio
1140 2762 1179 2819 ad

108 2871 225 2929 Philam
247 2874 410 2948 regressolt
446 2872 524 2930 Alii
560 2880 653 2930 metu
685 2868 886 2928 recessisse
908 2887 985 2926 eum
1008 2869 1052 2926 sb
1074 2869 1180 2926 hoste

107 2975 294 3049 forebant,
317 2977 403 3052 quia
426 2979 586 3037 manenti
617 2977 652 3035 in
685 2975 811 3035 Pieria
831 2975 975 3051 proelio
1004 2975 1180 3033 dimican-

106 3081 189 3140 dum
212 3081 325 3154 foret,
358 3083 424 3141 elii
445 3083 625 3159 ignarum,
657 3081 746 3141 belli
777 3099 852 3156 quae
873 3082 909 3138 in
931 3081 1009 3140 dies
1030 3079 1180 3139 fortuna

108 3197 282 3259 novaret,
315 3198 352 3247 ut
383 3189 665 3266 opperientibus
692 3207 772 3247 sese
793 3189 916 3256 rebus,
946 3186 1115 3244 omisisse
1137 3185 1179 3243 de

110 3296 280 3355 manibus
314 3314 369 3367 ca,
405 3314 480 3371 quae
514 3313 595 3352 mox
625 3294 747 3370 repeti
776 3313 845 3352 non
877 3301 1036 3368 possent.
1089 3293 1180 3350 Recte

108 3400 174 3458 illa:
195 3410 233 3458 ut
253 3399 535 3478 opperientibus
556 3418 636 3458 sese
656 3395 1180 3457 rebusWeissenborniusecodioe

130 3754 152 3820 ι)
185 3760 254 3821 §to
283 3759 447 3809 scribendum
475 3773 534 3808 cum
556 3756 786 3808 Drakenborchio:
817 3753 961 3804 alterum
979 3753 1011 3802 in
1030 3749 1180 3816 Condylo

184 3852 339 3902 castallo.
377 3851 485 3901 Variam
505 3851 587 3902 oratio
606 3851 643 3900 ita
661 3849 723 3901 lerri
741 3849 825 3908 debet,
844 3847 864 3896 ai
884 3847 986 3910 singule
1004 3853 1071 3895 tecte
1091 3845 1181 3895 dicuu-

182 3951 241 4004 tur;
261 3944 433 3994 inhaustum
452 3951 492 3994 eet
513 3944 672 4008 praecedente
691 3957 722 3996 ι.
