2826 4650
297 257 354 306 Lib.
373 256 394 305 I.
772 259 809 314 52

262 441 385 518 capisam
407 441 531 499 debebat
550 459 604 516 pro
626 440 753 499 Hostilio
771 442 807 503 L.
823 441 973 499 Veturium
996 441 1147 500 Philonem
1169 444 1332 500 nominare

263 547 290 624 (§
317 549 349 617 83
371 565 394 604 5.
411 550 458 622 10,
472 548 521 617 25,
543 565 567 605 c.
585 548 634 618 22,
650 548 690 622 5).
738 548 803 606 Lib.
826 547 965 616 XXXII,
987 547 1070 616 26,8
1093 549 1127 606 L.
1151 547 1326 606 Cornelium

263 653 416 711 Lentulum
449 663 602 728 praetorem
636 654 777 721 urbanum
800 653 940 729 appellat;
972 653 1071 710 debuit
1093 655 1128 710 L.
1152 651 1324 712 Cornelium

262 760 403 818 Merulam
439 759 601 835 appellare,
632 759 656 816 si
688 760 744 817 sibi
775 759 949 817 constitisset
978 761 1020 832 (c.
1045 764 1073 830 1,
1099 761 1144 828 13,
1174 778 1198 817 5.
1223 761 1249 830 8,
1276 765 1325 830 5),

261 865 342 922 55155
364 883 468 921 551555
492 863 622 939 plerique
647 865 770 922 editores
791 863 1001 922 inconsiderate
1032 844 1246 937 substituerunt,
1280 868 1328 924 si-

262 971 389 1045 quidem,
412 970 480 1044 quid
504 970 604 1027 Livius
626 971 780 1046 scripserit,
805 970 950 1044 quaritur.
997 971 1108 1028 Eodem
1128 972 1221 1048 capite
1243 977 1273 1040 55
1290 975 1324 1042 5,

262 1080 289 1146 6,
313 1081 346 1144 7)
369 1076 478 1135 Setiam
507 1075 679 1150 Setinosqua
701 1086 916 1147 commemorat,
949 1077 996 1134 ubi
1019 1077 1158 1153 Signiam,
1181 1079 1322 1153 Signinos

262 1183 395 1239 debuisse
417 1182 530 1239 videtur
551 1187 590 1253 (5.
615 1183 649 1252 2,
673 1178 717 1255 4);
746 1199 814 1237 5551
842 1183 957 1240 55511155
984 1203 1021 1240 ex
1048 1184 1137 1240 altero
1160 1184 1267 1260 oppido
1290 1185 1324 1242 in

261 1289 382 1345 alterurn
405 1287 537 1346 translati
565 1288 626 1345 sine
648 1305 737 1345 causa
757 1289 911 1362 finguntur.
964 1289 1027 1346 Lib.
1049 1289 1203 1359 XXXIII,
1227 1292 1277 1360 21,
1300 1293 1324 1348 9

262 1395 301 1451 M.
316 1395 418 1469 Sergio
437 1394 553 1470 praetori
569 1393 794 1451 iurisdictionem
816 1393 910 1450 inter
931 1395 1028 1452 cives
1050 1404 1083 1452 et
1103 1396 1323 1470 peregrinos

259 1499 326 1570 dat,
349 1518 434 1574 quam
457 1501 601 1571 XXXII,
624 1501 662 1557 28
685 1511 836 1575 praetorem
860 1501 1001 1556 urbanum
1027 1499 1116 1557 fuisse
1137 1513 1321 1569 narraverat,

260 1607 301 1667 M.
323 1606 481 1662 Minucium
503 1606 577 1662 inter
602 1605 779 1680 peregrinos.
839 1605 942 1680 Itaque
964 1604 1115 1663 Gronorio
1136 1617 1254 1664 auctora
1278 1609 1325 1664 ab

259 1712 416 1770 editoribus
438 1712 608 1768 omittuntur
629 1712 719 1768 verba
744 1719 778 1767 et
799 1711 1027 1786 peregrinos,
1052 1721 1084 1768 ut
1104 1712 1327 1769 iurisdictio·

258 1820 353 1876 inter
374 1817 473 1874 cives
501 1817 538 1874 sit
564 1801 689 1886 urbana,
719 1817 865 1891 quomodo
887 1835 979 1890 neque
1001 1817 1100 1874 Livius
1121 1837 1214 1892 neque
1236 1820 1319 1893 quis-

258 1943 346 1999 quam
369 1925 441 1981 alius
463 1924 549 1992 dixit,
578 1923 632 1980 nisi
655 1922 731 1980 forte
751 1922 930 1997 proecedcutc
952 1923 1084 1998 proxime
1106 1933 1156 1980 aut
1177 1935 1319 1998 sequente

257 2031 352 2087 inter
380 2029 609 2106 peregrinos,
645 2029 698 2086 etsi
732 2047 768 2084 ne
800 2028 841 2085 sic
870 2029 984 2103 quidem
1017 2029 1133 2086 memini
1161 2041 1317 2105 praetorem

258 2136 518 2192 iurisdictionemre
532 2135 606 2191 inter
622 2135 699 2192 cives
717 2133 902 2210 appellatam.
945 2135 1056 2192 Eodem
1079 2135 1152 2192 libro
1167 2136 1315 2192 XXXIII

257 2261 280 2302 c.
305 2244 341 2298 27
365 2241 425 2302 init.
449 2241 548 2298 Livius
571 2239 624 2298 Cn.
649 2239 815 2298 Cornelium
839 2239 1005 2296 Blasionem
1040 2259 1076 2297 ex
1105 2241 1236 2298 citeriore
1259 2241 1319 2297 IIi-

258 2349 360 2424 5515515
388 2358 522 2406 ovantem
544 2348 642 2404 urbem
670 2345 831 2420 ingressum
862 2364 925 2402 esse
955 2355 1067 2416 narrat;
1104 2347 1224 2404 eundem
1247 2359 1319 2404 ante

256 2455 396 2524 (XXXI,
413 2457 460 2518 50,
480 2457 532 2519 11)
555 2451 608 2512 Cn.
628 2450 793 2510 Cornelium
805 2452 958 2509 Lentulum
980 2451 1178 2527 appellaverat
1185 2470 1193 2524 5
1214 2454 1317 2528 itaque

257 2562 310 2618 hoe
331 2579 435 2617 555155
458 2579 558 2618 omnes
579 2560 646 2616 inda
666 2561 703 2618 ab
715 2560 794 2618 nido
817 2569 884 2616 5555
900 2559 1064 2617 Β5111151ι115
1085 2557 1172 2616 etiam
1194 2558 1223 2614 in
1238 2535 1316 2615 libro

235 2666 401 2730 ,xxxin
431 2665 665 2725 substituerunt'
698 2665 762 2723 Lib.
785 2665 921 2734 XXXV,
950 2665 987 2720 20
1016 2664 1126 2735 Livius,
1157 2675 1314 2739 postquam

257 2773 289 2843 (5
315 2774 369 2843 10)
391 2781 467 2828 15555
482 2773 521 2828 A.
536 2771 628 2828 Atilio
652 2771 768 2846 praetori
790 2771 910 2827 classem
932 2769 1173 2827 etMacedoniam
1194 2769 1318 2844 proriu-

255 2877 329 2934 ciam
360 2876 459 2932 datam
496 2876 624 2951 scripsit,
664 2877 706 2935 M.
736 2876 837 2933 Baebio
871 2875 1027 2951 Tamphilo
1056 2876 1185 2932 Bruttios
1219 2876 1313 2950 (quod

254 3001 348 3040 rerum
388 2991 535 3056 gestarum
570 2981 699 3038 narratio
732 2981 908 3054 5551111555),
945 2991 1041 3039 tamen
1079 2985 1093 3051 ξ
1126 2985 1156 3039 11
1197 2991 1225 3038 55
1260 2985 1312 3052 12,

256 3089 352 3146 551515
376 3095 404 3145 55
428 3087 540 3144 5515515
564 3088 730 3158 aberrante,
753 3089 870 3145 nomina
890 3089 1079 3164 permutavit,
1116 3097 1147 3145 ut
1168 3089 1260 3146 Atilio
1282 3089 1316 3166 ip

255 3195 384 3252 Bruttios
404 3194 532 3250 decretus
546 3193 673 3267 legiones
691 3194 807 3264 diceret,
829 3195 957 3252 Baebium
975 3214 1065 3252 naves
1083 3193 1179 3253 155515
1191 3195 1312 3262 iussum,

255 3309 342 3374 atqua
370 3300 398 3356 in
427 3299 528 3356 eodem
556 3318 653 3356 errore
687 3319 859 3375 permanens
880 3302 1014 3376 proximo
1039 3292 1133 3378 capite
1157 3304 1206 3370 521
1233 3301 1312 3368 1515.)

254 3407 384 3476 classem,
408 3405 453 3462 551
469 3405 583 3462 Boebius
600 3403 773 3480 praefuturus
791 3415 875 3475 esset,
897 3407 1034 3467 55511555.
1076 3408 1210 3466 Editores
1224 3407 1312 3478 Livii,

253 3532 310 3569 non
332 3511 514 3568 librariorum
530 3529 663 3568 errorem·
675 3523 874 3582 correxerunt,
896 3532 962 3570 nam
980 3513 1035 3570 illis
1055 3514 1134 3570 nulla
1147 3531 1193 3570 155
1212 3513 1314 3570 huius·

157 3609 161 3617 ⁸
254 3619 331 3676 modi
352 3617 500 3674 nominum
522 3617 622 3674 ordine
643 3618 815 3692 scriptorum
835 3618 1073 3694 permutationem
1092 3619 1216 3677 obiicere
1227 3629 1312 3694 pote·

252 3735 298 3782 155
320 3735 348 3780 55
369 3723 407 3780 511
429 3723 549 3780 51551515
571 3723 665 3780 155551
688 3743 813 3781 errorem
839 3743 1010 3800 propagare.

336 3829 408 3905 Cap.
432 3831 480 3896 48,
503 3831 531 3898 6,
554 3829 601 3885 ubi
622 3829 657 3886 in
679 3829 807 3886 oollam
829 3831 1092 3905 Esquiliarium
1115 3831 1222 3900 editur,
1251 3849 1315 3886 non

252 3936 441 4011 persuadetur
463 3934 541 4004 151111,
563 3934 678 3992 Livium
701 3955 758 3992 uno
779 3936 844 3994 loco
870 3955 952 3993 usum
975 3955 1038 3993 esse
1060 3937 1194 3994 adiectivi
1214 3935 1313 3994 forma

252 4043 390 4113 inaudita,
414 4061 500 4116 quum
523 4051 551 4098 ct
573 4041 650 4115 apud
671 4041 765 4115 ipsum
784 4051 813 4098 et
834 4042 911 4117 apud
934 4043 1006 4100 alios
1028 4042 1314 4116 infrequentissima
