2810 4644
573 279 631 338 285
931 276 1094 326 Liexxlv.

73 464 125 522 sed
145 464 177 521 in
198 463 234 522 iis
256 479 388 538 quoque,
420 480 484 538 ques
512 466 527 531 ξ
551 466 567 518 4
591 470 620 518 et
645 465 661 518 5
684 472 859 536 sequuntur,
891 462 926 537 Q.
953 461 1038 520 Fabii
1065 479 1130 518 sen·

73 571 193 628 tentiam
216 569 400 640 continentie,
420 569 506 645 pluro
527 577 593 626 sunt
612 575 681 643 post
700 567 793 642 Lipsii
814 579 843 624 et
863 565 1007 626 Gronovii
1033 586 1129 625 emen·

73 677 206 734 dationes
237 677 325 734 dubia
359 685 410 734 eut
441 683 591 748 corrupta3
627 691 696 730 nem
725 673 849 749 primum
880 675 924 746 (ut
956 673 1129 732 edioctivum

72 783 192 841 libera
213 791 290 839 recte
311 781 429 857 adiungi
450 781 487 839 ad
510 779 670 838 arbitris
691 797 798 854 agere
825 780 1011 853 coucedatur)
1034 779 1129 838 distri·

72 887 201 946 butionis
222 886 394 963 significatio
416 897 486 963 apta
507 905 564 944 non
587 886 700 943 videtur
722 885 777 959 (de
799 904 948 961 quoque,
970 887 1049 962 quod
1070 905 1128 944 non

72 995 149 1052 idem
172 1003 217 1051 est
238 1004 326 1067 atque
346 993 389 1051 de
409 991 659 1067 unoquoque);
688 991 739 1048 sed
773 991 894 1050 meliora
927 1011 985 1050 non
1006 993 1128 1069 reperio.

72 1100 187 1158 Deinde
208 1099 238 1156 in
253 1097 397 1158 Gronovii
419 1097 620 1156 emendatione
643 1115 701 1154 non
722 1106 800 1154 recte
821 1098 882 1156 brec
904 1107 1129 1174 componuntur:

72 1225 179 1282 qnum
203 1205 293 1262 illud
323 1205 445 1281 potius
473 1243 558 1272 ....‚
587 1202 622 1259 id
655 1220 724 1258 non
757 1204 931 1279 cogitent3
965 1207 1021 1262 hoc
1053 1205 1128 1262 enim

71 1313 216 1388 posterius
240 1313 282 1370 sic
304 1312 417 1380 dicitur,
439 1309 521 1384 qussi
542 1309 701 1384 praecedot:
733 1309 828 1383 quod
850 1311 1003 1367 maxime
1025 1329 1128 1386 agen-

72 1420 151 1478 dum
184 1419 248 1488 sit3
285 1435 379 1492 neque
423 1425 500 1473 recte
536 1424 656 1472 autem
700 1414 962 1490 (documentum
1008 1429 1127 1475 autem

71 1525 197 1582 dicent
218 1523 331 1581 stetui
355 1521 541 1598 oportere)
563 1540 617 1597 pro
639 1520 700 1577 sed
722 1531 789 1594 post
809 1539 881 1578 non
903 1523 1029 1598 ponitur.
1068 1523 1128 1580 Ve-

71 1629 171 1687 niebat
200 1629 229 1685 in
260 1639 396 1686 mentem:
426 1627 501 1702 qui,
533 1645 635 1702 quum
667 1625 759 1682 illud
792 1626 920 1702 potius
952 1629 1127 1704 agendum

70 1735 377 1810 cogitandumque
397 1733 457 1804 sit,
486 1773 555 1802 ...‚
588 1751 629 1790 ne
657 1733 718 1815 qui
749 1734 841 1791 socii
869 1734 994 1810 populi
1016 1734 1128 1792 desci-

69 1854 175 1898 scant
197 1847 231 1904 ct
253 1847 290 1904 et
311 1840 396 1902 nri
418 1838 672 1902 concilientur·
701 1840 740 1914 (P
772 1851 807 1897 et
839 1859 907 1897 non
941 1842 1127 1915 recitent),

69 1947 320 2004 documentum
362 1940 509 2022 [etism]
553 1945 676 2002 dicant
717 1946 830 2004 statui
867 1956 1040 2022 oportere
1075 1957 1126 2007 etc.

68 2052 146 2110 Tum
179 2057 194 2121 ξ
230 2055 247 2109 6
278 2051 343 2118 (ubi
376 2051 560 2108 continuetur
591 2051 676 2108 Fabii
698 2053 851 2124 sententia)
873 2052 1129 2110 Weissenbornius

68 2176 106 2215 ex
127 2159 154 2216 P
174 2157 303 2234 scripsit:
336 2155 440 2229 Quod
472 2156 502 2213 si
524 2158 625 2215 abire
646 2159 689 2215 ab
710 2158 882 2216 Romanis
902 2157 1029 2228 liceat,
1051 2159 1127 2215 red-

68 2263 121 2320 ire
143 2263 188 2320 od
210 2281 360 2322 coenon
382 2263 508 2334 liceat,
532 2264 592 2338 qui
625 2263 728 2339 (vulgo
753 2263 820 2333 cui)
855 2263 997 2320 dubium
1033 2281 1125 2334 erse,

68 2369 154 2443 quin
179 2366 256 2443 (cod.
280 2377 378 2426 esset
399 2368 473 2444 qui)
506 2369 609 2426 brevi
641 2368 851 2426 desiderata
884 2369 924 2444 (v.
947 2368 1009 2425 sine
1031 2369 1125 2426 verie-

67 2485 128 2533 tate
150 2475 305 2548 deserta)
328 2476 371 2533 ab
388 2475 499 2532 sociis
521 2475 680 2533 Romana
701 2493 757 2531 res
784 2473 998 2533 foederibus
1020 2475 1126 2532 Puni·

68 2582 119 2638 eis
141 2579 218 2658 (cod.
239 2581 410 2658 puniciis)
433 2581 552 2638 omnia
579 2581 613 2638 in
635 2581 750 2638 Italia
779 2579 903 2638 iuncta
924 2581 1047 2640 visura
1068 2583 1123 2642 sit.

68 2686 126 2746 Sed
160 2705 253 2762 neque
286 2687 500 2744 desiderata
529 2703 586 2743 res
617 2687 778 2745 Romana
798 2705 852 2762 pro
874 2706 925 2758 ee,
956 2688 1001 2745 cui
1024 2687 1125 2744 adiun-

66 2809 136 2867 gere
152 2809 191 2874 ,se
211 2793 312 2868 populi
332 2794 465 2870 cupiant,
485 2792 541 2850 dici
562 2792 621 2850 ullo
648 2793 735 2850 modo
756 2811 851 2868 neque
871 2795 964 2851 omitti
986 2794 1125 2871 temporis

67 2898 226 2974 superioris
247 2899 418 2974 significatio
444 2907 560 2975 poteret
582 2897 812 2971 [desiderata
840 2908 949 2956 entea
967 2899 1014 2958 vel
1045 2901 1125 2958 hec·

68 3011 200 3074 tenus),
222 3013 251 3062 et
286 3005 359 3063 elius
392 3005 517 3062 debebat
548 3023 611 3062 esse
644 3005 716 3062 ordo
746 3005 901 3062 verborum
931 3004 1028 3082 (quin
1053 3005 1124 3065 des.

69 3111 246 3168 hactenus
274 3157 302 3170 ..
330 3129 388 3168 res
414 3111 515 3168 brevi
537 3110 618 3184 cet.);
647 3131 714 3168 nam
745 3111 847 3168 brevi
879 3113 1008 3187 praeponi
1041 3113 1127 3170 debet

68 3218 133 3274 voci
166 3217 353 3276 mutationem
383 3216 566 3292 significanti.
630 3217 679 3275 Ex
712 3215 921 3275 desiderato
943 3218 1124 3276 efficiendum

68 3323 184 3380 ridetur
204 3341 262 3380 non
285 3323 438 3390 deserte,
459 3322 511 3380 sed
532 3322 736 3398 desperata.
784 3323 888 3398 Neque
902 3333 999 3382 tamen
1013 3325 1126 3394 celabo,

69 3429 137 3486 mihi
160 3437 253 3486 totum
279 3430 335 3486 hoc
356 3428 392 3486 de
422 3449 454 3486 re
483 3431 619 3486 Romana
649 3428 747 3485 omnio
778 3429 807 3486 in
839 3429 928 3486 Italia
960 3429 1126 3488 foederibus

69 3533 187 3592 Punicis
217 3535 314 3594 iuncta
335 3535 434 3592 visure
463 3533 630 3610 displicere3
662 3551 709 3590 res
743 3535 817 3592 enim
850 3536 985 3594 Romano
1006 3535 1126 3609 antiquo

69 3657 121 3696 usu
156 3639 291 3715 loquendi
323 3641 393 3700 nihil
427 3641 536 3700 videt.
598 3641 718 3710 Vereor,
751 3660 787 3698 ne
819 3659 837 3698 a
870 3640 954 3700 Livio
987 3641 1125 3716 scriptum

69 3742 167 3802 fuerit:
202 3741 288 3821 quin
322 3747 439 3818 brevi,
476 3747 678 3821 desperata
708 3766 727 3804 a
758 3747 870 3804 sociis
902 3747 1064 3804 Romano
1085 3765 1126 3812 re,

69 3849 280 3910 foederibus
320 3853 468 3912 Punicis
506 3851 624 3910 omnia
659 3897 687 3912 ..
727 3853 850 3910 iuncte
888 3852 1003 3914 sistri
1042 3853 1125 3914 siut.

68 3955 143 4014 Illud
164 3976 222 4014 non
245 3957 362 4016 dubium
384 3969 437 4026 cst,
460 3959 528 4034 quin
561 3967 638 4016 recte
674 3977 766 4033 usque
799 3959 836 4016 ad
861 3968 989 4016 nostram
1011 3967 1125 4016 etatem

68 4062 175 4121 editum
197 4065 234 4122 sit
257 4075 286 4122 et
309 4064 355 4122 hic
376 4077 405 4123 et
426 4083 450 4122 c.
474 4067 530 4132 26,
567 4071 598 4122 u:
633 4065 689 4122 cui
722 4065 868 4122 dubium
901 4081 994 4134 esse,
1028 4063 1125 4139 idque,
