2800 4646
564 269 624 326 269
926 264 982 314 Lib.
994 265 1095 314 xxm.

60 463 112 502 ras
145 445 221 504 dem
252 447 358 504 alteros
390 447 519 518 induxit,
550 447 626 504 unde
658 447 687 504 in
719 446 744 505 C
777 449 899 523 aliisque
926 447 1035 506 fectum
1068 457 1128 506 est:

60 549 346 627 praesidiumque
370 554 517 611 missurn
539 553 648 610 nobis
672 563 707 610 et
728 553 829 610 Nolae
851 553 1039 621 ademeris,
1061 570 1125 609 sen·

61 655 155 712 tentio
175 675 284 731 preve,
316 658 378 715 sive
402 667 557 732 utrumque
578 657 728 728 dativum,
758 659 837 733 quod
859 657 999 716 sermonis
1021 665 1126 714 nature

60 761 202 836 postulat,
224 761 263 818 sd
285 763 431 822 missum
454 763 564 821 referes
585 764 647 820 sive
676 774 710 820 et
731 763 835 821 Nolae
856 781 921 820 eum
944 763 1125 820 ademeris

60 867 233 941 coniungas.
280 867 407 926 Omnino
429 869 584 926 tenendum
606 879 658 939 est,
680 887 739 926 non
759 887 847 946 posse
869 868 989 926 eandem
1011 867 1125 924 Hanni-

60 973 138 1030 balis
162 972 304 1030 sotionem
328 975 405 1032 idem
427 984 456 1031 et
478 974 556 1049 apud
571 973 666 1031 socios
684 973 854 1047 (Samnites)
878 983 907 1030 et
927 973 1005 1048 opud
1026 974 1125 1030 hostes

63 1079 231 1144 (Romanos
246 1087 275 1134 et
285 1077 433 1148 Nolanos)
456 1077 579 1146 efficere,
600 1079 652 1136 sed
674 1079 838 1136 necessario
860 1078 1006 1136 contrario
1028 1077 1125 1149 (simul

61 1181 161 1240 ulteris
185 1181 333 1256 prodesse,
356 1181 454 1240 ulteris
468 1186 603 1252 nocere);
626 1202 735 1258 exque
752 1185 793 1254 fit,
818 1193 850 1240 ut
867 1183 988 1240 alterum
1003 1182 1124 1238 verbum

62 1286 192 1344 eiusdem
227 1285 329 1343 formes
359 1287 551 1356 desideretur,
587 1287 625 1344 sd
659 1289 737 1362 quod
771 1288 947 1346 contrarium
982 1285 1125 1344 reseratur

62 1390 254 1449 ademeris.
308 1392 372 1448 Iam
395 1411 484 1466 quum
504 1392 584 1448 nulle
603 1392 723 1450 minima
754 1394 791 1450 sit
814 1410 903 1450 ceusu
930 1392 966 1448 de
988 1392 1123 1450 extremis

63 1495 180 1566 (Note
203 1496 404 1568 ademeris)
421 1497 572 1555 dubitandi
594 1507 622 1556 ot
637 1518 674 1556 ex
689 1499 796 1556 misul
828 1496 964 1554 facillime
997 1505 1123 1566 eruetur,

61 1603 155 1659 tribus
183 1599 286 1658 litteris
315 1601 518 1676 transpositis,
547 1603 668 1674 simul,
700 1604 778 1678 quod
805 1603 947 1660 sententis
967 1619 1049 1676 poene
1070 1619 1123 1676 po·

62 1707 162 1776 stulat,
186 1705 328 1764 excidisse
357 1707 472 1764 videtur
500 1708 621 1764 verbum
646 1705 795 1775 eiusmodi,
828 1705 906 1778 quod
928 1724 993 1762 cum
1015 1705 1123 1762 simul

62 1812 202 1870 confundi
225 1812 402 1886 conflatique
424 1813 567 1870 scribendi
589 1829 687 1870 errore
700 1811 835 1886 potuerit.
879 1810 1013 1868 Efficitur
1035 1811 1124 1886 igitur

59 1917 207 1992 scripturo
236 1917 392 1974 admodum
424 1917 597 1992 probabilis:
629 1915 914 1992 praesidiumque
944 1911 1121 1991 [miseris]

59 2021 171 2078 simul
195 2020 300 2077 nobis
321 2030 355 2078 et
376 2021 476 2078 Nolae
504 2021 696 2081 ademeris.
740 2019 851 2078 Occisis
874 2019 949 2076 enim
971 2019 1122 2090 Romanis,

59 2127 111 2202 qui
133 2125 215 2184 Nolo
235 2125 327 2200 peleti
343 2135 442 2196 erant,
464 2125 644 2184 imminutum
667 2124 811 2185 Samnites
833 2125 932 2182 dicunt
952 2124 1015 2182 iore
1037 2125 1123 2182 Nolle

59 2225 276 2308 presidium.¹)

145 2335 218 2411 Cup.
244 2339 293 2405 45,
320 2339 354 2394 10
380 2335 422 2411 (in
443 2335 618 2392 Hannibalis
640 2335 842 2392 cohortatione
854 2334 973 2392 rnilitum
988 2334 1018 2390 in
1040 2353 1125 2409 proe-

58 2444 98 2502 lio
129 2442 168 2499 ed
198 2440 334 2512 Nolem):
377 2441 525 2498 Romam
557 2457 624 2497 vos
657 2448 949 2515 expugnaturos,
980 2440 1010 2496 si
1044 2440 1124 2514 quis

59 2547 227 2616 duceret,
258 2545 376 2604 fortes
405 2545 531 2622 lingue
561 2544 783 2614 iactabotis3
814 2545 906 2602 enim
928 2544 1045 2602 minor
1066 2563 1124 2602 res

61 2661 116 2708 est
138 2652 195 2710 hic
218 2650 383 2725 experiri
398 2651 509 2724 (Pml
523 2646 654 2727 periri)
669 2650 739 2706 vim
754 2649 1001 2723 virtutemque
1023 2649 1123 2720 volo;

60 2813 259 2828 ——fflfl

80 2911 105 2978 ι)
131 2913 240 2964 Prorsus
258 2927 310 2962 nnn
333 2911 464 2973 intelligo,
491 2925 536 2958 cnr
560 2909 785 2960 Weissenbornius
812 2911 932 2960 moluerit
956 2912 1034 2960 etiem
1062 2925 1125 2959 sens

130 3013 267 3054 ettrcetsre
298 3011 336 3052 et:
367 3003 499 3052 missum
526 3002 647 3052 simul.
669 3041 674 3051 .
695 3041 699 3051 .
719 3002 881 3051 sdemtum
913 3005 976 3053 erit
1005 3004 1123 3053 scribere.

132 3094 201 3157 Quid
224 3096 302 3144 hebet
320 3093 471 3143 offensionis
495 3095 578 3144 oretio
604 3111 620 3144 s
645 3109 672 3144 re
697 3095 729 3142 sd
747 3109 882 3159 personum
901 3094 1054 3144 Hannibalis
1073 3104 1125 3144 trs-

132 3188 227 3238 duetsi
244 3186 417 3237 Vehementer
434 3187 520 3244 miror,
539 3185 616 3250 psnlo
635 3187 757 3260 supruaiu
774 3187 824 3235 hoe
842 3187 926 3250 capite
944 3187 971 3249 (ξ
985 3188 1014 3250 t)
1033 3189 1124 3252 teneri,

133 3280 200 3344 quod
220 3278 448 3328 Drakenborchius
477 3278 650 3341 imprudenter
674 3277 837 3328 erodicibus
859 3279 973 3327 reduxit:
1002 3287 1034 3327 st
1056 3279 1125 3328 her·

134 3371 201 3420 cute
220 3405 227 3419 .
247 3405 253 3419 .
274 3405 279 3418 .
299 3377 458 3434 presente
485 3379 515 3418 te
542 3370 794 3434 (complorstnm
822 3385 919 3434 prope
947 3371 1124 3432 coniugum

134 3478 169 3511 sc
206 3462 383 3511 liberorum
421 3469 592 3510 nostorum
629 3461 875 3512 exaudire
905 3466 1033 3526 posses)
1076 3463 1124 3510 its

132 3569 240 3603 sumus
264 3553 471 3616 aliquotiens
502 3553 562 3602 hee
588 3563 703 3603 sestste
733 3555 913 3613 dorostoli,
944 3569 1003 3602 num
1033 3561 1124 3617 prester

133 3646 355 3710 comploratus
379 3645 593 3708 significationem
617 3645 692 3710 plene
717 3647 750 3695 sb
774 3646 900 3696 hocloco
926 3644 1035 3692 alienam
1060 3643 1123 3692 nihil

136 3747 173 3788 est
190 3737 292 3802 previus
309 3739 443 3787 interiecta
460 3738 507 3786 ills
525 3739 652 3787 sententis
670 3737 853 3796 condicionali,
880 3735 943 3784 nihil
959 3735 1078 3784 usitatius
1096 3735 1123 3783 in

135 3829 260 3878 sdinnctis
284 3831 320 3879 rei
346 3829 424 3878 elicui
448 3829 569 3878 notandis
593 3843 670 3893 quem
692 3829 747 3878 hue
771 3827 869 3878 forms:
895 3836 923 3877 te
946 3833 1123 3891 presente,

134 3933 227 3982 quum
246 3920 333 3982 (codd.
353 3925 432 3982 cum)
452 3959 458 3972 .
479 3957 485 3969 .
505 3934 649 3984 ‚posses
