2826 4650
577 234 719 324 ’25Ι

93 419 201 488 tiam3
228 417 258 475 in
281 415 413 492 margine
433 415 590 473 adnotatur
609 414 757 473 multum
781 408 951 485 deficit1).
1010 415 1065 474 Est
1085 433 1159 490 prm·

92 533 178 582 terea
198 523 271 582 setis
295 539 403 598 magne
422 521 453 578 in
476 520 576 578 codice
597 521 641 580 Μ.
663 521 768 578 lacuna
788 519 855 578 inde
877 539 896 576 e
915 519 980 590 III,
1004 521 1058 592 27,
1085 525 1096 579 l
1122 521 1160 578 ed

93 649 118 690 e.
144 631 195 702 28,
218 633 235 687 7
260 628 365 704 (dicit
388 627 422 686 L.
445 627 677 702 Tarquitium
703 657 739 670 -
762 625 907 701 proelio
929 636 1074 702 coepto,
1095 629 1159 701 ne),

94 755 156 812 qno
177 737 244 794 loco
268 735 355 792 ceteri
376 751 476 790 omnes
496 733 601 809 integri
622 727 741 805 sunt.⁹).
783 731 870 791 Solus
892 731 978 790 etiem
1000 734 1159 806 111,37‚5

95 851 237 918 quattmr
257 841 349 900 verbo
370 839 476 897 omittit
495 849 615 916 propter
635 839 738 896 modo
760 837 805 895 bis
822 837 966 913 positum,
988 839 1046 905 lx,
1070 843 1097 912 4,
1125 843 1158 897 14

95 950 156 1006 dno
194 949 248 1021 (ec
282 947 491 1022 prodimus).
556 943 657 1004 Certet
685 953 781 1002 autem
816 943 846 1001 in
876 945 933 1002 boo
963 945 1063 1003 codice
1094 963 1159 1004 cum

96 1071 207 1128 magna
228 1052 367 1127 religione
387 1071 446 1110 non
468 1051 562 1109 minor
582 1051 736 1128 imperitia,
758 1069 943 1126 quemquem,
965 1061 998 1108 ut
1020 1069 1095 1110 nnnc
1113 1071 1160 1111 res

96 1171 151 1229 est,
174 1159 244 1235 qnid
266 1158 351 1214 huius
372 1157 462 1233 ipsius
484 1159 589 1214 codicis
610 1157 745 1229 librario,
777 1157 846 1232 quid
874 1159 1019 1215 communi
1047 1159 1108 1216 eius
1132 1169 1161 1217 et

96 1264 314 1326 vormatiensis
342 1264 455 1339 parenti
482 1265 636 1337 debeatur,
667 1263 789 1322 iudicari
808 1264 922 1338 nequit,
956 1265 1110 1322 accessisse
1130 1265 1161 1324 in

97 1373 237 1432 extremis
265 1370 347 1428 libris
372 1370 487 1428 ridetur
517 1369 615 1445 eliqua
643 1389 680 1427 ex
709 1368 794 1426 raedio
821 1367 1012 1443 negligentia,
1038 1370 1102 1442 ubi,
1128 1379 1162 1428 ut

97 1477 304 1536 adnotationes
336 1476 511 1552 marginales
543 1477 572 1533 in
605 1475 704 1550 eliqua
735 1482 818 1550 perte
854 1473 920 1530 libri
951 1475 1066 1551 septimi
1100 1485 1161 1534 tam

97 1601 175 1660 sape
200 1582 326 1640 orationi
347 1582 494 1640 immixtas
515 1591 637 1650 taceam,
659 1599 717 1637 non
738 1579 780 1636 ita
802 1599 897 1656 pauca
918 1581 1059 1638 eiusmodi
1079 1601 1161 1640 mon·

97 1702 160 1749 stra
180 1689 317 1747 librarius
337 1688 466 1764 scripsit,
488 1687 574 1762 quale
594 1686 664 1758 illud
686 1686 779 1742 estin
800 1686 877 1756 VII,
902 1689 959 1757 33,
989 1689 1040 1744 1οι
1062 1698 1161 1750 recte

97 1797 226 1854 dicant
249 1795 394 1868 (ereotce
415 1795 562 1866 micent)
585 1803 635 1850 aut
655 1792 685 1850 in
707 1792 801 1862 VIII,
824 1795 858 1862 6,
885 1797 937 1850 ll:
958 1795 1161 1868 partemde·

97 1912 204 1962 retur
234 1899 415 1958 alteruter
457 1899 647 1957 consulum
683 1897 784 1955 fecta
817 1897 974 1973 implebe
1005 1899 1161 1976 (porten-

98 2010 293 2077 derentur,
322 2005 506 2063 alteruter
537 2004 725 2062 consulum
752 2002 830 2060 iate
850 2003 1029 2080 impleret)
1059 2007 1161 2063 autin

98 2113 197 2183 VIII,
222 2115 276 2183 10,
300 2113 335 2170 9:
360 2121 456 2169 seme
476 2121 675 2168 nocturnes
705 2108 755 2185 (se
781 2109 1013 2185 Minturnas),
1045 2122 1163 2189 arrepta

99 2273 301 2288 d

118 2375 141 2445 ¹)
171 2379 289 2430 Priorem
317 2377 539 2442 transpositionem
564 2373 692 2425 Selrinius
719 2375 824 2425 omnino
849 2389 900 2425 non
924 2378 1162 2428 commemoravisse

168 2473 281 2530 ridetnr3
306 2481 388 2532 neque
413 2467 480 2515 euim
505 2465 586 2515 ullum
614 2468 649 2516 rel
672 2468 808 2531 vestigium
835 2469 902 2532 opud
921 2465 1161 2520 Drakenborchium

171 2573 224 2624 cst,
250 2563 383 2626 scriptura
401 2559 550 2607 varietatem
570 2573 583 2607 e
600 2557 751 2610 Florentino
772 2561 861 2610 ordine
879 2567 1088 2624 persequentem,
1113 2560 1161 2609 nisi

170 2657 241 2721 qnod
260 2671 281 2704 c.
301 2659 347 2712 25,
371 2653 433 2700 tin
451 2665 482 2700 eo
508 2650 630 2715 seriptum
654 2667 712 2702 esse
735 2653 829 2702 dicitnr
849 2653 950 2702 litore
978 2665 1162 2701 sennatorm

172 2748 334 2806 Actionis,
353 2745 426 2809 qussi
444 2758 497 2792 nna
513 2757 565 2792 nox
583 2749 718 2803 natura,
737 2760 791 2794 non
815 2745 903 2794 decem
925 2744 1010 2809 capita
1031 2745 1066 2794 ibi
1085 2746 1163 2795 inter·

170 2841 257 2906 posita
275 2838 377 2888 inerint.
416 2837 508 2887 Altero
526 2835 584 2884 loco
603 2836 637 2884 ad
656 2835 704 2896 IX,
720 2843 784 2897 tna
803 2837 1029 2887 Drakenborchine
1047 2837 1162 2897 adnotat,

171 2933 256 2982 omitti
273 2933 301 2980 in
317 2931 468 2980 Florentino
486 2928 572 2976 omnin
590 2943 671 2993 usqne
689 2931 722 2978 ad
741 2945 760 2980 o.
782 2935 815 2980 22
835 2937 916 2989 extr,
940 2937 1016 2995 atque
1035 2931 1067 2980 od
1085 2931 1161 2980 huius

171 3026 263 3090 eapitis
275 3024 353 3072 finem
364 3023 476 3079 ascribit,
490 3021 556 3068 liniri
571 3021 698 3082 lacunam,
716 3037 763 3072 nec
781 3024 807 3071 in
826 3024 916 3072 mediis
935 3023 1062 3087 capitibus
1080 3023 1161 3072 ullam

170 3117 314 3166 Florentini
338 3113 489 3178 scripturam
513 3113 597 3178 ponit,
624 3114 781 3180 miratorque
800 3115 833 3164 ad
853 3130 875 3164 c.
898 3120 938 3174 15,
964 3119 977 3164 'l
998 3132 1013 3164 a
1032 3113 1161 3165 Gronovio

169 3207 347 3258 Florentinum
366 3207 568 3257 commemorari.
603 3205 694 3270 Itaque
712 3207 840 3258 Salvinins
861 3223 938 3271 quum
957 3209 983 3256 in
1003 3214 1064 3258 eto
1077 3209 1102 3256 in
1122 3222 1161 3266 ea,

171 3315 229 3364 quse
247 3302 316 3364 prins
335 3300 429 3348 omissa
446 3307 528 3358 erent,
552 3299 691 3359 incidisset,
715 3315 767 3349 nou
791 3301 926 3363 agnovisse
950 3315 999 3350 nec
1024 3299 1164 3350 contulisse

171 3395 283 3446 videtur.
327 3393 378 3444 Sed
406 3393 433 3440 in
460 3392 512 3441 suis
539 3393 593 3456 ipse
618 3393 748 3442 codicibus
771 3392 1001 3442 Drakenborchius
1024 3393 1163 3456 transposi-

171 3486 283 3544 tionem,
308 3486 329 3535 si
352 3485 388 3534 ibi
409 3484 513 3544 smeret,
538 3484 771 3546 animadvertissem
794 3499 843 3536 nee
864 3485 891 3534 iu
907 3483 930 3533 Ρ
948 3485 1085 3550 quidquam
1110 3493 1163 3534 tnr-

171 3579 254 3628 betur.

129 3664 155 3734 ⁸)
174 3669 241 3718 Due
267 3675 328 3718 sunt
356 3668 424 3718 intre
448 3667 524 3717 huius
553 3668 652 3718 leennm
681 3669 792 3733 spetiem
816 3667 933 3718 Rhenani
963 3667 1164 3727 emendationes,

172 3777 238 3828 qnae
261 3762 283 3810 si
309 3775 323 3809 e
348 3761 436 3811 codice
463 3762 583 3826 sumpsit,
609 3761 702 3809 lacuna
726 3761 801 3810 nnius
826 3761 854 3810 M
876 3759 979 3825 propria
1003 3757 1064 3819 init,
1092 3759 1164 3808 cuins

172 3865 259 3904 tamen
281 3852 346 3904 lolio
369 3853 458 3904 deesse
475 3852 654 3903 Alschefskins
677 3869 729 3903 non
748 3851 912 3916 significavit.
956 3849 1008 3900 Sed
1026 3849 1164 3900 Rhenanus

173 3949 201 3996 in
227 3955 319 3996 neutra
346 3945 523 3995 emendatione
551 3945 646 3995 codicis
665 3945 818 4001 anctoritate
843 3946 922 3994 utitur
945 3951 1033 4009 estque
1058 3954 1164 4007 utreque

172 4038 307 4098 eiusmodi,
327 4051 383 4103 qua
401 4039 548 4088 coniectare
564 4037 641 4088 fenile
658 4037 760 4101 reperiri
778 4036 898 4100 potnerit.
