2810 4644
615 254 674 310 343
1001 250 1059 301 Lib.
1070 249 1170 302 XXIX.

120 447 180 492 tum
214 434 428 512 delegatum.
489 436 651 512 (Delegit
692 455 745 512 pro
781 435 917 494 deiecit
960 437 987 494 P
1021 445 1051 494 st
1084 435 1170 493 ceteri

120 541 243 613 XXIII,
265 545 313 613 tt,
337 542 377 614 6.)

203 644 274 722 Cap.
297 648 347 718 24,
369 651 402 706 4:
423 648 624 723 periculum
647 657 740 718 erat,
762 667 804 705 ne
831 692 860 707 ..
887 647 996 706 timor
1016 648 1051 706 in
1072 665 1171 706 exer·

119 751 229 809 citum
250 752 444 824 incideret,
474 773 515 811 ne
541 753 649 812 simul
677 772 752 811 cum
780 771 864 829 rege
886 762 920 810 et
941 751 1170 829 Carthagini·

119 857 266 915 ensibus
287 855 383 916 foret
405 859 619 917 bellandum.
673 859 760 916 Nove
781 869 810 917 et
842 859 978 917 inusitate
1008 859 1116 916 timor
1135 857 1170 914 iu

118 961 277 1037 aliquem
309 964 473 1022 incidere
504 965 609 1023 dicitur
629 963 727 1038 (quasi
752 984 822 1024 cusu
846 965 961 1022 aliunde
994 965 1170 1035 adveniens),

118 1086 179 1142 qna
201 1067 313 1126 dicendi
333 1069 486 1128 insolentie
507 1069 659 1146 quominus
686 1069 802 1129 Livium
832 1089 915 1128 usum
945 1081 1088 1149 putemus,
1118 1071 1170 1127 ob·

117 1183 197 1231 stant
225 1152 312 1232 snam
333 1176 456 1246 codice,
476 1177 506 1234 in
528 1175 632 1252 quibus
654 1185 710 1234 est:
732 1176 769 1232 in
790 1175 954 1234 exercitu
975 1176 1168 1235 inceseret.

117 1279 282 1356 Scripserat
303 1280 418 1338 Livius:
448 1281 484 1338 in
503 1282 670 1339 exercitu
691 1281 872 1338 insideret
894 1282 969 1349 (sich
991 1277 1169 1357 festsetzen).

115 1387 158 1444 Et
183 1386 213 1443 in
243 1387 269 1444 P
299 1396 327 1444 et
355 1386 385 1444 in
412 1387 476 1444 aliie
507 1388 633 1463 antiquis
662 1387 809 1446 codicibus
833 1405 887 1462 pro
908 1386 1050 1445 insideo
1071 1384 1171 1442 simili·

116 1493 229 1567 busque
250 1511 327 1568 sepe
347 1493 481 1551 scribitur
506 1493 665 1554 insedeo.

208 1597 281 1675 Cap.
304 1601 352 1670 25,
375 1602 407 1656 3:
438 1597 585 1656 Caelius
608 1607 644 1656 ut
664 1599 827 1656 abstinet
849 1615 1010 1667 numero,
1039 1597 1091 1654 ita
1111 1596 1170 1653 inr-

115 1723 274 1763 mensum
296 1703 538 1762 multitudinis
565 1705 722 1781 speciem
754 1713 872 1779 auget.
920 1703 969 1762 Sic
997 1704 1032 1773 P,
1054 1721 1090 1759 ex
1112 1720 1169 1776 quo

115 1830 175 1870 non
197 1812 242 1869 ad
268 1810 474 1868 immensum
505 1808 668 1868 faciendum
699 1820 776 1880 erat,
804 1809 864 1880 sed,
886 1809 1032 1884 quomodo
1059 1817 1170 1865 veteres

114 1917 282 1992 loquuntur,
302 1917 337 1974 in
359 1917 577 1974 immensum.

206 2020 278 2098 Cap.
302 2025 351 2093 ²6,
373 2025 401 2079 5.
445 2020 532 2095 Quod
561 2019 591 2076 in
612 2020 758 2078 codicibus
779 2019 912 2077 scribitur
933 2029 962 2078 et
985 2040 1004 2078 a
1023 2021 1170 2078 Weissen-

115 2129 218 2186 bornio
240 2127 397 2205 repositum
425 2135 469 2182 est
499 2142 552 2181 nec
585 2133 681 2182 tamen
716 2125 802 2182 valdo
836 2124 1010 2183 defenditur:
1047 2127 1169 2202 Scipio

115 2232 188 2288 dux
207 2231 339 2307 partim
361 2230 474 2288 factis
497 2227 674 2302 fortibus,
706 2230 836 2306 partim
864 2242 993 2306 suapte
1019 2231 1170 2289 fortuna

116 2336 274 2412 quadam
302 2336 442 2412 ingenti
468 2336 513 2394 ad
540 2336 762 2394 incrementa
791 2335 916 2411 glories
948 2336 1170 2404 celebratus,

115 2440 224 2498 falsum
246 2459 308 2498 esse
330 2455 359 2500 et
386 2442 458 2500 ordo
486 2441 693 2500 adiectivorum
724 2442 754 2500 in
785 2459 843 2498 uuo
875 2442 1056 2499 substantivo
1089 2439 1169 2513 (for-

114 2549 214 2620 tuna)
246 2566 337 2624 prave
359 2547 569 2608 cumulatorum
587 2549 712 2607 ostendit
732 2555 762 2604 et
781 2546 985 2622 magnitudinis
1003 2547 1083 2604 notio
1103 2545 1170 2603 hinc

115 2653 212 2710 aliena
238 2655 293 2724 (—
317 2671 384 2710 nam
416 2652 515 2712 facta
545 2654 660 2712 fortia
692 2663 721 2712 et
747 2671 813 2710 sua
837 2651 989 2710 fortuna
1010 2652 1169 2727 qnaedam

114 2760 191 2817 inter
211 2777 243 2817 se
263 2758 437 2836 referuntur)
465 2769 494 2817 et
521 2760 744 2818 incrementa
766 2759 893 2834 gloriae
914 2759 998 2816 nimis
1018 2759 1095 2816 nuda
1114 2777 1169 2833 po·

114 2866 213 2926 sitnm.
257 2867 363 2940 Itaque
384 2866 547 2941 superiores
568 2865 704 2924 edebant:
725 2865 887 2940 ingentis
909 2865 952 2922 ad
972 2865 1169 2922 incremen-

114 2981 153 3030 ta
172 2973 314 3047 gloria,
344 2991 401 3028 nou
423 2972 517 3028 minus
537 2989 630 3046 pravo
657 2972 811 3028 verborum
833 2969 934 3026 ordina
954 2990 1007 3029 nec
1028 2970 1169 3029 adiectivo

115 3079 154 3148 ei,
173 3077 219 3134 cui
253 3079 426 3153 oportebat,
448 3077 628 3134 substantivo
650 3075 884 3145 accommodat03
905 3094 972 3133 nam
995 3075 1170 3133 incrementa

114 3183 219 3260 gloriae
236 3183 365 3258 ingentia
382 3192 536 3254 notantur,
567 3201 626 3240 non
655 3181 778 3258 ingentis
799 3181 857 3239 iam
879 3201 933 3258 per
953 3199 985 3240 se
1007 3181 1106 3258 gloriae
1126 3181 1169 3238 iu·

115 3306 271 3350 crementa.
333 3289 457 3348 Videtur
502 3288 601 3346 Livius
643 3288 806 3365 scripsisse:
851 3297 982 3363 suapte
1023 3286 1169 3345 fortuna

115 3395 269 3471 quadam
294 3397 330 3472 In
360 3394 526 3470 ingentia
556 3395 781 3452 incrementa
810 3394 936 3470 gloria
963 3393 1169 3452 celebratus

115 3505 162 3575 (ut
181 3501 285 3559 dicitur
316 3501 351 3559 in
377 3501 584 3558 immensum
616 3509 645 3557 et
665 3500 810 3574 similia).'
849 3499 964 3557 Hausta
992 3499 1066 3556 inter
1095 3517 1121 3560 ι
1141 3507 1169 3554 et

114 3607 186 3682 ing.
208 3606 421 3684 praepositione,
446 3625 483 3662 ex
504 3605 669 3680 iugentia
690 3615 784 3663 ortum
812 3613 856 3662 est
878 3603 1017 3680 ingenti
1039 3597 1122 3672 ad.¹)

135 3955 160 4022 ¹¹)
187 3959 395 4022 §usupatione
413 3961 505 4010 melius
529 3961 707 4026 suppleverunt
729 3963 932 4026 cortpserantque
958 3963 1000 4021 (se
1026 3961 1168 4010 transire

187 4051 397 4115 vnigaverat)
421 4065 495 4116 qoam
520 4051 562 4101 W.
636 4051 700 4119 Cep.
726 4056 803 4114 ΜΛ
828 4055 969 4104 amnium
993 4053 1089 4104 mentio
1108 4068 1169 4103 con·
