2822 4648
307 279 365 331 Lib.
384 279 429 328 lv*
783 283 821 338 92

272 464 436 522 Licinius
462 466 583 522 Macer
614 475 742 522 auctor
769 471 823 519 est
846 475 879 519 ct
900 465 934 520 in
956 463 1104 523 loedere
1126 464 1335 524 Ardeatino

272 579 307 626 et
335 569 370 626 in
400 569 526 626 linteis
561 570 667 628 libris
706 571 749 628 ed
777 569 929 627 Monetas
960 570 1118 634 inventa.
1170 572 1336 630 Enarrant:

274 695 450 750 quamquam
473 676 638 734 consulibus
664 675 805 744 suffectis,
834 683 929 732 tamen
951 675 1070 733 nomina
1089 677 1205 734 omissa.
1255 676 1335 734 Earn

273 801 328 858 ego
351 783 520 839 sententiam
533 782 648 840 Livium
669 783 698 840 in
721 783 775 840 boc
793 790 929 839 contextu
947 782 1051 839 additis
1072 783 1220 859 particulis
1243 783 1336 857 signi-

273 891 425 946 ficaturum
447 888 536 946 fuisse
557 890 714 960 contend03
740 887 855 962 inipso
876 887 1026 946 enimhac
1048 889 1256 947 contrariorum
1281 907 1337 944 no·

273 996 382 1052 tatione
404 1005 491 1070 caput
512 995 659 1052 sententie
681 1003 733 1051 est.
773 993 831 1052 Sed
851 1003 883 1050 ut
904 995 932 1050 id
956 995 1056 1052 Livius
1078 995 1245 1070 neglexerit,
1268 996 1336 1069 quis

273 1101 372 1159 credet
404 1121 479 1166 eum,
512 1119 599 1175 quum
633 1101 689 1157 hoc
721 1099 816 1158 dicere
837 1101 936 1158 vellet:
971 1101 1212 1160 suffectorum
1246 1121 1337 1159 con·

272 1208 387 1265 sulum
410 1207 555 1263 nomina
575 1206 837 1281 praetcrmissa‚
871 1217 922 1264 eut
951 1209 1044 1265 minus
1065 1208 1223 1284 eleganter:
1256 1208 1338 1265 suf-

274 1315 382 1372 fectis
403 1311 630 1382 consulibus,
662 1312 806 1371 nomina
839 1332 958 1370 eorum
981 1313 1241 1389 pretermisso,
1273 1323 1337 1370 tam

273 1420 373 1498 puerili
395 1437 478 1475 usum
507 1437 570 1475 esse
594 1419 763 1494 repetitione
785 1419 939 1476 verborum
967 1429 996 1476 et
1028 1419 1155 1477 balbutie
1179 1420 1339 1476 orationist

275 1525 447 1583 suffectis
468 1525 524 1581 lris
555 1525 781 1594 consulibus,
813 1525 1058 1600 pretermissa
1085 1525 1227 1582 nomina
1249 1543 1339 1582 con·

273 1633 388 1690 sulum
418 1633 559 1698 horum,
593 1631 733 1706 singulari
766 1631 851 1688 etiam
875 1631 1065 1706 perversitate
1091 1631 1261 1706 pronomine
1282 1631 1339 1688 de-

274 1737 465 1796 monstrativo
479 1737 625 1811 geminato
640 1736 690 1810 (-—
704 1755 771 1793 nam
789 1737 866 1812 quod
879 1737 976 1812 priore
990 1737 1054 1795 loco
1065 1735 1267 1795 Alschefskius
1283 1737 1339 1793 de-

273 1845 363 1901 tivum
387 1861 450 1899 esse
469 1841 546 1910 vult,
578 1851 609 1898 ut
630 1861 705 1898 nunc
727 1851 785 1914 est,
808 1843 981 1918 ambiguitas
1003 1863 1116 1900 summa
1137 1842 1260 1900 efficitur
1282 1843 1337 1912 -l

275 1961 302 2007 et
325 1950 416 2006 altero
438 1948 466 2004 in
488 1949 573 2004 finem
596 1949 743 2005 sententiae
763 1949 879 2010 reiecto.
924 1950 1031 2006 Verum
1054 1969 1089 2006 ex
1111 1950 1167 2006 hoc
1188 1950 1252 2024 ipso
1273 1951 1338 2006 veri

272 2056 412 2114 indicium
435 2055 570 2130 emergit3
604 2064 726 2129 apparet
753 2055 843 2122 enim,
876 2055 916 2112 sic
944 2057 1005 2112 haec
1037 2055 1227 2130 dispescenda
1258 2073 1339 2112 esse:

274 2162 429 2220 Nomine
451 2160 636 2217 consulum
659 2161 783 2218 horum
806 2161 969 2218 Licinius
987 2163 1108 2218 Macer
1130 2169 1260 2218 auctor
1281 2175 1339 2216 est

275 2279 329 2328 etc.
399 2265 595 2340 Relinquitur:
637 2266 809 2324 suffectis
857 2267 912 2324 his
950 2285 1039 2327 coss.
1078 2267 1335 2342 pretermissa.

274 2373 395 2449 Scripsit
415 2373 503 2447 igitur
524 2373 639 2430 Livius:
680 2373 812 2440 Credo,
842 2373 935 2449 quod
965 2373 1102 2430 tribuni
1132 2372 1202 2430 mil.
1224 2372 1336 2428 initio

274 2481 356 2538 anni
379 2479 540 2550 fuerunt,
558 2479 707 2554 perinde
728 2497 768 2535 ec
790 2478 820 2534 si
841 2487 954 2534 totum
977 2498 1104 2536 annum
1124 2479 1159 2536 in
1179 2479 1335 2553 imperio

274 2585 427 2653 luerint,
460 2583 641 2642 suffectos
662 2586 708 2642 iis
732 2585 900 2642 consules
921 2586 1195 2660 praetermissos.
1236 2584 1334 2659 Quum

272 2691 456 2749 suffectos
480 2691 560 2764 (nam
584 2709 673 2751 coss.
690 2701 759 2747 nota
775 2691 911 2766 ambigua
933 2691 1016 2764 erat.)
1039 2710 1136 2748 errore
1158 2691 1194 2746 ad
1217 2691 1263 2747 iis
1285 2709 1336 2748 ac·

275 2797 489 2854 commodatum
513 2805 596 2865 essct,
618 2798 898 2872 praetermissos,
921 2807 952 2852 ut
973 2817 1037 2853 cum
1063 2815 1107 2868 co,
1130 2797 1207 2871 quod
1230 2814 1334 2872 seque-

275 2905 369 2970 batur,
391 2902 572 2958 substantivo
594 2903 761 2978 (nomino)
785 2903 1014 2977 coniungeret-ur,
1035 2901 1064 2958 in
1086 2904 1334 2977 praetermissa

273 3016 413 3064 mutatum
440 3017 491 3066 est.
520 3009 684 3090 'Tenemus
711 3009 809 3083 igitur,
838 3018 870 3064 ut
891 3007 971 3066 initio
993 3008 1063 3072 dixi,
1082 3007 1128 3066 hic
1151 3027 1266 3084 quoque
1289 3009 1334 3084 (ut

274 3114 332 3180 ΙΙΙ,
351 3114 403 3182 38)
426 3113 559 3170 mendum
582 3115 638 3171 iam
661 3115 689 3171 in
713 3115 810 3172 codice
829 3115 986 3190 archetypo
1000 3114 1221 3190 interpolatione
1237 3116 1333 3172 occul-

275 3227 383 3283 tatunu
405 3219 519 3274 tertium
542 3219 635 3276 simile
657 3231 788 3278 occurret
808 3221 836 3278 in
859 3239 884 3280 c.
907 3222 956 3288 25,
981 3225 1008 3279 i.

357 3323 430 3399 Cap.
455 3329 483 3394 8,
506 3327 539 3380 2:
568 3325 665 3382 Idem
688 3326 745 3382 hic
767 3345 879 3382 annus
901 3345 1058 3384 censurae
1078 3327 1222 3384 initium
1247 3326 1334 3394 fuit,

273 3431 324 3488 rci
351 3449 369 3486 a
390 3449 504 3505 parva
527 3431 668 3506 origine
697 3441 798 3500 ortte,
831 3451 904 3508 quse
933 3433 1061 3490 deiude
1088 3441 1190 3490 tanto
1214 3433 1332 3490 incre·

274 3547 392 3594 mento
415 3546 521 3594 aucta
544 3548 612 3606 est,
642 3547 679 3594 ut
708 3557 840 3594 morum
868 3539 1143 3615 disciplineque
1164 3540 1333 3596 Romanae

273 3661 384 3718 penes
409 3662 483 3700 eam
515 3643 688 3717 regimen,
719 3655 868 3701 senatus
892 3645 1123 3720 equitumque
1145 3644 1333 3708 centuriae,

273 3747 418 3804 decoris
453 3747 717 3824 dedecorisque
752 3749 947 3808 discrimen
983 3752 1046 3808 sub
1079 3750 1222 3808 dicione
1255 3750 1332 3806 eius

274 3853 530 3930 magistratus,
565 3854 792 3930 publicorum
821 3855 877 3913 ius
906 3857 1208 3932 privatorumque
1229 3855 1332 3912 loco·

272 3979 363 4030 rum,
388 3961 589 4036 vectigalia
616 3961 742 4036 populi
763 3963 915 4020 Romani
944 3965 1008 4020 sub
1036 3971 1120 4018 nutu
1143 3970 1251 4034 atque
1274 3980 1332 4018 er·

272 4065 385 4122 bitrio
408 4075 537 4122 essent.
583 4065 639 4139 Qui
661 4066 813 4140 diligenter
832 4067 993 4126 attenderit.
1016 4067 1233 4130 animadvertet,
1256 4068 1333 4124 male
