2822 4648
595 268 651 320 105
993 263 1050 312 Lis.
1071 265 1117 314 IV.

84 445 120 499 in
146 454 343 518 utrumque
371 463 466 500 mare
488 458 683 520 vergentes
706 460 773 516 cet,
800 467 892 522 nuper
920 468 1010 523 preve
1033 463 1154 525 aparte

81 549 222 606 codicum
251 549 366 621 (contra
388 550 480 618 PHl)
496 527 676 608 ¹revocatum
705 563 748 609 est
770 564 811 609 et.
859 555 990 610 Eandem
1013 556 1152 612 orationis

82 655 214 712 lorrnant
237 655 296 712 alio
319 657 406 712 modo
428 669 594 732 corruptam
617 659 728 715 restitui
752 661 810 730 lll,
835 663 889 730 29,
912 663 929 718 9
954 661 1072 731 (iussi;
1094 660 1151 730 is).

179 759 255 837 Cap.
286 764 342 832 ts,
369 765 386 818 6
427 762 467 834 (in
495 765 661 822 narratione
691 766 726 822 de
748 765 868 822 coloniae
896 766 985 822 Bolas
1007 767 1155 824 mittendas

80 873 217 939 conatu),
246 868 296 925 ubi
320 868 352 924 L.
376 867 499 924 Sestio
522 868 653 938 adilane
675 871 818 927 bonorum
841 871 972 928 codicum
995 872 1149 948 scriptura,

82 975 120 1033 L.
144 975 283 1044 Dexio,
312 987 389 1030 recte
421 975 479 1030 iam
501 975 530 1030 in
554 994 611 1030 uno
634 975 775 1032 etaltera
799 976 957 1032 recentiore
978 976 1087 1034 factum
1110 988 1153 1034 est

82 1081 120 1138 L.
144 1080 270 1138 Decio.
316 1081 447 1137 Eundem
471 1080 560 1136 fuisse
575 1082 730 1149 tribunum,
753 1082 802 1154 qui
814 1082 948 1156 proximo
960 1101 1036 1138 anno
1050 1087 1078 1150 (ᾖ
1093 1086 1102 1138 l
1115 1083 1151 1154 l),

81 1205 177 1259 quum
200 1184 295 1259 legem
317 1187 462 1260 agrariam
487 1185 589 1249 ferret,
613 1185 700 1241 etiarn
723 1197 754 1241 ut
776 1186 865 1242 Bolas
888 1188 982 1244 coloni
1006 1187 1152 1244 mitteren-

80 1290 282 1360 lanistarum
304 1311 335 1347 se
358 1292 472 1360 dixerit,
485 1304 513 1348 et
536 1291 585 1364 qui
598 1291 638 1346 ibi
651 1290 798 1348 Sestius
822 1293 984 1367 appelletur
1001 1294 1057 1364 (M.
1068 1293 1152 1351 Sex-

82 1397 163 1453 tius
185 1397 275 1466 MLl,
300 1407 375 1462 cett,
398 1399 453 1454 hac
474 1397 630 1471 scriptura:
657 1414 761 1470 quarn
784 1396 911 1452 Sextio
932 1416 986 1471 pro
1013 1416 1082 1470 qua
1109 1399 1150 1458 M.

82 1503 254 1571 Sextio),
284 1504 385 1560 Livius
414 1523 507 1578 neque
534 1501 603 1558 dicit
630 1520 725 1574 neque
744 1502 887 1577 significat
908 1513 1067 1578 contraque
1088 1515 1151 1561 tan·

81 1629 177 1683 «priam
202 1610 239 1666 de
269 1609 327 1664 alio
359 1609 475 1666 homine
518 1606 601 1665 Decii
630 1607 868 1664 consiliumeunt
893 1625 946 1664 suo
968 1610 1152 1685 coniungenti

80 1725 152 1780 (aut
174 1715 393 1772 coniuncturum
414 1725 526 1770 tanturn
549 1731 580 1769 se
602 1713 759 1776 minitanti)
790 1709 936 1786 narrat¹).

171 1818 245 1894 Cap.
270 1824 318 1890 51,
342 1823 375 1878 3:
399 1823 427 1875 Α
451 1819 557 1894 plebe
578 1837 758 1876 consensu
781 1819 907 1893 populi
935 1821 1152 1878 consulibus

80 1926 271 2000 negotium
294 1925 498 1984 mandatur.
543 1925 615 1997 Quae
637 1923 815 1982 Niebuhrius
839 1923 875 1978 de
893 1924 1152 1998 populinomine

79 2031 159 2088 dixit
181 2051 199 2087 a
218 2032 303 2088 Livio
325 2031 468 2087 interdum
491 2031 527 2087 de
548 2031 677 2106 patriciis
700 2031 741 2086 ita
763 2028 876 2103 posite,
903 2041 936 2085 ut
956 2030 1037 2104 plebs
1056 2032 1093 2087 ab
1116 2032 1151 2088 iis

79 2137 216 2194 seiuncta
238 2137 423 2212 cogitaretur,
447 2154 530 2204 nune,
553 2134 813 2210 opinor,01nittere
835 2134 896 2190 sine
920 2133 1094 2193 refutatione
1115 2137 1151 2192 li-

81 2253 144 2310 cet3
165 2261 287 2317 prorsus
308 2243 383 2298 enirn
408 2243 469 2299 sine
491 2242 549 2298 ullo
572 2250 742 2315 argumento
763 2240 918 2312 finguntur.
961 2240 1033 2296 Eius
1055 2253 1151 2298 antem

84 2347 203 2421 populi,
228 2348 278 2422 qui
300 2368 316 2405 e
337 2347 467 2422 patriciis
491 2360 520 2403 et
541 2348 623 2422 plebe
647 2355 777 2414 constat,
799 2363 940 2402 consensu
963 2345 1041 2402 nullo
1064 2349 1151 2404 niodo

83 2453 170 2526 plebs
206 2452 263 2509 dici
302 2463 400 2527 potest
440 2453 598 2526 quidquam
627 2452 656 2507 in
694 2451 753 2506 suis
782 2451 847 2526 ipsa
883 2451 1006 2508 comitiis
1046 2451 1151 2524 facere,

82 2555 253 2632 frustraque
275 2559 527 2616 Weissenbornius
550 2558 631 2614 locos
663 2556 701 2612 ad
734 2557 808 2613 lianc
840 2576 900 2613 rem
930 2557 1000 2613 nihil
1035 2559 1153 2615 omnino

82 2663 264 2737 pertinentes
286 2664 410 2739 collegit,
433 2664 463 2720 in
485 2662 590 2738 quibus
620 2679 821 2718 consensus
843 2662 971 2738 populi
993 2675 1044 2720 ant
1066 2664 1151 2721 eivi-

102 2945 128 3013 ι)
162 2949 260 2998 Eodem
285 2953 342 3000 loeo
368 2953 444 3000 velim
470 2952 582 3010 attendi,
617 2951 829 3013 quemadmodum
853 2965 869 2998 a
891 2949 1102 2998 Drakenborebio
1127 2959 1152 2998 et

155 3039 368 3092 Weissenbornio
387 3045 458 3106 (nam
481 3043 635 3094 Alscbeisbii
654 3043 778 3091 rationem
798 3058 848 3091 non
867 3043 961 3106 liabeo)
987 3045 1152 3104 redarguatur

156 3134 188 3182 T.
210 3134 310 3192 Faber,
332 3137 372 3182 cui
391 3136 556 3199 displicuerat
574 3137 628 3184 baec
647 3135 789 3184 barbaries:
813 3137 927 3196 dignos
947 3148 1025 3193 esse,
1046 3149 1150 3182 corum

157 3225 265 3274 arbem
287 3241 373 3288 esse,
400 3229 471 3277 cuius
495 3229 558 3276 nibil
582 3227 716 3291 quisquam
741 3228 821 3276 simile
845 3236 890 3275 aut
907 3227 1013 3291 protulit
1031 3235 1075 3274 aut
1092 3241 1153 3290 pro·

155 3317 226 3370 leret.
264 3316 324 3378 (Est
349 3322 424 3369 etiam
445 3321 552 3369 alterum
571 3322 659 3369 vitium
678 3321 704 3368 in
723 3335 845 3380 eorum,
873 3321 959 3382 quod,
989 3320 1008 3368 si
1028 3320 1078 3368 dici
1097 3320 1151 3368 ullo

157 3412 235 3459 modo
256 3413 292 3460 ita
309 3421 403 3477 posset,
423 3413 534 3460 debebat
552 3427 607 3461 esse
626 3413 737 3476 suam.)
774 3413 822 3461 Hic
837 3426 946 3476 quoque,
965 3427 1042 3474 quum
1063 3411 1152 3460 Livius

155 3505 311 3568 scripsisset,
335 3515 364 3554 ut
382 3505 467 3554 Faber
484 3505 560 3553 vidit:
591 3506 720 3568 dignuin
752 3506 836 3553 enim
859 3519 944 3563 esse,
969 3505 1023 3566 qui
1049 3505 1151 3552 armis

156 3599 335 3661 cepissent,
360 3611 469 3645 eorum
497 3597 607 3645 urbem
634 3611 813 3659 agrumque
836 3597 995 3646 Bolanum
1016 3609 1100 3654 esse,
1120 3595 1151 3642 li-

157 3689 270 3748 brarius,
294 3703 346 3737 non
369 3689 499 3736 intellecta
522 3689 711 3738 constructione
730 3690 864 3752 (eorum,
884 3689 938 3752 qni
958 3687 1149 3752 cepissent),

158 3781 278 3844 dignos
298 3781 413 3844 scripsit,
440 3797 546 3830 numero
562 3791 587 3830 et
605 3795 699 3843 genere
718 3781 910 3830 accommodato
927 3781 960 3828 ad
980 3780 1049 3843 qui,
1081 3781 1149 3842 qnod

155 3875 271 3938 proxime
290 3873 452 3936 sequebatur.
497 3877 520 3921 Α
541 3875 649 3922 consilio
669 3889 725 3922 meo
745 3875 917 3930 discederem,
947 3873 968 3920 si
988 3872 1013 3920 iu
1033 3885 1055 3923 e.
1072 3875 1113 3929 48,
1133 3877 1148 3920 9

156 3981 206 4014 non
238 3967 322 4014 minas
353 3967 446 4013 bonam
472 3967 584 4014 eiusdem
610 3967 688 4014 Fabri
720 3967 892 4014 coniecturam
923 3977 1150 4013 commemorarem

156 4059 264 4122 (quum
280 4061 433 4108 aniverso
452 4059 560 4106 ordini
584 4071 649 4108 tum
667 4059 873 4122 primoribus
891 4059 1031 4120 patrum)
