2800 4646
589 281 646 338 ³9⁷
953 279 1013 329 Lib.
1023 279 1148 330 XXXIV.

170 457 243 537 Cap.
266 463 301 529 6,
317 463 332 517 7
348 460 390 530 (in
408 461 509 520 adem
527 460 687 538 oratione):
708 463 791 522 Hac
813 483 916 540 quum
938 468 993 526 its
1013 475 1149 523 natura

86 566 270 624 distincta
291 566 364 624 sint
388 569 434 641 (ut
457 567 521 626 alia
540 567 620 644 leges
641 578 789 645 perpetue
808 571 939 630 utilitatis
961 589 1060 642 causa,
1083 571 1148 628 alia

87 673 125 732 ad
146 683 262 750 tempus
283 672 494 742 ferantur)‚ex
516 674 753 733 utrotandem
775 694 909 752 genere
930 695 971 735 ea
992 677 1051 734 lex
1069 693 1148 734 esse

85 781 244 850 videtur,
267 798 371 855 quern
394 779 638 856 abrogamus?
668 799 743 855 qua
764 790 871 839 vetus
891 783 995 858 regia
1016 783 1076 840 lex
1096 781 1148 840 si·

86 887 160 945 unul
192 905 268 944 cum
300 886 382 961 ipsa
404 887 490 945 urbe
522 897 609 945 nata
632 895 693 944 aut
727 885 834 961 (qnod
855 888 1056 946 secundum
1078 889 1147 962 est)

84 995 129 1051 ab
161 991 381 1052 decemviris
403 993 446 1049 ad
468 991 659 1052 condenda
684 993 768 1050 iura
796 993 934 1051 creatis
957 993 992 1051 in
1014 993 1148 1052 duode-

84 1100 153 1158 cim
175 1098 322 1157 tabnlis
346 1099 500 1174 scripta,
522 1098 600 1156 aine
622 1117 691 1174 qua
713 1116 817 1173 quum
849 1099 1008 1158 maiores
1029 1101 1148 1158 nostri

84 1224 156 1263 non
185 1204 438 1263 existimarint
471 1204 582 1262 decus
623 1205 830 1262 matronale
859 1205 1002 1264 servari
1023 1223 1148 1282 posse,

84 1312 192 1370 nobis
225 1330 369 1387 quoque
400 1311 598 1369 verendum
630 1310 700 1381 sit,
730 1329 773 1368 ne
801 1329 877 1368 cunt
909 1331 954 1369 ea
975 1312 1146 1388 pudorem

83 1417 401 1491 sanctitatemque
425 1417 639 1475 laminarum
663 1417 889 1492 abrogemus.
921 1417 1009 1491 Quis
1032 1418 1148 1494 igitur

84 1525 206 1581 nescit
230 1533 281 1581 cto.
334 1522 383 1582 Sic
410 1524 451 1593 B;
472 1523 560 1582 ceteri
582 1523 697 1580 codices
722 1522 772 1596 (da
793 1524 826 1582 M
847 1524 971 1598 meatur)
993 1543 1046 1600 pro
1068 1544 1146 1600 qua

82 1639 190 1688 vetus
211 1630 319 1687 habeut
351 1629 437 1704 quia
458 1639 573 1701 vetus,
608 1629 663 1688 nisi
698 1629 776 1704 quod
808 1647 881 1686 unus
912 1629 1146 1690 Drakenborchii

84 1735 188 1794 eodem
214 1735 302 1792 modo
323 1735 513 1811 interpolatus
535 1744 607 1806 erat,
629 1753 688 1811 quo
710 1735 822 1811 sigonii
843 1743 927 1794 vetus
958 1735 995 1812 (si
1017 1737 1061 1794 dis
1082 1737 1146 1813 pla·

83 1843 143 1916 cet)
166 1841 248 1913 liber,
282 1860 366 1916 quem
398 1842 523 1900 editores
559 1859 650 1916 usque
684 1842 722 1898 ad
759 1852 891 1900 nostrum
917 1852 1031 1920 tempus
1056 1843 1146 1901 secuti

82 1947 225 2018 aurasio
247 1947 422 2006 scribentes:
549 1947 802 2022 abrogamus?
837 1967 881 2012 stt
916 1958 1020 2006 vetus
1042 1950 1147 2025 regia

80 2056 146 2112 lex
173 2096 202 2115 ..
230 2053 334 2111 nata?
356 2071 398 2116 att
422 2051 530 2131 (quod
554 2053 747 2110 secundum
769 2056 838 2129 est)
858 2057 902 2112 ab
924 2056 1145 2114 decemviris

80 2171 138 2222 etc.
182 2163 316 2237 Apparet
346 2161 401 2235 (ne
422 2157 491 2232 quid
512 2158 548 2215 de
570 2179 613 2216 an
644 2167 673 2216 et
693 2177 771 2233 quar
799 2159 846 2218 vel
867 2161 954 2235 quia
975 2164 1145 2238 permutatis

86 2264 198 2344 dicam)
221 2267 302 2343 prius
326 2284 370 2323 an
392 2265 496 2322 vitiose
509 2265 579 2342 poni
601 2283 655 2341 pro
676 2275 837 2330 vetusne,
883 2267 987 2343 Itaque
1000 2269 1146 2327 Weissen-

83 2373 206 2432 bornius
239 2371 370 2430 codicum
403 2369 527 2446 vestigia
560 2371 679 2448 propius
708 2391 842 2448 premens
869 2373 971 2431 edidit:
1003 2375 1146 2451 Quippe

83 2489 191 2537 vetus
220 2479 326 2555 regia
354 2479 416 2536 lex
438 2485 516 2547 aut,
538 2478 634 2552 quod
655 2495 725 2536 sec.
749 2489 815 2549 est,
849 2481 893 2537 ab
927 2481 1145 2538 decemviris

83 2595 152 2656 etc,
175 2595 208 2643 ut
229 2585 338 2644 ironice
358 2585 420 2642 haec
441 2584 604 2641 dicerentur
624 2584 724 2641 eodem
736 2585 908 2660 significatu,
927 2605 999 2660 quo:
1022 2587 1145 2656 Vetus,

82 2691 206 2762 credo,
227 2690 332 2766 regia
353 2699 406 2747 etc.
450 2688 508 2748 Sed
533 2690 667 2766 quippe
690 2709 837 2766 nunquam
864 2692 906 2750 sic
927 2691 1044 2768 ponitur
1064 2691 1144 2750 initio

82 2799 148 2856 eins
169 2797 334 2866 sententias,
365 2814 430 2870 quaa
449 2795 558 2852 ironice
579 2796 705 2871 fingitur,
726 2807 906 2874 repugnante
927 2799 991 2875 ipsa
1010 2797 1145 2856 vocabuli

82 2913 192 2960 natura
212 2902 251 2959 ab
271 2901 478 2977 interrogando
501 2913 582 2973 orta;
603 2902 700 2978 posito
721 2903 786 2979 ipso
808 2903 872 2976 illo,
894 2903 972 2980 quod
994 2903 1144 2962 irridendo

82 3008 220 3085 fingitur,
247 3007 397 3066 subiicitur
427 3025 492 3065 cum
524 3007 636 3065 ironica
664 3008 858 3069 affirmatione
879 3016 1001 3078 (warum
1023 3008 1144 3085 nichtil.

80 3115 134 3174 Ad
167 3113 396 3172 emendationem
427 3113 628 3172 inveniendam
657 3115 787 3190 proderit
808 3116 1060 3180 animadvertisse.
1086 3134 1144 3174 non

79 3230 162 3278 recte
182 3219 317 3298 coniungi
337 3229 442 3278 vetus
462 3220 588 3296 regia,
624 3219 709 3296 quasi
731 3221 789 3278 sint
808 3221 888 3298 leges
906 3221 993 3298 reffl‘oe
1013 3241 1072 3280 non
1093 3241 1143 3280 vo·

80 3335 174 3396 terem
202 3334 342 3394 vetustas,
377 3343 470 3399 eaque
488 3343 610 3396 summa,
641 3325 764 3385 indicari
794 3328 881 3385 debet
900 3328 963 3385 solo
984 3328 1071 3403 regias
1093 3337 1145 3384 aut

77 3545 165 3595 ntro
186 3536 330 3594 tandem
352 3554 483 3612 genere
504 3555 548 3595 ea
563 3537 622 3596 lex
644 3555 723 3596 esse
745 3538 902 3610 videtur,
924 3539 1143 3613 quamebro·

77 3641 231 3721 gamuel
253 3641 492 3724 qsanvetus?
513 3643 628 3718 Regia
652 3642 834 3714 lex‚simnl
855 3662 930 3702 cum
952 3643 1035 3720 ipsa
1056 3645 1144 3702 urbe

77 3760 170 3809 nata
192 3759 255 3807 aut
277 3749 383 3825 (quod
405 3749 601 3806 secundum
620 3749 742 3822 est)ab
764 3749 1046 3808 decemviriseto.
1077 3753 1142 3810 Iro·

76 3859 147 3916 nice
160 3855 360 3932 respondetur.
407 3853 465 3914 Sed
487 3854 718 3912 emendationem
734 3853 777 3912 ita
791 3854 953 3912 absolutam
968 3875 1026 3914 nou
1042 3857 1143 3930 crcd03

73 3981 150 4022 nam
171 3971 201 4022 et
219 3961 249 4020 in
270 3961 473 4038 respondendo
494 3961 626 4018 abundat
645 3961 704 4020 lex
725 3970 755 4018 st
773 3960 953 4020 desideratur
973 3981 1033 4022 vox
1054 3963 1143 4022 ironi-

73 4089 126 4128 am
150 4077 256 4127 notans
280 4065 422 4144 (Regia,
445 4065 563 4137 credo,
585 4065 661 4143 oct).
716 4067 822 4141 ltaque
843 4067 959 4126 Livium
994 4067 1143 4146 scripsisse
