2800 4646
566 284 622 340 211
941 281 997 332 Lib.
1019 282 1094 333 xxi.

65 463 231 540 plifieandae
260 464 302 522 rei
343 483 432 522 causa
460 466 516 522 bac
548 465 670 523 deorum
705 466 912 543 hominumque
944 467 1129 543 copulatione

68 575 185 639 utatur,
216 589 306 646 cogor
336 581 433 629 tamen
467 571 541 628 tueri
572 570 767 630 coniecturam
796 585 863 631 ante
890 573 1008 649 triginta
1036 591 1129 632 annos

67 676 253 752 propositam
274 677 484 752 repetitamque
504 676 533 733 in
548 675 658 753 Opuse.
676 675 775 735 alteris
796 697 825 754 p.
848 681 924 749 3603
945 699 1012 737 nam
1034 699 1129 756 neque

69 783 215 840 obiectum
247 782 349 840 abesse
378 794 589 858 potestasque
610 784 648 841 ab
671 782 806 840 omnibus
828 783 945 842 omnino
966 786 1036 844 victi
1057 784 1129 844 Car-

69 889 267 964 thaginienses
299 899 377 946 recte
409 889 558 961 dicuntur3
595 887 850 964 Carthaginienses
873 909 932 948 non
960 910 1024 949 cum
1060 892 1130 950 solis

70 994 222 1064 Romam,
242 993 293 1052 sed
316 1013 381 1052 cum
403 995 447 1053 dis
469 995 555 1054 etiam
577 993 684 1052 bellum
706 995 851 1066 habuisse,
873 996 957 1054 aliter
978 997 1129 1056 dicendum

6 1157 8 1168 ,
70 1111 143 1160 erat.
192 1101 283 1158 Recte
304 1101 437 1160 dicuntur
458 1103 487 1160 di
510 1100 636 1159 foederis
656 1101 734 1176 rupti
763 1101 871 1159 ultores
892 1103 1022 1161 homines
1045 1101 1131 1179 (Car-

71 1205 279 1282 thaginienses)
302 1206 413 1268 vicisse.
461 1207 634 1266 Tollendum
655 1207 743 1282 igitur
767 1216 812 1264 est
835 1226 913 1283 que.

151 1310 254 1388 .¹Cap.
281 1315 327 1384 13,
352 1317 364 1370 1
390 1315 458 1372 et2
495 1313 542 1386 (in
569 1314 702 1371 oratione
723 1313 841 1385 Mosei,
872 1314 920 1389 qui
948 1315 1131 1390 permittente

31 1423 41 1438 ⁴
73 1417 240 1475 Hanmbale
262 1417 299 1474 ad
321 1417 511 1494 Saguntinos,
542 1437 665 1494 quorum
695 1420 810 1496 publice
839 1419 949 1478 amicus
973 1431 1002 1478 et
1025 1422 1131 1497 hospes

73 1533 145 1594 erat,
175 1525 257 1600 pacis
288 1525 471 1582 condiciones
498 1525 690 1601 perferebatt:
720 1525 757 1585 Si
779 1526 873 1583 civis
895 1538 1019 1585 vester
1038 1527 1131 1584 Alea

218 1629 319 1706 pacis
358 1630 596 1690 condiciones
636 1633 679 1690 ab
725 1631 935 1690 Hannibale
976 1630 1019 1688 ad
1067 1649 1132 1688 vos

73 1736 303 1807 rettulisset,
334 1755 645 1812 supervacaneum
674 1740 741 1796 hoa
771 1739 856 1796 mihi
883 1737 1017 1795 fuisset
1048 1737 1132 1810 iter,

74 1862 143 1918 quo
174 1861 239 1899 nec
265 1851 391 1899 orator
420 1843 643 1902 Hannibalis
673 1863 737 1902 nec
765 1843 970 1925 transfugav
994 1844 1038 1902 ad
1067 1863 1133 1902 vos

73 1949 272 2018 venissem3
294 1966 398 2022 quum
420 1947 486 2005 ille
508 1959 571 2006 aut
590 1959 717 2008 vestra
738 1960 801 2008 aut
820 1968 887 2008 sua
908 1951 1018 2026 calpa
1040 1969 1132 2008 man·

72 2055 165 2112 serit
187 2055 281 2130 apud
303 2055 520 2126 hostem...‚
558 2074 624 2132 ego
659 2065 713 2114 etc.
769 2047 910 2127 Primum,
932 2055 983 2131 qui
1006 2055 1060 2113 iter
1080 2056 1133 2113 ali·

73 2161 153 2237 quod
185 2171 370 2236 suscepturus
398 2179 456 2218 non
486 2161 557 2232 fuit,
589 2162 685 2238 inepte
708 2137 806 2234 addit,
837 2181 869 2220 se
895 2162 925 2219 in
953 2162 1003 2220 illo
1032 2163 1134 2220 itinere

73 2270 145 2339 (non
169 2266 318 2342 suscepto)
339 2267 414 2325 hanc
435 2267 482 2324 vel
503 2268 581 2326 illam
604 2285 758 2344 personam
781 2286 839 2324 non
860 2279 1008 2343 gesturum
1030 2267 1133 2339 fuisse;

72 2373 179 2432 deinde
204 2373 254 2448 qui
274 2373 315 2431 sic
345 2373 422 2442 dicit,
451 2391 497 2444 se,
527 2374 643 2450 siquid
668 2373 746 2431 aliud
769 2372 929 2443 accidisset,
951 2393 1045 2448 neque
1066 2393 1133 2432 ora·

73 2483 166 2538 torem
190 2479 365 2537 Hannibalis
386 2499 480 2555 neque
500 2479 682 2556 transfugam
713 2478 841 2537 futurum
863 2476 961 2549 fuisse,
989 2479 1133 2538 isneees·

74 2587 153 2644 sario
178 2584 340 2660 significat,
372 2605 405 2644 se
431 2605 506 2646 nunc
535 2586 754 2644 alterumutrum
786 2602 849 2642 esse
878 2593 907 2641 et
926 2585 1002 2643 hanc
1024 2586 1133 2644 habere

74 2691 196 2760 itineris,
210 2692 288 2767 quod
301 2691 428 2767 alioquin
440 2710 687 2770 supervacaneum
698 2690 808 2760 fuisset,
820 2708 948 2750 causam.
972 2692 1066 2768 Atqui
1077 2693 1132 2751 hoe

73 2798 327 2856 vehementissime
335 2797 461 2856 Alorcus
471 2810 559 2874 negat
569 2807 608 2870 et,
618 2809 650 2856 ut
660 2794 784 2855 orationi
794 2794 977 2871 consiliisque
986 2799 1044 2856 suls
1056 2800 1135 2876 apud

74 2903 256 2980 Saguntinos
273 2904 358 2961 fidem
370 2903 468 2976 faciat,
486 2923 518 2963 se
529 2905 570 2964 ait
587 2923 681 2980 neque
697 2910 843 2960 oratorem
855 2902 1029 2962 Hannibalis
1041 2924 1134 2981 neque

74 3028 178 3068 rursus
190 3009 370 3084 transfugam
389 3011 497 3082 venire,
512 3011 698 3069 consiliorum
711 3007 885 3066 Hannibalis
902 3007 1035 3083 ignarum
1053 3020 1083 3067 et
1097 3011 1135 3068 ad

74 3134 179 3190 pacem
192 3115 403 3175 conciliandam
414 3117 552 3194 ineptum,
570 3116 621 3174 sed
634 3135 709 3182 eunt,
723 3113 772 3189 qui
785 3122 814 3171 et
825 3115 987 3173 consultum
999 3115 1136 3193 Sagunti·

75 3223 121 3278 nis
136 3221 208 3278 velit
220 3230 249 3278 et
259 3223 339 3297 pacis
351 3242 435 3282 veras
447 3223 629 3281 condiciones
648 3219 762 3278 afferat.
793 3219 899 3295 ltaque
909 3223 1072 3280 necessario
1093 3223 1136 3280 in-

76 3327 210 3386 dicativa
228 3329 321 3386 oratio
340 3347 403 3386 esse
413 3329 508 3400 debet,
520 3331 627 3404 fietque
641 3324 812 3399 rectissima,
828 3344 865 3382 ex
877 3345 934 3383 uno
946 3328 1046 3399 verbo,
1057 3329 1137 3403 quod

75 3453 114 3492 ex
141 3433 257 3491 duobus
278 3434 394 3504 coaluit,
415 3453 474 3492 una
494 3435 591 3492 littera
611 3433 750 3500 detracta,
772 3441 886 3488 mutata
906 3447 981 3491 una:
1007 3433 1074 3492 boo
1097 3480 1105 3494 .
1129 3481 1137 3495 .

76 3542 166 3609 iter,
198 3558 267 3615 quo
295 3559 359 3598 nec
386 3549 512 3598 orator
531 3537 755 3596 Hannibalis
784 3555 847 3594 nec
874 3537 1070 3614 transfuga
1091 3541 1135 3598 ad

76 3664 146 3703 vos
168 3646 267 3714 teal3
299 3651 353 3709 sel
385 3665 489 3722 quum
512 3645 575 3703 ille
597 3655 651 3707 cet.
699 3641 852 3702 Exveni
873 3642 1058 3702 estfactum
1083 3664 1138 3704 ve·

76 3753 215 3820 nisset,
242 3749 345 3808 deinde
379 3751 578 3822 venissem,
604 3749 749 3828 frequenti
771 3767 877 3824 genere
903 3749 1008 3821 mendi,
1036 3761 1068 3808 ut
1088 3763 1140 3810 aut

75 3867 140 3916 set
161 3856 308 3914 coalescat
327 3875 392 3916 cum
416 3857 506 3915 verbo
527 3857 698 3933 precedenti
721 3863 773 3916 aut
793 3873 829 3911 ex
859 3873 894 3912 eo
918 3854 1056 3914 distracto
1078 3858 1136 3915 on'·

77 3977 157 4024 atur.
202 3961 363 4037 (Vicisee
385 3983 422 4021 ex
443 3963 540 4022 vinei
561 3963 622 4020 sed
645 3975 740 4022 ortum
763 3960 793 4018 in
809 3959 929 4019 Catonis
950 3964 1046 4022 verbis
1061 3965 1141 4040 apud

893 4149 942 4198 14ὁ
