2820 4646
220 229 276 278 ιιι.
295 227 379 277 xcv.
720 233 783 288 ste

303 412 376 488 Cep.
396 415 451 482 35,
477 417 507 470 7:
536 415 650 471 Totus
673 412 931 470 Macedonicus
954 411 1145 469 exercitus
1174 410 1284 487 impe-
1386 466 1387 500 5

219 519 335 578 retori
357 529 436 576 eret
458 519 697 594 negligenter
719 517 918 576 adfuturus
939 517 1099 576 comitiis
1120 515 1285 575 ferendo
1386 575 1387 580 χ

219 625 312 701 legis
334 623 381 701 (ut
402 625 438 684 L.
458 623 590 693 AEmilio,
614 642 672 698 quo
697 623 743 681 die
764 624 865 682 urbem
886 623 1067 698 triumphans
1088 624 1283 694 inueheretur,

219 731 371 807 imperium
393 731 492 804 esset).
541 729 628 787 Latet
650 727 760 804 aliquid
784 729 888 787 mendi.
931 731 1009 788 Nam
1032 739 1132 787 totus
1154 741 1184 788 et
1197 749 1282 806 ueg-

220 837 383 912 ligenter
415 833 614 893 adfuturus
636 834 711 892 inter
732 853 763 892 se
783 834 870 911 plone
891 847 1066 910 repugnant3
1089 837 1172 897 Serv.
1188 837 1282 897 Gelb.

219 942 334 1000 demum
354 941 521 1007 stimulavit,
547 950 579 998 ιιι
599 939 764 1016 frequentes
786 941 929 1000 adessent
983 941 1087 1016 Neque
1122 943 1280 1019 imperu-

219 1047 291 1105 tori
316 1048 455 1116 adesse,
477 1059 626 1122 temquum
649 1048 679 1104 iu
701 1047 828 1123 periculo
850 1047 996 1114 versouti,
1032 1047 1195 1122 debebant,
1229 1051 1281 1107 sed

220 1154 401 1212 comitiorum
423 1154 470 1211 die
492 1153 609 1211 omnino
633 1155 743 1212 edesse.
780 1155 911 1212 Verbum
926 1164 1006 1211 eret
1026 1154 1209 1212 incommode
1235 1175 1281 1213 re-

220 1269 343 1318 tractum
366 1269 497 1318 estante
521 1260 773 1336 negligenter-3
796 1279 850 1336 pro
873 1278 908 1316 eo
929 1258 959 1315 in
981 1259 1044 1316 cod.
1060 1260 1194 1317 scribitur
1215 1261 1279 1322 ira.

220 1367 395 1438 Videndum,
417 1386 453 1424 ne
476 1367 576 1426 Livius
598 1365 758 1442 scripserit:
788 1365 911 1422 lrntus
933 1365 1000 1441 (pro
1022 1365 1138 1442 totus)
1161 1368 1280 1425 Mece-

221 1473 374 1531 donicus
397 1473 583 1530 exercitus
609 1471 831 1547 imperatori
851 1473 1088 1548 negligenter
1104 1469 1197 1550 [eret]
1220 1474 1280 1530 ed·

221 1579 366 1636 futurus
388 1581 547 1638 comitiis
569 1580 591 1641 f.
613 1581 632 1641 l.
678 1579 764 1639 Unde
785 1578 838 1636 its
859 1589 954 1636 ortum
977 1580 1023 1648 sit,
1045 1575 1185 1654 nescio¹).

304 1684 378 1762 Cep.
402 1689 450 1746 36.
474 1689 491 1744 2
514 1689 570 1744 et3
595 1705 683 1762 quum
697 1684 841 1760 Grynoeus
864 1687 1001 1745 edidisset
1023 1688 1164 1763 primum:
1180 1686 1281 1745 Serv.

222 1789 344 1849 Gslbe
374 1803 526 1868 repente
554 1791 741 1868 processit
772 1801 806 1848 et
835 1793 1027 1851 atribuno
1060 1793 1280 1869 postulavit,

221 1907 263 1954 ut
374 1898 408 1955 in
439 1909 627 1973 posterum
649 1899 741 1956 diem
775 1895 973 1954 differrent
1005 1909 1038 1955 et
1068 1919 1168 1956 mene
1200 1919 1280 1956 eom

221 2023 292 2061 rem
316 2015 486 2079 agerent,
517 2005 634 2061 deinde:
667 2023 771 2080 quum
801 2005 972 2062 tribunus
1000 2005 1121 2064 dicere
1142 2026 1183 2063 eo
1206 2007 1279 2076 die,

222 2109 360 2185 siquid
390 2111 519 2177 vellet,
550 2111 714 2182 iuberet,
735 2111 922 2188 Kreyssigius
951 2111 1049 2186 priore
1076 2113 1141 2170 loco
1163 2123 1280 2172 rectee

222 2217 321 2274 codice
343 2218 523 2294 reposuit:a
546 2218 706 2276 tribunis
728 2217 950 2294 postulavit,
974 2218 1136 2294 quodipso,
1159 2238 1224 2294 quse
1237 2237 1284 2276 se-

223 2338 363 2397 quuntur,
385 2327 474 2382 verbo
497 2323 704 2383 differrent
741 2335 769 2384 et
802 2335 954 2400 egerent
985 2335 1099 2400 cogunt
1156 2323 1215 2383 Sed
1247 2343 1283 2382 eo

222 2429 340 2504 previus
363 2431 516 2490 retinetur:
547 2449 656 2506 quum
680 2433 857 2490 tribunus
892 2475 920 2490 ..
948 2431 1105 2514 iuberet,
1136 2449 1190 2507 pro
1224 2450 1284 2506 quo

222 2537 251 2592 iu
274 2536 373 2593 codice
395 2547 452 2594 est:
483 2557 588 2613 quum
609 2537 753 2594 tribuni
782 2582 808 2596 ..
847 2537 997 2594 iuberet
1026 2537 1128 2611 (verbo
1149 2538 1188 2594 sd
1209 2557 1284 2613 prur-

223 2643 326 2699 cedens
348 2642 461 2700 vellet
482 2643 726 2718 accommodato),
751 2643 887 2718 quonium
910 2644 1092 2720 perspicuum
1115 2655 1179 2718 est,
1216 2661 1284 2701 eos·

223 2749 305 2817 dom,
331 2768 349 2804 e
380 2750 483 2823 quibus
507 2749 608 2806 dilatio
630 2749 778 2825 postulate
811 2750 861 2822 sit,
885 2769 948 2807 enm
972 2769 1029 2806 non
1053 2749 1181 2818 dedisse3
1212 2750 1286 2807 scri-

223 2855 347 2912 bendum
371 2856 538 2930 igiturest:
561 2876 666 2933 quum
688 2857 830 2914 tribuni
858 2897 888 2918 ..
915 2857 1090 2914 iuberent
1135 2855 1285 2913 Tribunos

224 2963 412 3021 communiter
432 2981 492 3020 rem
517 2964 618 3039 egisse,
640 2963 688 3022 Ti.
711 2963 884 3039 Sempronio
906 2963 1027 3020 sotionis
1051 2962 1197 3038 principe,
1232 2979 1285 3036 op·

224 3079 308 3143 peret
328 3067 414 3124 etiem
437 3089 475 3126 ex
498 3071 554 3127 fine
577 3070 679 3146 cepitis
704 3075 732 3140 (ξ
760 3065 820 3145 10).
865 3073 964 3144 Atque
993 3067 1080 3125 etiem
1109 3067 1285 3126 Plutarchus

223 3175 252 3232 iu
273 3174 334 3232 vita
358 3175 472 3233 AEmilii
495 3195 519 3234 c.
543 3179 591 3242 30,
615 3175 730 3234 Livium
753 3185 853 3252 aperte
875 3175 1048 3250 exprimens,
1070 3174 1193 3250 primum
1209 3173 1286 3232 Gul-

223 3282 291 3338 bem
324 3301 342 3338 o
372 3283 493 3340 tribunis
532 3283 624 3359 plebis
656 3283 743 3340 elium
777 3283 852 3340 diem
873 3281 1037 3356 postulasse
1058 3279 1174 3350 scribit,
1204 3289 1286 3348 tum,

243 3549 266 3620 ¹)
294 3558 308 3620 ὲ
327 3562 341 3605 9
361 3557 437 3621 plene
456 3556 602 3606 necessarie
621 3563 659 3604 est
674 3553 797 3604 Gronovii
816 3554 978 3602 emendatio:
996 3551 1170 3600 Pecuniam
1190 3549 1286 3598 illum

294 3664 356 3698 uon
376 3649 453 3698 dore
473 3648 544 3712 (pro:
563 3651 641 3698 ders
667 3647 743 3707 non)
766 3647 933 3712 potuisse;
962 3644 1097 3694 militem
1122 3643 1286 3691 honorem

295 3758 357 3792 non
376 3743 455 3792 dore
469 3742 543 3806 (pro:
563 3741 722 3790 honorem
742 3741 945 3804 derclposse.
977 3735 1146 3801 Compnretur
1160 3735 1288 3796 utrimque

295 3843 409 3900 potestur
429 3849 480 3884 non
498 3833 617 3884 faciendi.
655 3834 769 3884 Licuisse
788 3833 850 3882 dicit
868 3830 953 3880 Gelbs
964 3829 1072 3880 AEmilio
1090 3827 1197 3878 militum
1215 3839 1288 3889 spem

296 3927 430 3990 imstrsre3
449 3941 504 3978 esse
523 3928 674 3977 ermititum
695 3925 807 3989 aliquem
826 3924 938 3988 negandi
957 3931 1118 3989 potestatem.
1167 3920 1228 3970 Vid.
1256 3923 1290 3970 sd

295 4034 318 4070 c.
338 4026 362 4078 3,
382 4025 405 4068 6.
