2826 4650
304 257 361 306 Lib.
381 258 403 310 l.
782 263 819 316 50

269 443 384 517 nequis
404 443 476 502 inR
498 451 558 499 aut
580 451 617 498 ut
637 441 726 502 fuisse
744 441 866 508 credat.)
910 442 958 500 Ex
977 440 1021 498 his
1040 439 1162 498 efficitur
1183 441 1245 497 haec
1263 457 1331 496 sen·

268 548 364 606 tentiae
385 547 497 606 forma:
528 555 562 602 et
583 564 619 604 se
640 547 776 604 rectius
799 546 942 605 viduam
966 558 1000 604 et
1026 547 1125 604 illum
1151 545 1330 602 caelibem

269 653 427 712 futurum
456 653 571 712 fuisse
604 669 706 726 quem
737 671 812 710 cum
842 653 982 729 impuri.
1040 653 1132 715 Nnc
1153 653 1330 726 elangue-

268 759 435 816 scendum
458 759 577 816 uliene
603 759 753 832 ignavia
784 776 872 815 esse.
935 761 994 818 Pro
1017 778 1107 816 nuuc
1129 759 1153 816 si
1175 758 1241 832 quis
1263 777 1330 833 rep·

268 864 389 940 pererit,
412 865 490 939 quod
511 864 630 940 propius
651 864 688 920 ad
710 864 840 922 codicum
863 864 985 939 vestigia
1006 864 1174 939 (iungiut)
1197 864 1331 932 accedat,

268 969 422 1046 accipiam3
444 969 538 1044 ipsum
561 979 656 1028 tumen
674 969 822 1044 aptissime
843 969 977 1028 convenit
992 969 1027 1038 ei,
1048 969 1126 1043 quod
1150 969 1330 1026 contrarium

267 1075 429 1134 subiicitur:
463 1075 501 1134 si
522 1075 593 1133 sibi
614 1094 703 1146 eum,
726 1093 794 1148 quo
819 1075 927 1152 digna
949 1084 1060 1144 esset,
1082 1075 1117 1132 di
1139 1073 1331 1131 dedissent

267 1183 391 1240 virum.
487 1183 523 1240 In
551 1181 692 1256 proximis
722 1180 818 1237 verbis
849 1185 876 1249 (ξ
902 1183 932 1254 9)
962 1199 1019 1237 non
1050 1179 1159 1255 optimo
1191 1181 1330 1256 exemplo

268 1289 392 1346 editores
414 1287 586 1346 recentiores
616 1305 669 1343 uec
690 1286 761 1342 satis
781 1286 833 1361 iis,
869 1305 932 1360 qua
955 1286 985 1342 in
1007 1285 1070 1342 aliis
1094 1286 1233 1344 similibus
1255 1287 1329 1344 locis

268 1395 327 1452 fere
349 1405 516 1470 sequuntur,
541 1392 744 1450 convenienter
764 1411 818 1466 pro
840 1409 884 1461 eo,
915 1392 993 1466 quod
1014 1392 1044 1448 iu
1067 1391 1212 1450 codicibus
1235 1393 1329 1468 scrip·

266 1509 327 1558 tum
346 1511 403 1558 est:
438 1505 558 1559 Aruns
583 1497 822 1572 Tarquinius,
844 1507 1003 1573 posuerunt
1025 1499 1058 1554 L.
1085 1499 1329 1573 Tarquinius,

266 1608 319 1664 etsi
340 1607 381 1664 ita
404 1607 518 1664 Livium
540 1605 665 1662 scribere
692 1605 825 1661 debuisse
854 1604 925 1660 satis
957 1613 1065 1660 eertum
1099 1616 1154 1674 ρει,
1188 1606 1329 1664 Hertzius

267 1713 382 1786 quidem
407 1713 492 1770 etiam
515 1711 609 1768 locum
632 1720 769 1784 tanquam
793 1728 925 1766 mancum
947 1711 1098 1786 supplevit
1143 1711 1226 1768 Livio
1249 1713 1328 1768 enim

265 1819 321 1894 ipsi
342 1820 417 1876 idem
439 1821 494 1876 hoc
520 1818 585 1874 loco
608 1817 727 1886 eccidit,
760 1815 837 1891 quod
861 1815 1030 1891 aliquoties,
1063 1830 1094 1874 ut
1122 1817 1151 1874 in
1173 1817 1266 1875 altero
1290 1839 1329 1876 ex

266 1923 379 1980 duobus
400 1925 572 1994 nominibus,
595 1924 631 1980 de
653 1923 757 1998 quibus
779 1931 922 1997 ageretur,
948 1923 1121 1998 appellando
1144 1923 1181 1980 ad
1203 1923 1327 1980 altemm

265 2029 404 2085 memoria
426 2030 565 2105 stilusque
587 2031 749 2098 aberraret,
780 2029 860 2086 errius
889 2030 1003 2104 generis
1031 2029 1164 2104 exempla
1192 2030 1327 2104 quaedam

265 2134 399 2210 colligere
421 2136 524 2210 placet.
586 2135 650 2193 Lib.
671 2137 713 2204 ll,
740 2139 785 2204 ll,
810 2137 826 2190 9
855 2153 909 2209 pro
932 2135 1083 2192 Valerio
1116 2135 1328 2210 (versisque

264 2240 298 2296 in
337 2241 523 2298 Valerium
556 2241 753 2311 Etruscis),
789 2259 874 2314 quem
906 2241 1112 2297 nominandum
1144 2239 1250 2310 fuisse,
1288 2261 1327 2298 ex

264 2346 411 2420 superiore
439 2347 564 2421 partium
585 2347 627 2403 rei
657 2347 776 2421 agendae
800 2345 940 2402 divisione
970 2356 1090 2422 apparet
1112 2355 1228 2422 etpost
1250 2345 1326 2404 Gla·

263 2471 392 2522 reeuum,
415 2461 536 2528 excepto
558 2471 695 2528 perverso
717 2453 833 2510 homine
851 2451 1047 2522 Alschefskio,
1069 2471 1168 2509 omnes
1181 2452 1325 2524 viderunt,

264 2577 283 2615 a
312 2559 395 2618 Livio
431 2560 608 2618 nominatum
644 2558 731 2615 fuisse
753 2559 976 2628 Lucretium,
1009 2559 1122 2616 codices
1155 2561 1325 2630 ostendum

263 2683 330 2722 nam
346 2665 416 2722 talia
432 2665 541 2722 librarii
559 2683 616 2721 non
632 2675 804 2738 permutant
840 2665 905 2722 Lib.
917 2665 958 2733 Il,
973 2666 1048 2734 18,3
1067 2664 1194 2722 Livium:
1215 2685 1327 2742 super

263 2770 351 2828 belli
376 2771 498 2828 Latini
530 2781 658 2828 metum
693 2770 855 2844 scripsisse,
888 2769 1018 2826 codicum
1051 2789 1208 2828 consensus
1233 2774 1325 2830 vincit

265 2875 332 2941 (nisi
356 2877 433 2949 quod
455 2875 496 2932 illi
517 2895 607 2951 prave
631 2893 740 2949 supra
762 2877 868 2932 habent
890 2886 990 2932 contra
1012 2894 1094 2933 usum
1118 2877 1265 2952 loquendi,
1294 2881 1323 2936 in

264 2999 321 3054 quo
354 2981 438 3038 nullae
471 2991 551 3038 erant
581 2982 726 3038 memoriae
757 2985 879 3055 partes);
920 2981 1045 3039 Sabini
1073 2982 1159 3038 belli
1197 2985 1325 3044 scribere

263 3103 328 3142 eum
362 3085 508 3156 debuisse,
544 3086 680 3144 Dukerus
709 3087 861 3156 intellexit,
900 3087 986 3161 idque
1011 3089 1265 3147 Weissenbornius
1294 3103 1324 3149 et

262 3191 463 3250 Alschefskius
485 3193 705 3262 substituerunt,
727 3211 794 3249 nem
811 3193 913 3252 Sebini
934 3192 1001 3250 belli
1024 3211 1126 3250 causas
1146 3194 1245 3252 Livius
1262 3197 1321 3254 iam

262 3299 414 3368 iudicavit;
438 3300 540 3356 transit
561 3300 598 3355 ad
621 3299 770 3368 Latinum
793 3299 844 3356 sed
868 3318 948 3356 error
964 3299 1149 3356 occultandus
1171 3319 1228 3357 uon
1249 3315 1321 3360 erat.

263 3405 323 3480 (De
345 3424 455 3480 supra
477 3404 612 3462 Dukerus
635 3405 797 3474 admonuit,
830 3405 875 3462 cui
897 3404 1152 3462 Drakenborchius
1181 3407 1321 3466 adsensus

262 3521 319 3580 est;
340 3512 514 3568 recentiores
535 3529 656 3586 pravum
681 3513 767 3570 tacite
787 3517 907 3579 tenent.)
965 3513 1000 3568 lu
1022 3512 1071 3568 lib.
1095 3512 1126 3568 Il
1149 3531 1173 3569 c.
1199 3515 1247 3582 43,
1271 3518 1321 3578 44,

264 3622 312 3688 45,
337 3621 376 3675 46
401 3619 520 3692 gravior
544 3617 620 3675 Livii
645 3628 689 3674 cst
709 3637 798 3685 error,
823 3617 912 3692 quod,
942 3626 1005 3674 tote
1026 3637 1057 3675 re
1079 3619 1200 3676 obscure
1222 3621 1320 3678 animo

262 3725 479 3800 comprehense,
501 3743 545 3793 ca,
567 3742 630 3798 quae
653 3741 677 3780 c·
692 3727 739 3786 43,
757 3729 773 3780 5
794 3732 874 3793 (cum
897 3723 1040 3798 Dionysio
1064 3723 1211 3780 Halicarn.
1227 3725 1284 3794 IX,
1302 3728 1318 3782 2

262 3829 447 3905 conspirans)
468 3829 582 3886 Fabio
612 3829 685 3886 duce
708 3829 742 3884 in
765 3829 981 3886 Veientibus
1003 3831 1140 3887 accidisse
1167 3831 1319 3906 significat,

261 3947 364 4011 postea
386 3955 409 3992 c.
433 3939 481 4004 44,
508 3937 539 3990 ll
565 3943 594 3990 et
615 3937 664 4003 46,
691 3939 699 3990 l
727 3934 755 3992 in
780 3955 875 3992 rerum
905 3936 1031 4011 proximi
1064 3937 1131 3994 anni
1152 3937 1319 3994 narratione

261 4051 400 4116 tanquam
422 4041 451 4098 in
475 4041 603 4116 AEquis
633 4048 717 4116 gesta
737 4050 844 4097 namot.
904 4041 1174 4112 Drakenborchius,
1208 4042 1319 4118 Sigonii
