2822 4648
577 252 632 308 179
971 249 1028 300 Lib.
1053 249 1101 302 11.

152 429 227 507 Cap.
256 435 301 490 ts.
344 433 469 490 Duobus
490 433 520 490 iu
541 434 598 491 hoc
618 433 715 508 cupite
736 432 941 490 additamentis
974 441 1062 492 aucta
1093 442 1139 494 est

70 538 145 594 Livii
169 537 281 609 cretio,
314 557 438 614 quorum
468 539 592 596 alterurn
619 539 648 596 in
674 543 689 607 §
715 543 731 594 l
755 537 965 612 (Samnites)
988 537 1046 596 ium
1068 548 1138 614 pest

68 645 223 702 Debreum
247 664 266 702 a
287 643 526 705 Weissenboruio
558 644 601 702 ita
624 644 710 704 video
733 641 907 712 convictum,
937 654 970 702 nt
991 645 1062 702 nibil
1083 644 1135 702 ed-

68 751 196 810 deudurn
220 751 399 820 existimem,
421 750 477 808 nisi
498 750 577 824 quod
598 749 654 818 illi,
684 767 742 812 non
764 757 926 824 perspecto,
951 749 1020 823 quid
1041 749 1136 808 codex
1238 771 1241 778 ·

66 859 246 933 archetypus
278 857 308 914 in
338 859 394 916 hoe
426 875 532 932 genere
561 873 666 931 passus
698 864 789 924 esset,
819 855 1023 928 quasivernnt,
1056 855 1136 932 quod

65 962 279 1020 substituerent
299 962 414 1020 sublato
435 960 591 1020 vocabulo.
640 961 775 1020 Alterum
798 979 902 1032 nemo,
934 961 1013 1036 quod
1034 962 1136 1032 sciam,

65 1067 236 1144 suspicione
265 1067 374 1142 attigit,
403 1066 458 1124 etsi
484 1085 544 1124 non
566 1066 660 1124 minus
683 1063 867 1124 menifestum
890 1075 941 1126 est.
983 1067 1063 1126 Nem
1085 1068 1135 1126 ubi

66 1174 189 1242 Livius,
217 1193 236 1230 a
263 1171 442 1248 digressione
470 1171 507 1229 de
528 1169 702 1230 Alexandro
724 1165 835 1245 Ma'gno
857 1189 1061 1244 sereremus,
1090 1172 1136 1232 in·

65 1279 146 1336 victe
175 1281 376 1338 Romanorum
410 1296 493 1336 erma
526 1276 653 1348 extollit,
690 1277 752 1334 hee
784 1276 893 1351 scripte
927 1287 994 1334 sunt
1015 1276 1043 1354 (ξ
1070 1279 1135 1352 15);

66 1384 181 1443 Absit
213 1383 358 1442 invidie
386 1384 497 1442 verbo
525 1390 559 1440 et
580 1380 712 1440 civilia
742 1381 842 1440 bella
863 1381 1015 1452 sileant;
1043 1402 1135 1440 nun·

67 1510 176 1566 quam
205 1492 248 1548 ab
284 1489 406 1564 equite
431 1488 550 1556 hoste,
594 1505 775 1561 nunquam
812 1505 830 1543 a
865 1487 1001 1562 pedite,
1048 1507 1135 1544 nun·

66 1616 174 1672 quam
208 1603 340 1672 aperte
371 1594 466 1667 scie,
505 1611 686 1670 uunquam
720 1592 848 1666 eequis,
884 1593 1010 1666 utique
1045 1611 1134 1650 nun-

68 1722 180 1778 quam
210 1701 347 1760 nostris
373 1699 467 1758 locis
495 1699 763 1758 laboravimus.
807 1699 839 1758 Si
862 1717 956 1773 neque
978 1700 1016 1756 ab
1037 1699 1135 1774 equite

66 1829 165 1884 neque
198 1827 218 1866 a
243 1808 339 1883 pedite
365 1807 448 1864 hoste
469 1803 596 1866 Romani
619 1823 748 1880 unquam
775 1804 960 1875 laborarunt,
985 1823 1133 1879 uunquam

66 1914 190 1972 omuino
214 1913 341 1972 terrestri
357 1912 433 1970 bello
449 1912 627 1968 laborarunt.
671 1909 774 1968 Mirati
790 1919 887 1968 temen
909 1910 1014 1984 aliquis
1033 1911 1137 1986 possit,

66 2029 130 2076 tem
143 2029 288 2076 recentem
301 2016 400 2076 Cresei
415 2018 506 2076 cladis
518 2017 548 2074 in
560 2017 678 2076 Parthie
690 2016 859 2074 memoriam
872 2015 957 2073 Livio
966 2034 1024 2072 nou
1034 2034 1135 2074 oecur-

67 2125 155 2198 risse,
181 2143 269 2198 quem
290 2124 319 2180 in
333 2124 449 2182 Horatii
472 2123 570 2180 animo
592 2131 652 2180 tem
669 2121 788 2178 infixam
801 2120 960 2178 videamus.
1004 2122 1047 2178 At
1068 2120 1135 2178 vide

66 2229 159 2300 milri,
196 2230 266 2304 quid
295 2229 395 2288 Livius
423 2229 574 2287 subiiciat:
607 2227 783 2308 lqrtten.
810 2226 980 2304 sagittas,
1015 2227 1136 2284 saltus

66 2334 283 2410 impeditos,
316 2334 399 2392 avia
432 2334 698 2392 commeatibus
739 2330 823 2394 loce
862 2331 988 2406 gravis
1025 2331 1137 2389 ermis

66 2439 178 2496 miles
207 2439 337 2496 timere
365 2447 497 2515 potest.
552 2440 639 2514 Ipsos
660 2448 791 2496 tenemus
814 2437 952 2506 Parthos,
978 2437 1029 2494 sed
1051 2437 1138 2494 simul

68 2543 190 2602 Livium
222 2543 251 2600 iu
281 2545 452 2602 brevissimo
484 2546 640 2602 verborum
676 2543 805 2614 ambitu,
843 2543 872 2599 in
905 2541 1138 2600 elaboratissimo

67 2649 222 2720 oratioue,
254 2649 284 2706 in
306 2650 459 2708 contrariis
479 2651 555 2708 inter
576 2669 607 2710 se
629 2650 668 2708 ad
688 2647 805 2706 lectoris
827 2647 954 2705 animum
976 2646 1136 2704 feriendum

67 2754 290 2830 diligentissime
311 2755 478 2832 compositis
500 2761 556 2825 (—
576 2775 645 2814 nem
669 2755 791 2812 saltus
813 2752 979 2830 impediti
1003 2761 1031 2810 et
1055 2752 1139 2810 avia
1194 2737 1195 2740 Ἴ

68 2861 493 2936 locarespondentapertee
515 2861 610 2920 aciei
632 2869 661 2917 et
679 2859 773 2917 locis
788 2860 908 2935 aequis,
930 2858 1137 2932 nostris,—-)

70 2973 176 3040 aperte
197 2973 226 3020 et
246 2963 367 3023 ridicule
388 2984 485 3024 secum
507 2975 695 3044 pugnantem,
722 2975 755 3022 ut
776 2965 848 3023 nihil
869 2982 943 3040 opus
964 2964 1002 3020 sit
1020 2965 1139 3035 addere,

72 3067 189 3126 Livium
224 3087 309 3128 omne
339 3073 538 3130 Romanorum
570 3073 662 3130 robur
691 3071 722 3128 in
754 3071 851 3146 pedite
880 3070 997 3146 (gravi
1027 3071 1139 3128 ermis

72 3173 205 3244 milite)
227 3177 402 3236 constituere
429 3197 553 3253 eumque
580 3195 646 3235 eum
672 3176 869 3234 Macedonum
893 3175 1039 3251 plralenge
1059 3194 1139 3234 oom-

72 3299 191 3355 perare,
211 3280 333 3338 statario
355 3281 424 3340 item
449 3281 539 3340 milite
561 3283 588 3355 (ς
611 3280 652 3358 8).
699 3281 806 3356 ltaque
827 3280 929 3338 Livius
951 3282 1013 3340 hsea
1027 3291 1139 3340 tentum

72 3384 202 3444 scribere
233 3387 341 3461 pot-uit:
373 3419 412 3430 —
437 3387 590 3456 sileant3
622 3404 804 3462 nunquam
834 3405 853 3444 a
881 3387 1018 3463 pedite,
1049 3407 1140 3446 nuu-

73 3507 179 3564 quam
199 3501 334 3566 operte
355 3491 447 3562 acie,
470 3523 508 3534 -
534 3491 802 3562 laboravimus3
834 3492 1002 3568 equitem,
1023 3494 1140 3570 sagit·

73 3606 132 3652 tns
155 3605 209 3655 cet.
255 3595 370 3672 Equitis
398 3596 505 3653 mentio
536 3597 635 3674 priore
664 3597 730 3656 loco
752 3597 873 3656 accessit
895 3599 933 3656 eb
956 3599 1064 3676 aliquo,
1095 3602 1141 3658 cui

72 3719 179 3777 parum
214 3701 308 3760 visum
341 3711 386 3759 est
413 3703 564 3760 Romanos
593 3703 685 3762 altero
718 3703 817 3782 (longe
852 3705 971 3782 potiori)
999 3707 1141 3766 exercitus

73 3825 181 3882 genere
203 3805 327 3864 invictos
349 3807 414 3867 dici.
458 3807 580 3874 (Pensm
590 3809 744 3886 probabile
765 3817 818 3880 est,
840 3809 956 3868 Livium
977 3811 1142 3886 scripsisse:

73 3911 268 3988 Nunquam
291 3932 310 3970 a
332 3912 455 3988 pedite
478 3913 601 3988 hoste,
634 3915 756 3986 deinde,
788 3915 945 3992 preposito
973 3915 1024 3974 illo
1053 3937 1144 3976 nun·

890 4063 939 4116 12*
