2820 4646
196 252 205 266 '
250 257 309 308 un.
331 256 415 306 XLV.
754 258 813 314 594

250 439 345 510 nitur3
366 440 556 513 nequeenim
579 449 659 496 reete
679 437 776 495 ferrus
798 439 887 507 (Rex
908 439 943 497 P.
967 435 1082 494 Peulu
1116 437 1218 508 sel),
1247 455 1312 512 qum
1336 415 1343 424 Ι

251 563 304 621 per
326 562 358 601 se
378 542 474 619 posits
495 543 611 602 facilem
632 543 720 600 hebet
742 542 868 618 ellipsin,
897 542 939 600 sic
962 541 1080 614 oblique
1100 539 1219 616 reliqum
1246 559 1313 600 ors·

251 648 323 706 tioni
345 647 434 705 inseri
458 647 627 706 ullomodo
652 657 758 723 potest,
780 657 810 704 ut
833 645 1163 706 omitteturinfinitirus.
1195 643 1314 704 Codexr

250 753 493 828 regsPerses.
535 751 635 810 Livius
651 752 819 826 scripserat:
844 761 1039 828 postquem
1061 771 1080 808 e
1100 751 1315 826 regePerse

252 857 398 914 consuli
426 857 461 918 P.
487 857 642 914 sulutem
663 851 797 931 legit¹t
837 837 845 852 ⁸

335 959 408 1036 Cep.
431 965 459 1030 5,
482 965 500 1018 -t
523 961 585 1033 (ubi
606 961 641 1018 L.
656 960 762 1019 Atilius
769 961 975 1018 Samothraces
991 961 1021 1018 iu
1032 961 1203 1020 Euandrum
1214 980 1315 1021 moro·

251 1073 381 1122 seuctem
403 1065 527 1124 insulem
541 1065 717 1140 polluentem
730 1063 881 1135 concitet):
905 1063 1019 1138 Quum
1041 1065 1191 1122 creditus
1213 1083 1314 1124 senc·

251 1168 354 1226 titsti
375 1169 653 1226 adsentirentur
673 1187 806 1238 omnes,
824 1166 899 1225 Cur
917 1168 1042 1243 igitur,
1057 1169 1186 1244 inquit,
1209 1171 1313 1246 polui

252 1291 329 1331 eom
350 1275 403 1342 (sic
424 1274 501 1346 cod.)
523 1274 712 1332 homicida
734 1272 912 1347 sanguiue
933 1273 1217 1347 regisEumeuis
1238 1275 1315 1332 vio·

251 1377 367 1436 leviti
389 1389 433 1451 et,
456 1395 561 1452 quum
585 1379 703 1436 omnis
725 1375 898 1452 prefatio
920 1394 1110 1436 secrorum
1130 1377 1212 1456 (cod.
1226 1398 1313 1455 pru·

251 1482 439 1555 sotiorum)
462 1501 539 1554 eos,
560 1484 695 1558 quibus
717 1500 785 1539 nou
815 1483 887 1538 siut
908 1501 1008 1558 pure
1029 1500 1170 1552 munus,
1191 1483 1314 1540 sceris

252 1596 396 1656 eroeet,
433 1605 498 1644 vos
530 1589 745 1664 penetralis
774 1597 900 1644 vestre
942 1587 1188 1644 contaminari
1229 1587 1313 1658 (cod.

251 1691 534 1768 contremiueri)
577 1703 727 1750 cruento
769 1693 930 1750 latronis
963 1711 1118 1768 corpore
1160 1691 1314 1750 sinetis?

251 1797 312 1854 Pro
332 1797 443 1872 polui
466 1815 541 1854 eem
553 1797 697 1873 Gryneus
709 1807 848 1874 posueret
868 1797 1056 1872 pollutum,
1071 1795 1237 1867 infeliciter3
1260 1815 1314 1854 ne·

271 2167 292 2234 ¹)
322 2170 352 2219 Iu
371 2171 447 2220 huius
465 2170 554 2234 cupitis
579 2169 653 2218 initio
683 2184 762 2232 quum
782 2169 927 2220 Gronovius
946 2169 1164 2218 animadvertisset
1195 2137 1314 2218 iusudits

322 2262 513 2313 constructione
530 2261 596 2322 legi:
627 2261 663 2308 ed
683 2275 836 2308 summum
855 2261 1045 2310 sestertium
1065 2260 1208 2318 deciens,
1238 2261 1313 2322 qussi

321 2355 404 2403 dices:
424 2353 462 2400 sd
481 2367 628 2401 summum
648 2352 710 2400 duo
731 2351 835 2410 milio,
867 2353 1080 2416 scribendumque
1099 2365 1155 2400 csse
1172 2352 1314 2402 iudicasset

321 2443 480 2500 sestertii,
500 2443 610 2492 mirsbili
628 2443 756 2492 oblivione
775 2449 800 2492 et
818 2441 1150 2507 confusionelireyssigius‚
1170 2443 1214 2491 cui
1227 2441 1313 2493 wer·-

322 2537 473 2586 sunbornius
491 2549 518 2584 se
536 2535 670 2594 cdiunxit,
690 2534 800 2598 primum
819 2533 938 2584 Tacitum
967 2545 993 2585 et
1011 2536 1076 2584 elios
1095 2534 1235 2598 scriptores
1252 2543 1313 2599 post

325 2627 455 2678 Ciceronis
473 2634 574 2676 tetstem
595 2625 645 2684 sic,
673 2633 703 2672 ut
720 2623 866 2674 Gronovius
895 2627 973 2676 scribi
997 2626 1092 2684 veluit,
1124 2626 1228 2676 locutos
1255 2639 1314 2676 esse

321 2719 395 2778 dixit,
425 2732 504 2780 quum
524 2718 545 2766 is
564 2731 624 2766 usus
647 2713 689 2776 (nt
712 2718 856 2768 sestertium
874 2732 933 2768 cum
952 2718 1074 2768 edverbio
1092 2719 1201 2767 decies
1226 2725 1253 2766 et
1271 2731 1315 2766 oe·

320 2812 380 2860 toris
400 2824 446 2874 pro
465 2810 569 2859 nomine
588 2807 711 2870 singulari
730 2807 883 2870 declinetur)
908 2817 934 2858 et
952 2807 1083 2858 Ciceronis
1102 2817 1127 2858 et
1145 2809 1261 2858 omnium
1279 2809 1314 2858 sit

321 2916 367 2950 nec
386 2901 466 2964 possit
484 2901 558 2950 ulitur
575 2899 635 2951 dici.
683 2897 750 2946 Nem
775 2907 811 2948 ct:
836 2901 1028 2950 sestertium
1051 2899 1248 2963 quadragies
1267 2913 1315 2947 re-

320 2991 495 3052 linquitur,
515 2989 672 3039 nominativo
685 3003 754 3048 cusu,
773 2999 799 3038 et
815 2990 866 3040 Hs
884 2989 1083 3052 quadragies
1104 2991 1315 3056 accepistin

321 3083 480 3132 sestertio
499 3081 603 3130 vicies
622 3093 720 3142 egere
750 3089 776 3128 et
801 3081 990 3145 syngrapho
1019 3082 1172 3131 sestertii
1201 3081 1315 3131 decies

321 3171 490 3223 Ciceroniana
507 3179 575 3222 snut.
613 3171 714 3220 Deinde
733 3171 797 3220 uihil
815 3179 927 3220 mumse
946 3169 1103 3222 Gronovium
1118 3174 1190 3222 eddit
1203 3171 1272 3222 iuirs
1290 3189 1314 3224 c.

321 3271 364 3326 to,
386 3271 407 3324 1,
423 3265 468 3314 ubi
487 3273 556 3313 reete
575 3263 626 3311 dici
643 3269 743 3325 potestc
764 3276 885 3312 summe
909 3269 958 3312 est
976 3265 1165 3314 sestertium
1185 3263 1313 3315 millies

321 3356 504 3414 ducenties,
524 3361 636 3404 eumcum
653 3352 700 3403 HS
717 3353 744 3400 in
763 3352 850 3401 codice
869 3367 920 3402 uon
939 3363 978 3403 est
1000 3353 1037 3418 (st
1052 3355 1134 3404 omini
1152 3357 1314 3408 nominativo

320 3455 347 3498 st
364 3446 509 3497 uoeusutivo
528 3461 591 3495 essu
608 3443 654 3494 HS
671 3443 780 3508 potest),
799 3452 844 3492 eut
862 3458 883 3492 c.
897 3451 940 3504 48,
954 3451 978 3506 8,
997 3447 1041 3496 ubi
1062 3461 1166 3512 prorsus
1194 3463 1315 3498 necessu-

322 3539 374 3586 rius
393 3549 433 3586 est
451 3538 622 3586 aecusativus:
645 3535 839 3583 sestertium
858 3536 1030 3588 ducenties
1047 3539 1211 3588 reductum
1231 3553 1313 3590 om

320 3629 390 3678 Illud
415 3629 539 3678 maiorem
556 3627 635 3676 hebet
647 3626 841 3685 dubitationem,
860 3631 1002 3690 potueritne
1021 3629 1126 3690 obliquo
1145 3643 1207 3678 cusu
1226 3631 1315 3682 solum

321 3719 468 3768 adverbium
487 3717 563 3782 poni,
595 3717 809 3780 quemadmodum
840 3719 923 3767 editur
948 3721 1017 3784 npud
1035 3721 1138 3770 Livium
1156 3721 1313 3784 xxxvm,
1389 3741 1390 3761 t

321 3813 370 3869 tt,
399 3815 429 3858 s:
455 3809 657 3872 quedregios
680 3847 704 3861 ..
727 3808 820 3858 litem
840 3802 1035 3860 ustimstem
1062 3811 1166 3876 (idest,
1194 3817 1315 3864 sestertio

321 3901 487 3962 quadreglee)
517 3909 543 3948 et
564 3906 608 3948 12:
639 3901 836 3964 quadrugies
866 3903 952 3950 ratio
977 3913 1172 3966 posceretur
1196 3903 1235 3968 fid
1259 3915 1313 3964 est,

322 3991 430 4038 tesmrtii
449 3989 623 4052 quudmgies),
642 4005 675 4039 sn
693 3991 755 4039 eddi
773 3991 925 4042 substantivi
944 3999 1006 4041 note
1023 3993 1124 4044 debent.
