2810 4644
305 264 360 315 Lib.
369 261 470 318 ml.
769 265 828 322 366

269 449 461 519 siderantem,
489 468 553 524 qua
581 467 667 524 quam
699 465 776 522 sape
804 446 876 504 levis
898 465 933 504 uc
954 445 1043 504 sutilis
1064 447 1094 504 in
1115 446 1257 506 facillimis
1276 469 1322 507 re-

270 556 326 612 bus
338 573 370 612 se
391 555 537 625 obtulerit,
557 555 628 612 setis
650 553 810 613 ostenditur
830 571 888 611 uuo
910 552 960 610 illo
984 553 1127 628 exemplo,
1139 555 1216 630 quod
1236 573 1323 632 supra

270 661 355 737 posui
376 680 413 718 ex
434 657 588 730 XXXIV,
614 664 662 730 57,
686 661 713 728 8,
734 659 780 717 cui
802 657 862 716 elie
884 657 990 716 addere
1014 657 1181 719 fecileeret.
1224 663 1321 736 Atque

270 785 336 825 eum
358 785 485 824 errorem
507 765 649 822 interdum
673 765 759 826 etiam
773 764 810 821 ad
822 765 1066 840 Banrbergensem
1077 766 1219 841 pertinere
1229 776 1322 824 osten-

269 873 310 942 di,
329 883 362 929 ut
381 891 417 929 ue
437 872 462 929 is
482 871 597 946 quidem
615 880 721 929 erecta
731 879 760 928 et
769 869 891 947 simplici
913 871 1076 946 Moguutini
1091 871 1272 947 scripturset
1287 872 1322 929 ed

269 997 330 1035 rem
354 978 571 1052 orationemque
593 985 662 1052 epta
690 996 744 1035 uec
775 976 863 1034 ullam
885 977 1114 1053 interpolationis
1135 989 1235 1036 notam
1256 997 1322 1036 cou-

269 1083 369 1140 tinenti
391 1083 479 1159 longe
508 1093 536 1140 et
557 1083 628 1140 mire
654 1083 803 1141 discedens
825 1101 939 1159 semper
960 1082 1110 1140 dubitandi
1132 1103 1249 1142 causam
1271 1086 1324 1142 he·

269 1191 346 1246 beat.
401 1187 535 1246 Ceterum
568 1189 659 1246 libera
689 1189 859 1264 relinquitur
880 1188 1028 1263 utriusque
1049 1191 1240 1264 comparatio,
1261 1210 1324 1249 san·

268 1295 365 1352 lentim
387 1293 585 1370 orationisque
605 1295 758 1352 momentis
772 1304 801 1352 et
822 1294 936 1352 errandi
947 1294 1152 1370 probabilitate
1162 1295 1324 1354 iudicanda.

270 1401 398 1458 Tantum
432 1401 509 1475 quod
542 1401 795 1459 Weissenbornius
828 1400 916 1458 semel
959 1409 988 1457 et
1018 1400 1121 1458 iterum
1158 1402 1257 1472 (velut
1288 1404 1324 1461 sd

269 1506 439 1577 XXXVII,
461 1508 509 1576 39,
538 1510 587 1575 11)
612 1508 718 1564 bonnm
740 1506 903 1583 Moguntini
925 1506 1112 1582 scripturum.
1134 1525 1150 1563 o
1174 1527 1234 1582 qus
1255 1509 1324 1565 mire

269 1615 406 1670 aberrant
426 1612 561 1688 vulgares
583 1611 756 1687 (interdum,
784 1621 816 1668 ut
846 1612 875 1669 in
905 1611 954 1668 illo
983 1613 1046 1687 ipso
1077 1611 1143 1670 libri
1164 1613 1324 1672 XXXVII

269 1719 344 1790 loco,
367 1719 452 1775 etism
475 1717 721 1794 Bumbergeusis),
742 1718 796 1774 riri
818 1717 895 1774 docti
917 1716 1082 1774 coniectura
1102 1727 1129 1774 et
1148 1721 1324 1778 correctione

268 1835 367 1881 natam
389 1833 490 1900 putat,
516 1823 671 1880 tenendum
693 1833 754 1893 est,
774 1821 844 1880 nihil
865 1822 982 1880 omnino
1004 1832 1055 1880 eut
1077 1823 1129 1893 iis,
1162 1825 1322 1901 dequibus

269 1930 365 2005 egitur
385 1929 471 2000 locis,
496 1939 546 1986 eut
567 1928 630 1986 aliis
651 1929 680 1986 in
702 1929 875 2005 Moguutino
896 1928 1030 2004 reperiri,
1054 1931 1133 2004 quod
1155 1931 1213 1990 ullo
1237 1933 1322 1992 modo

268 2036 456 2094 coniectando
482 2055 519 2092 ex
555 2033 683 2110 vestigiis
706 2043 848 2110 corruptae
874 2034 1038 2110 vulgarium
1065 2036 1214 2113 scriptume
1228 2049 1322 2096 orbim

268 2142 359 2199 videri
386 2152 475 2217 queat
495 2149 546 2198 aut
577 2159 642 2198 cnm
664 2157 763 2198 eorum
785 2140 852 2198 labe
873 2139 961 2198 ullam
982 2141 1090 2198 hubeet
1111 2144 1321 2218 cognationem.

267 2250 409 2324 Apparet,
430 2249 460 2306 iu
483 2247 557 2305 libro
579 2246 702 2316 XXXI,
724 2247 863 2319 XXXII,
883 2246 980 2323 priore
1001 2257 1084 2324 parte
1094 2248 1252 2322 XXXIII,
1275 2249 1322 2308 nbi

264 2354 437 2430 Moguutino
466 2371 615 2423 caremus,
648 2370 707 2410 nou
728 2353 816 2428 paulo
849 2353 988 2412 infirmius
1010 2353 1229 2412 fundamentum
1252 2373 1320 2424 esse,

265 2479 353 2534 quam
364 2469 476 2537 postea,
487 2470 516 2518 et
535 2459 621 2536 plura
641 2459 671 2516 in
692 2457 802 2516 incerte
822 2459 986 2534 suspicione
1007 2459 1204 2535 relinquenda.
1227 2462 1321 2536 Quam

264 2561 378 2620 vitiosae
399 2581 415 2618 e
436 2561 584 2618 levissimo
606 2577 705 2618 errore
726 2558 875 2634 scripturae
897 2569 926 2617 et
947 2561 979 2618 M
1002 2570 1031 2617 et
1051 2561 1076 2618 B
1098 2560 1253 2633 insideant,
1273 2581 1320 2620 ex·

264 2667 360 2742 amplo
383 2686 446 2726 esse
467 2675 564 2743 potest
586 2665 615 2722 in
637 2665 711 2722 libro
733 2665 902 2734 XXXVII,
926 2670 974 2736 51,
996 2669 1014 2723 s
1037 2675 1255 2726 averterunt
1274 2665 1321 2724 le·

264 2791 354 2830 mem
377 2791 430 2848 pro
455 2791 474 2830 a
496 2782 628 2831 vetere
651 2770 750 2828 lama
771 2779 875 2832 ortum.

664 2998 742 3072 Lib.
769 2996 918 3071 XXXI.

347 3119 420 3199 Cap.
446 3125 474 3196 2,
497 3127 529 3184 δι
552 3126 586 3183 Ρ.
607 3125 726 3184 AElius
749 3124 877 3182 consul
898 3125 932 3182 in
955 3122 1083 3182 Gallie
1188 3125 1221 3184 C.
1245 3130 1320 3186 Am·

264 3227 369 3303 pium,
390 3227 606 3305 praeiectum
627 3230 849 3301 socium,buc
870 3229 1112 3288 tumultuarie
1133 3251 1237 3290 manu
1260 3251 1320 3309 per

264 3333 468 3406 Umbriam,
500 3329 603 3413 querit
636 3337 771 3396 tribum
800 3335 993 3412 Sapiniam
1015 3347 1165 3409 vocant,
1196 3356 1319 3414 agrum

265 3441 437 3500 Boiorum
460 3443 636 3501 invadere
659 3441 779 3500 iussit.
831 3439 993 3513 Convenit,
1021 3441 1100 3516 quod
1121 3453 1150 3501 et
1171 3463 1208 3501 ex
1230 3443 1319 3502 altero

264 3545 339 3616 loco,
360 3545 424 3611 libr.
437 3549 593 3620 XXXIII,
616 3551 665 3619 ³7,
686 3547 853 3622 iutelligit-ur
874 3557 903 3605 et
932 3567 970 3606 ex
990 3549 1109 3624 plaga
1129 3549 1319 3606 Meter-inre

265 3651 293 3708 in
319 3651 382 3710 libr.
409 3655 477 3726 IX,
509 3659 542 3712 41
574 3655 733 3724 mentione,
765 3653 857 3712 tribus
879 3653 1005 3730 SapIniae
1037 3655 1232 3732 appellatione
1264 3672 1321 3713 non

265 3766 356 3816 totam
379 3759 549 3830 Umbriam,
579 3761 631 3818 sed
662 3761 789 3836 aliquam
811 3759 872 3816 eius
893 3771 1006 3836 purtem
1028 3761 1184 3831 contineri;
1214 3761 1265 3818 sed
1291 3759 1317 3816 in

266 3881 330 3919 eam
353 3865 522 3923 sententium
544 3865 622 3924 Livii
643 3868 747 3936 verba,
775 3877 808 3923 ut
829 3885 905 3924 nunc
928 3867 1035 3943 scripta
1055 3875 1137 3936 suut,
1171 3885 1228 3924 nou
1250 3873 1317 3942 puto

265 3967 448 4042 interpretari
470 3966 599 4044 licere1).
642 3974 747 4048 ltaque
769 3992 787 4030 e
809 3971 893 4030 Livio
916 3973 1052 4048 scriptum
1075 3991 1138 4030 esse
1151 3981 1239 4050 puto:
1259 3987 1318 4046 per

286 4149 308 4217 ¹)
328 4155 413 4214 Quum
432 4159 486 4207 bisc
505 4159 561 4223 ipss
579 4159 641 4210 lolia
660 4163 798 4226 typotbcte
815 4168 914 4228 urgenti
934 4167 1071 4215 eruditum
1079 4179 1170 4227 essem,
1186 4166 1315 4231 septimum
