2810 4644
266 233 449 288 Liuxxvn.
750 239 809 294 324

248 419 374 478 formum
395 419 518 478 divisum
540 418 630 477 fuisse
650 438 708 476 non
730 401 892 478 constebut
935 421 1052 480 Erroris
1067 427 1157 497 genus
1172 421 1310 498 frequens

249 521 335 601 est.¹)

338 631 412 708 Cup.
430 633 478 702 38,
497 632 530 688 9:
553 629 707 687 Senatus
728 629 878 688 liberem
901 641 1127 708 potestatem
1150 634 1307 692 oonsuli-

247 741 312 796 bus
340 737 430 796 feeit
460 745 495 810 et
526 735 739 812 supplendi,
772 737 865 794 unde
891 738 1044 809 vellent,
1077 749 1111 796 et
1145 739 1308 815 eligendi

248 845 290 902 de
314 844 479 902 omnibus
501 841 742 912 exercitibus,
765 860 855 916 quoe
877 844 1032 914 vellent,
1061 845 1312 921 permutandi-

249 969 316 1026 que
337 959 370 1007 et
401 969 443 1008 ex
474 947 706 1024 provinciis‚-
727 965 818 1022 quos
846 968 862 1006 s
889 969 959 1026 rep.
990 961 1181 1008 censerent
1213 969 1306 1018 esse,

248 1055 473 1113 traducendi.
518 1054 582 1112 Nec
616 1053 667 1110 ulli
698 1052 784 1111 focile
818 1073 880 1113 esse
912 1065 1048 1131 poterunt
1078 1056 1199 1126 milites,
1231 1075 1313 1131 quos

249 1161 450 1237 (singulatim)
481 1179 518 1218 ex
538 1159 695 1236 provinciis
716 1160 828 1218 traduci
851 1181 867 1218 e
890 1182 951 1238 rep.
974 1171 1058 1234 esset,
1081 1169 1109 1218 et
1129 1162 1154 1218 si
1175 1161 1310 1230 ficissent,

248 1270 304 1326 hoe
326 1268 520 1326 contineretur
540 1266 688 1341 superiore
710 1266 760 1323 illo
782 1267 893 1343 cupite,
924 1287 981 1343 quo
1015 1277 1144 1344 potestus
1172 1266 1308 1336 debetur,

249 1374 402 1440 exercitus,
425 1373 500 1430 unde
520 1371 645 1442 vellent,
675 1373 828 1449 supplendi
851 1383 880 1431 et
911 1374 947 1430 de
979 1373 1111 1430 omuibus
1133 1371 1309 1429 exercitibus

248 1481 386 1558 eligendi;
406 1499 458 1537 nec
480 1487 556 1534 recte
579 1477 682 1535 dicitur
703 1497 745 1536 ex
766 1481 972 1555 provinciis
994 1481 1204 1548 traducere,
1225 1477 1310 1534 nullu.

248 1587 357 1656 addita,
389 1604 447 1660 quo
469 1585 665 1654 traducentur,
697 1583 754 1643 loci
774 1585 991 1661 significatione.
1049 1587 1117 1645 Uno
1138 1583 1233 1640 littere
1254 1584 1307 1639 de-

247 1701 342 1750 truete
362 1689 656 1765 verem'ecripturem
678 1691 821 1749 restituet:
857 1701 953 1748 etex
979 1689 1199 1766 provinciis,
1235 1707 1305 1770 qn

249 1817 357 1874 ersp.
382 1805 573 1854 censerent
595 1812 687 1864 esse,
702 1797 932 1854 traducendi.
972 1797 1150 1854 Permissum
1172 1807 1215 1852 cst
1235 1815 1310 1852 con-

248 1905 367 1972 sulibus,
389 1911 421 1960 ut
442 1900 591 1976 suppletus
613 1901 755 1959 exercitus
777 1903 1012 1978 exercituumque
1037 1911 1134 1977 partes
1156 1909 1309 1976 permute-

249 2019 313 2068 rent
334 2019 363 2066 et
383 2017 467 2066 extre
488 2009 558 2064 fines
579 2024 638 2064 sue
661 2007 782 2082 quisque
805 2008 961 2083 provincius
983 2009 1143 2066 educerent.

333 2112 405 2188 Cep.
430 2115 479 2180 40,
505 2117 555 2171 ¹0:
587 2114 656 2172 Per
680 2123 878 2171 extremum
912 2111 1020 2170 finem
1051 2113 1130 2188 egri
1152 2111 1305 2170 Larinu-

248 2221 297 2278 tis
319 2219 510 2276 ducentem
532 2217 565 2274 in
589 2217 805 2277 Salentinos
827 2220 1028 2276 exercitum
1062 2217 1310 2276 Hannibalem

250 2409 445 2420 ..-.-.---—-

267 2532 288 2600 ¹)
314 2534 377 2600 Cep.
397 2543 439 2596 30,
460 2541 473 2584 5
493 2537 568 2600 (non
587 2547 680 2588 tuctu
698 2554 756 2603 pro
777 2539 898 2589 AEtolis
917 2553 996 2587 cure
1015 2545 1097 2596 erut,
1124 2535 1309 2585 ferocioris

319 2645 410 2693 quem
429 2644 484 2693 pro
501 2630 637 2692 iugenio
652 2631 835 2680 Graecorum
848 2632 970 2694 gentis,
986 2643 1080 2694 quum
1099 2633 1157 2688 cet.)
1171 2629 1306 2692 illepidum

318 2729 344 2772 et
361 2722 493 2785 inelegans
511 2722 601 2770 merito
615 2721 734 2772 Creverio
752 2722 834 2772 risum
853 2734 899 2784 est,
919 2723 987 2788 quod
1006 2723 1067 2770 olim
1089 2721 1305 2772 substituebatur:

318 2813 545 2862 ferocioribus
564 2828 658 2876 quum
677 2829 733 2880 pro
752 2816 884 2878 ingenio
902 2817 1082 2865 Graecorum
1106 2815 1229 2876 gentis,
1259 2827 1305 2860 cx-

318 2913 400 2955 trcmo
425 2905 548 2954 vocabulo
574 2908 645 2968 quusi
670 2907 700 2955 de
724 2907 849 2956 industria
868 2909 969 2957 ediecto
994 2907 1026 2956 ud
1054 2905 1216 2955 efficiendum
1245 2921 1303 2954 cnm

319 2999 388 3047 inuni
416 2998 572 3046 abundantis
596 2998 762 3060 genitivorum
790 3014 953 3053 coneursum.
1004 2999 1054 3050 Sed
1082 3001 1149 3064 quod
1173 2999 1309 3048 Weissen-

319 3089 410 3139 boruio
431 3089 457 3136 iu
478 3097 586 3138 mentcm
606 3091 686 3150 veuit,
713 3090 829 3141 codicum
850 3095 998 3157 scripturum
1018 3093 1055 3140 sie
1074 3091 1182 3142 fortusse
1201 3089 1305 3139 defendi

318 3195 393 3246 posse
412 3181 490 3243 (quod
509 3181 570 3230 mihi
589 3196 689 3246 quoquc
708 3183 864 3234 odolescenti
883 3187 1010 3250 placuisse
1028 3181 1156 3246 memini),
1185 3191 1213 3230 ut
1230 3182 1309 3244 geni-

319 3275 384 3324 tivus
411 3273 515 3322 liberius
539 3276 699 3338 oppositione
726 3277 861 3327 adiunctus
893 3286 995 3343 putetur
1019 3275 1055 3324 illi
1082 3291 1138 3340 pro
1165 3275 1307 3332 AEtolis‚

318 3367 390 3429 quusi
410 3366 532 3430 seriptum
550 3367 583 3418 sit
601 3367 800 3430 AEtolorum‚
828 3369 899 3418 nullo
922 3371 976 3419 eius
1000 3369 1126 3419 libertatis
1144 3369 1170 3417 in
1189 3368 1259 3418 brevi
1278 3377 1305 3417 et

317 3457 385 3507 feeili
410 3459 532 3508 cretionis
559 3459 642 3510 forme
659 3461 790 3511 excusatio
815 3463 955 3524 excogitari
979 3470 1079 3526 potest,
1101 3477 1177 3524 quum
1203 3462 1305 3510 licuerit

318 3551 371 3599 siue
388 3549 528 3600 offensione
541 3561 609 3601 recte
623 3554 745 3602 scribere:
764 3552 925 3603 ferociori
944 3569 1036 3619 quum
1050 3571 1107 3619 pro
1125 3556 1186 3616 ing.
1203 3551 1303 3602 Grree.

318 3652 420 3705 gente.
456 3641 521 3694 Num
540 3659 598 3709 pro
623 3645 745 3694 AEtolis
774 3645 859 3696 Livius
878 3648 989 3696 seribere
1011 3647 1103 3696 meluit
1121 3661 1197 3710 quum
1215 3645 1304 3696 AEto-
1389 3709 1390 3712 Ἴ

317 3734 421 3783 lorum
454 3743 558 3800 propter
590 3738 736 3786 omnium.
783 3737 908 3788 Nimirum
945 3739 1093 3804 simpliciter
1125 3737 1189 3787 illud
1219 3740 1302 3804 ipsum
1388 3797 1389 3807 γ

317 3825 497 3880 ferociori.
517 3837 633 3891 ,gente
651 3831 835 3880 restituendum
854 3841 901 3892 cst,
920 3833 988 3897 quod
1004 3830 1135 3880 Gronovio
1153 3831 1177 3878 iu
1192 3841 1306 3881 mentem

317 3929 428 3968 venerut
464 3920 507 3970 Ex
525 3929 619 3985 gente
643 3931 746 3986 propter
768 3920 953 3973 Graecorum
982 3923 1078 3973 fectum
1107 3924 1216 3985 gentis
1235 3927 1305 3974 etei

315 4019 406 4077 postet
424 4015 644 4062 accommodatum
662 4013 848 4065 ferocioris.
