2822 4648
285 213 342 261 Lib.
363 213 397 262 V.
757 217 813 274 120

249 417 303 474 pro
325 415 384 454 uuo
406 398 550 456 vocabulo
573 417 636 456 esse
652 409 805 474 utrumque
826 418 885 458 non
906 409 1014 476 posset,
1036 398 1178 474 pluralem
1191 399 1320 468 (veris)

250 503 356 578 plureli
378 503 542 578 (similia)
565 506 683 581 adiungi
707 524 762 581 per
783 515 863 576 eret;
885 505 1024 564 similis
1044 523 1211 562 verorum
1224 505 1321 562 mole-

253 609 372 666 stiorem
394 610 522 668 habebat
543 630 656 670 sonum.
698 611 859 687 (Singulari
888 631 1008 670 numero
1032 611 1110 688 apud
1132 609 1249 668 Livium
1270 612 1322 668 si-

251 714 346 772 milis
368 714 456 786 veri,
478 717 603 792 positivo
625 718 728 792 gradu,
749 719 892 793 reperitur
915 727 974 790 tor,
1001 715 1161 776 similius
1180 735 1268 774 vero
1291 725 1324 772 et

251 819 477 878 simillimum
500 840 585 880 vero
608 817 709 896 ter.)²)

346 925 418 1001 Cep.
443 928 491 998 25,
518 929 549 985 8:
572 925 682 986 Cuius
705 928 802 1000 (euri,
824 947 862 986 ex
883 946 942 1002 quo
964 927 1096 1002 Delphos
1119 927 1225 986 donum
1250 927 1323 986 mit

252 1037 374 1096 teretur]
398 1051 503 1107 quum
526 1033 636 1107 copie
656 1053 726 1092 non
747 1042 856 1104 esset,
877 1043 1060 1104 metrone,
1081 1033 1252 1094 coetibus
1275 1033 1323 1090 ed

253 1157 327 1196 eam
352 1158 423 1198 rem
457 1139 738 1197 consultandam
769 1139 927 1212 habitis,
958 1139 1134 1198 communi
1163 1139 1323 1196 decreto

252 1242 429 1318 pollicitae
456 1245 622 1304 tribunis
651 1245 806 1306 militum
836 1265 960 1306 surum
995 1255 1030 1302 et
1053 1244 1176 1304 omnis
1208 1262 1326 1302 orna·

252 1360 372 1408 monte
395 1368 460 1408 sua
481 1350 516 1407 in
535 1352 702 1410 erarium
726 1353 947 1414 detulerunt.
1008 1351 1111 1426 Neque
1144 1351 1181 1408 ed
1203 1349 1326 1424 polli-

253 1454 332 1512 citae
352 1465 436 1513 sunt
450 1464 551 1532 aptum
567 1465 611 1514 est
632 1457 752 1515 omnic
773 1466 991 1516 ornamenta
1012 1474 1181 1530 sonnoque
1194 1472 1325 1512 eurum

253 1559 292 1616 ed
313 1560 395 1618 detu
404 1561 538 1631 lerunt3
560 1563 630 1620 nihil
641 1564 717 1620 enim
730 1565 793 1621 auri
804 1571 944 1622 metrone
955 1573 1060 1639 proetcr
1074 1570 1247 1620 ornaments
1268 1578 1328 1618 sus

254 1665 415 1734 habebant3
444 1685 537 1742 neque
568 1669 685 1728 omnino
714 1670 755 1728 sic
778 1689 880 1728 aurum
902 1669 1036 1726 universe
1057 1686 1121 1724 eum
1143 1667 1242 1743 specie
1265 1667 1327 1724 ali-

255 1787 313 1843 que
336 1773 544 1842 (ornamentis)
557 1775 693 1850 coniungi
714 1783 819 1850 potest.
869 1776 935 1833 Hoc
946 1774 1048 1834 Livius
1069 1773 1147 1842 dicit,
1167 1781 1325 1830 matronae

254 1875 397 1950 pollicitae
418 1896 482 1936 esso
503 1898 615 1950 cirrum,
642 1899 700 1958 quo
724 1899 798 1956 opus
820 1889 905 1951 esset,
918 1891 988 1950 tum,
1011 1890 1042 1936 ut
1062 1879 1092 1936 id
1114 1896 1216 1936 nurum
1232 1879 1327 1934 confi·

255 1990 360 2050 cerem,
383 1996 555 2042 ornamenta
575 2004 629 2044 sue
652 1986 682 2044 in
705 1987 838 2044 serarium
861 1986 998 2046 detulisse
1020 1984 1084 2054 (cfr.
1107 1982 1185 2042 Plut
1205 1981 1328 2040 Cemill.

257 2088 285 2154 8,
300 2087 529 2160 zonvlutn.
564 2092 670 2167 Itaque
689 2092 847 2152 tollendum
872 2102 916 2152 est
937 2101 984 2162 et,
1003 2090 1131 2148 additum
1152 2089 1189 2146 ab
1212 2087 1328 2164 aliquo,

257 2191 306 2266 qui
329 2196 511 2254 accusativos
532 2197 615 2254 iuxta
638 2198 749 2272 positos
771 2198 810 2256 ad
830 2198 905 2256 idem
927 2198 1049 2256 verbum
1070 2194 1213 2270 pertinere
1234 2203 1328 2268 pute-

256 2297 307 2358 vit.
356 2298 449 2358 Simili
472 2321 578 2378 genere
600 2313 751 2378 peccatum
776 2311 847 2377 puto
868 2303 898 2361 in
919 2301 1061 2378 proximis
1082 2299 1179 2358 verbis
1203 2299 1232 2372 (ς
1258 2299 1328 2372 ¹⁰l¹

257 2404 419 2478 pondere
442 2409 484 2464 eb
502 2409 658 2484 singulis
688 2408 767 2466 nuri
800 2417 953 2482 accepto
984 2405 1254 2479 estimetoque,
1285 2415 1330 2462 ut

257 2513 419 2584 pecuniae
440 2514 876 2586 solverentur,creterem
893 2531 1038 2570 auream
1061 2509 1146 2570 fieri
1168 2508 1326 2584 placuit.

257 2615 339 2672 Nihil
361 2635 435 2692 opus
458 2628 520 2676 eret
542 2620 597 2678 dici
616 2621 731 2696 pondus
750 2620 896 2694 (aliquod)
924 2619 988 2674 euri
1015 2627 1163 2692 occeptum
1193 2633 1258 2672 esee
1285 2615 1327 2671 eb

258 2721 391 2798 singulis;
428 2725 458 2780 id
481 2725 600 2782 adrem
623 2727 796 2801 pertinebat,
826 2724 998 2782 aestimutum
1028 2740 1091 2780 esse
1113 2721 1176 2778 auri
1197 2721 1327 2796 pondus,

259 2827 336 2900 quod
359 2847 377 2884 a
398 2827 518 2904 singulis
541 2841 690 2906 acceptum
713 2841 798 2901 esest,
819 2839 852 2888 ut
872 2829 1001 2904 pecuniae
1022 2827 1142 2902 singulis
1163 2835 1242 2884 recte
1263 2825 1328 2884 sol-

258 2930 287 2988 vi
308 2942 435 3006 possent.
483 2934 646 3012 Scripseret
667 2938 754 3014 igitur
775 2936 891 2994 Livius:
914 2934 1079 2992 Pondere
1101 2933 1144 2990 ab
1158 2931 1327 3006 singulis

258 3037 338 3094 anri
366 3048 517 3113 eccepto
548 3043 746 3112 aestimato,
782 3042 898 3098 duriore
928 3039 1016 3115 poulo
1043 3037 1183 3096 orationis
1218 3035 1327 3106 forme,

259 3149 494 3207 concurrentibus
517 3146 630 3206 duobus
651 3148 822 3224 participiis,
845 3166 967 3222 quorum
991 3144 1111 3202 alterum
1135 3141 1326 3216 (eccepto)

260 3253 394 3310 adiectivi
415 3255 512 3312 locum
543 3263 637 3323 tenet,
667 3254 789 3310 alterum
814 3252 1007 3310 oblativorum
1031 3248 1231 3306 absolutorum
1254 3265 1326 3304 oon·

259 3360 444 3417 etmctionem
467 3358 573 3433 explet,
596 3377 653 3433 quo
676 3377 782 3433 genere
804 3357 905 3414 Livius
926 3375 995 3414 uene
1018 3355 1161 3423 est1,46,
1187 3357 1196 3410 1
1220 3351 1326 3426 (egro

260 3471 371 3536 copto
394 3481 436 3518 ex
458 3463 629 3520 hostibus
652 3463 794 3520 viritim
817 3463 963 3534 diviso),
984 3461 1043 3530 111,
1066 3461 1115 3528 33,
1132 3463 1166 3516 10
1190 3455 1326 3526 (delos-

260 3587 298 3624 so
320 3568 500 3626 cadavere
523 3568 619 3625 domi
641 3569 736 3643 apud
758 3567 914 3626 Sestium
937 3597 978 3608 -
1001 3565 1177 3638 invento),
1200 3563 1328 3632 XXIX,

261 3719 459 3730 Μ

228 3841 229 3844 “
288 3816 311 3881 ’)
330 3819 393 3885 Cep.
413 3826 455 3879 2³,
474 3827 489 3869 3
509 3835 606 3879 vereor,
626 3829 654 3870 ut
672 3835 688 3870 s
706 3820 779 3870 Livio
796 3834 872 3883 opes
891 3825 1015 3880 egesto
1033 3832 1049 3865 ι
1067 3817 1162 3866 Veiis
1188 3816 1327 3880 appelletis

331 3915 401 3972 sint,
422 3927 478 3976 quse
497 3927 530 3962 ex
547 3913 611 3962 urbe
630 3919 842 3976 exportarentur,
868 3911 917 3962 etsi
940 3916 1089 3960 constanter
1115 3922 1130 3958 ι
1148 3906 1240 3956 Veiis
1259 3907 1328 3956 Ro·

331 4020 408 4056 mem
427 4007 473 4054 ire
492 4013 517 4054 et
535 4005 628 4055 similis
646 4005 715 4056 dicit.
