2800 4646
256 286 456 342 oruxxxuu.
757 289 817 372 ³5⁸

208 503 210 506 ·
255 473 310 549 (sio
329 481 408 532 recte
429 474 470 542 B;
491 471 665 548 expulere
685 473 728 544 M,
748 472 851 531 saltem
873 471 918 533 ed.
934 473 1039 548 Meg).
1083 473 1201 532 Vitiosa
1221 475 1320 532 oratio

255 591 313 651 est;
334 599 402 638 nem
417 587 451 636 et
469 578 540 654 ipsi
556 578 709 654 significat,
719 579 894 637 Achaeorum
914 578 1036 636 eundem
1051 575 1141 636 fluisse
1154 595 1317 648 numerum,

255 685 305 764 qui
328 684 561 744 adversariorum
577 685 712 761 proxime
731 683 875 742 iudicatus
896 683 943 744 sit.
997 687 1040 742 At
1060 703 1155 759 nequa
1178 686 1316 760 praecedit

254 793 388 872 proxime
408 789 641 848 adversariorum
663 789 775 848 numeri
797 791 904 849 mentio
925 799 955 848 at
977 809 1013 848 aa
1030 789 1095 866 ipsa
1116 808 1206 847 causa
1226 790 1317 849 luisse

254 899 368 968 dicitur,
389 916 441 956 cur
462 896 564 955 Aehaei
585 895 742 966 vincerent,
764 896 842 970 quod
863 896 919 973 ipsi
940 896 1047 972 plures,
1069 896 1230 954 adversarii
1250 905 1316 954 tan·

255 1017 314 1063 tum
345 1002 399 1062 CD
428 995 545 1062 luerint.
601 1003 636 1060 ln
665 1002 692 1058 B
719 1001 870 1060 scribitur:
897 1001 1021 1060 Achaei
1044 1001 1184 1078 stipsi,
1206 1003 1316 1061 omisso

256 1109 362 1168 mille.
409 1107 510 1166 Livius
534 1107 703 1184 scripserat:
732 1108 892 1165 Numero
914 1107 1056 1178 Achaei,
1079 1122 1130 1170 00
1153 1105 1221 1186 (aut
1244 1107 1315 1184 DC)

253 1216 340 1293 ipsi,
365 1213 657 1292 quadringentos
686 1213 768 1272 loco
794 1213 977 1290 pepulere.
1037 1215 1084 1272 Ex
1112 1213 1223 1272 numeri
1244 1223 1316 1272 uota

254 1327 363 1380 netum
377 1329 419 1381 et.
460 1319 597 1395 Sequitur
618 1324 633 1389 5
659 1321 695 1377 18
719 1319 756 1376 da
777 1319 1014 1394 Macedonibus):
1041 1320 1161 1396 Terga
1182 1319 1316 1380 deiude

251 1435 413 1497 vertunt3
444 1435 644 1502 postremo,
675 1411 834 1482 abiectis
866 1425 991 1496 armis,
1023 1426 1059 1482 in
1086 1426 1314 1502 praecipitem

253 1536 376 1610 fugam
399 1531 653 1590 effunduntur.
706 1529 903 1606 Bargylias
936 1541 1104 1606 petentes
1127 1529 1317 1608 fugerun13

253 1641 379 1699 eodem
411 1648 445 1696 et
476 1637 700 1696 Dinocrates
732 1635 904 1712 perfugit.
970 1635 1099 1696 Offendit
1129 1639 1316 1697 vehementer

252 1747 430 1822 sugerunt
450 1751 518 1818 post
538 1741 575 1798 in
596 1739 717 1817 fugam
743 1741 1002 1812 effunduntur,
1033 1743 1132 1800 addito
1153 1745 1316 1820 praesertim

252 1850 405 1928 participio
435 1857 618 1924 petentes3
649 1848 744 1924 aptius
766 1847 841 1904 enim
863 1857 927 1905 erat
946 1847 987 1906 B:
1016 1849 1208 1924 petierunt.
1255 1851 1315 1907 Ve-

252 1975 328 2028 reor,
349 1975 387 2014 ne
407 1954 509 2014 Livius
529 1954 677 2030 scripserit
697 1962 823 2012 tantum:
843 1953 878 2010 in
900 1973 952 2030 pr.
978 1953 1099 2030 fugam
1121 1953 1317 2013 effundun-

251 2073 324 2132 tur,
345 2060 545 2138 Bargylias
566 2056 743 2136 peteutes.
791 2059 927 2116 Eodem
950 2069 1002 2118 cet.

335 2165 408 2244 Cap.
431 2169 479 2240 20,
503 2171 520 2225 4
543 2175 572 2224 et
595 2171 622 2223 5.
666 2165 769 2225 Oratio
797 2165 827 2223 in
862 2165 1034 2224 editionibus
1066 2185 1124 2224 non
1154 2173 1232 2224 recto
1262 2167 1315 2224 cle·

251 2274 361 2350 scripta
381 2273 423 2332 sic
444 2273 597 2331 decurrere
618 2271 717 2331 debet:
740 2270 975 2331 Coracesium
998 2291 1038 2329 eo
1060 2281 1223 2348 tempore
1244 2275 1316 2330 An·

249 2380 394 2440 tiochus
430 2371 601 2458 oper'ibus
637 2379 889 2454 oppugnabat,
926 2377 1110 2454 Zephyrio
1144 2389 1178 2434 et
1216 2377 1319 2437 Solis

335 2497 385 2558 et,
407 2495 582 2562 superato
606 2483 819 2554 Anemurio,
839 2483 1120 2554 ...‚Selinunte
1144 2483 1314 2558 receptis.

249 2593 426 2654 Omnibus
465 2591 522 2648 his
553 2590 713 2666 aliisque
734 2590 811 2647 eius
832 2607 901 2646 orae
922 2589 1094 2646 castellis
1122 2630 1172 2652 ...
1200 2589 1235 2646 in
1256 2589 1316 2646 de-

250 2701 429 2758 ditionem
451 2697 626 2772 acceptis,
647 2695 884 2756 Coracesium
1000 2696 1149 2753 tenebat
1170 2689 1292 2764 eum.¹)

334 2803 407 2880 Cap.
441 2803 490 2874 22,
525 2804 542 2861 8
577 2802 639 2876 (ubi
671 2804 766 2880 egitur
798 2803 834 2860 de
862 2802 977 2859 duobus
1006 2800 1127 2859 tribunis
1157 2799 1252 2875 plebis
1275 2799 1314 2872 Q.

253 2909 383 2970 Minucio
404 2907 580 2984 triumphum
603 2909 718 2968 decerni
748 2909 924 2980 vetantibus)
954 2907 996 2965 sic
1016 2906 1247 2982 interpungende
1268 2915 1315 2964 est

248 3017 393 3093 scriptura
424 3013 531 3072 codicis
562 3015 601 3072 B:
646 3014 683 3088 Q.
705 3014 899 3072 Minucium
927 3013 962 3070 in
991 3013 1189 3089 Liguribus
1213 3012 1315 3070 levia

248 3121 411 3200 proelia,
434 3121 496 3178 rix
517 3121 628 3197 digna
650 3121 765 3198 dictu,
785 3119 936 3190 iecisse,
955 3119 989 3176 in
1005 3117 1313 3193 Gelliamaguum

247 3247 433 3288 numerum
476 3225 629 3285 militum
674 3225 849 3284 amisisse.
912 3224 1163 3284 Nominabant
1201 3224 1312 3282 etiam

245 3336 418 3394 tribunos
450 3333 607 3392 militum
640 3332 678 3390 T.
710 3329 917 3388 Iuventium
956 3339 991 3387 et
1023 3327 1081 3389 Cn.
1119 3330 1312 3406 Ligurium

245 3441 405 3518 legionis
438 3449 591 3514 quartas3
623 3437 784 3495 adversa
814 3453 938 3512 pugna
966 3454 1041 3493 cum
1065 3435 1193 3494 multis
1223 3437 1313 3494 aliis

245 3549 338 3606 viris
370 3546 553 3615 fortibus,
585 3544 730 3602 civibus
763 3561 804 3600 ac
837 3541 971 3612 sociis,
1008 3541 1197 3603 cecidisse.
1245 3543 1313 3601 Iam

244 3713 442 3724 ......-.----

262 3821 288 3889 ¹)
311 3823 376 3889 Cap.
394 3827 437 3880 21,
456 3827 471 3870 9
490 3835 594 3886 pravam
612 3834 669 3869 essc
684 3818 808 3869 Gronovii
826 3817 1006 3876 coniecturam,
1024 3815 1101 3864 rerba
1119 3823 1149 3864 at
1165 3817 1312 3878 peregri-

314 3931 373 3966 nos
395 3915 428 3964 ad
448 3913 629 3963 occultandum
648 3911 714 3961 Livii
733 3925 842 3960 errorem
862 3909 983 3968 tollensis,
1006 3909 1113 3973 exposui
1132 3923 1156 3972 p.
1175 3913 1216 3957 52.
1253 3907 1311 3957 lbd.

314 4009 430 4069 §ocxz
449 4007 531 4055 duos
549 4005 753 4068 superstites
770 4003 888 4053 habuit
905 3999 1015 4051 sortasse
1039 3999 1200 4050 laciendum:
1230 4016 1314 4065 quos

313 4096 496 4163 [quattuor]
512 4095 710 4161 superstites
734 4095 859 4146 habuit.
