2810 4644
220 288 417 340 niumm.
718 291 778 348 332

219 475 397 551 asperiorem
418 473 559 546 (xm,
580 476 610 543 6,
634 475 676 536 ll.
731 473 866 534 Ceterum
888 475 982 551 magis
1002 474 1129 550 plasmet
1152 490 1278 548 egres-

218 597 281 636 sus
301 581 334 652 (a
353 580 405 650 G„
426 580 505 655 quod
525 581 611 637 simul
631 581 810 657 digrediendi
830 581 944 656 longius
964 581 1045 638 uodo
1062 579 1199 636 adiuncta
1209 581 1278 651 est).

221 684 355 744 Gadibus
374 686 501 744 indnsns
523 705 555 743 se
576 687 745 744 Hasdrubal
765 697 906 744 tenuerat.

310 791 383 868 Cap.
410 796 509 862 14‚4
548 793 599 864 (de
625 795 688 850 acie
719 803 787 850 ante
822 793 963 868 proelium
998 792 1281 870 mnemimper

220 896 333 971 aliquot
353 898 416 956 dies
437 899 605 972 instruam:
626 900 778 956 inediam
804 899 917 956 aciem
940 899 1023 956 hinc
1046 899 1215 970 Romani,
1235 900 1281 956 il·

220 1001 295 1060 linc
316 1001 647 1080 Carthaginienses
668 1006 773 1064 mixti
794 1003 916 1065 Afris.
937 1023 1078 1062 cornus
1099 1005 1192 1062 socii
1218 1015 1280 1064 te-

220 1109 369 1180 nebant3
400 1121 509 1169 erant
537 1123 653 1169 autem
689 1112 858 1186 utrisque
878 1111 1035 1186 Hispani
1061 1130 1126 1186 pro
1153 1112 1282 1168 corni-

220 1214 301 1284 bus;
332 1226 415 1274 ante
446 1217 623 1274 Punicam
663 1219 781 1275 aciem
812 1217 1000 1294 elephanti
1040 1217 1279 1274 castellorum

221 1322 349 1395 procul
370 1323 526 1398 speciem
561 1324 786 1399 praebebant.
847 1323 965 1382 Omissa
985 1342 1142 1399 pravorum
1177 1342 1280 1398 repre-

220 1427 358 1485 hensione
381 1431 542 1487 orationem
565 1439 643 1486 recte
670 1429 834 1486 distinctam
865 1447 989 1504 ponam:
1018 1407 1152 1487 cornua
1182 1430 1281 1486 socii

221 1535 397 1592 tenebant
419 1533 537 1608 (eraut
558 1543 676 1591 autem
698 1535 868 1609 utrisque
889 1535 1073 1610 Hispani);
1102 1553 1167 1610 pro
1201 1553 1281 1592 cor·

220 1637 327 1694 nibus
348 1639 535 1715 elephanti
556 1649 609 1696 oet
655 1640 691 1697 In
712 1651 836 1716 utroque
857 1641 984 1697 examita
999 1641 1143 1698 sociorum
1157 1659 1280 1696 manum

220 1764 258 1801 ex
280 1745 421 1821 Hispanis
442 1746 604 1802 constitisse
625 1745 680 1814 ait;
701 1765 768 1802 nam
792 1745 884 1802 Italos
904 1745 1000 1802 socios
1021 1745 1137 1814 Livius,
1161 1755 1193 1801 ut
1214 1743 1280 1802 lere

222 1845 291 1903 abbi
311 1847 340 1904 in
363 1849 418 1906 hac
439 1849 508 1906 belli
529 1851 731 1925 Hispaniensis
751 1852 927 1922 narratione„
949 1853 1147 1908 Romanorum
1159 1852 1281 1908 nomine

219 1953 446 2027 comprehendit,
469 1955 622 2030 Polybium
644 1975 778 2032 sequens,
801 1958 850 2032 qui
872 1959 942 2030 (xl,
964 1959 1013 2024 22,
1029 1957 1062 2029 3)
1084 1957 1114 2013 in
1135 1957 1190 2013 linc
1211 1957 1281 2031 ipsa

220 2057 284 2114 acie
305 2057 493 2116 describenda
510 2061 674 2136 Scipionem
698 2064 768 2121 dicit
790 2063 906 2120 solitum
929 2051 1282 2140 essesorlcPwiici'nvc

221 2161 346 2242 μέσους
365 2154 579 2228 dimississem
602 2178 673 2238 unic
694 2167 839 2250 Λίβυσι,
862 2161 961 2237 eoric
983 2157 1196 2250 δ”Ιβηρας
1217 2167 1279 2230 ἐπὶ

221 2267 290 2329 τῶν
312 2262 461 2350 κεράτων
472 2263 734 2356 παρεμβάλλειν
755 2276 917 2351 (Hispanos
938 2275 967 2332 in
989 2275 1123 2334 coniibus
1144 2275 1281 2351 ponere),

221 2376 435 2435 Hasdrubalem
456 2391 552 2438 autem
575 2382 602 2456 (5
628 2381 656 2458 1)
682 2373 723 2441 πὶ
748 2379 855 2460 θηρία
878 2379 1111 2461 προτίθεσθαι
1137 2377 1204 2441 τῶν
1224 2401 1282 2441 κε·

222 2471 340 2560 educis·
404 2485 498 2543 Paulo
518 2497 587 2561 post
607 2489 635 2561 (§
659 2491 689 2560 6)
711 2497 788 2545 recte
815 2489 844 2545 in
866 2488 929 2548 cod.
952 2489 1112 2546 Loveliano
1136 2493 1153 2544 5
1176 2489 1281 2545 scribi·

222 2591 560 2659 tur(couiectnra):ubi
583 2595 655 2651 haec
677 2594 863 2651 obstinate
883 2595 983 2652 credi
1005 2595 1281 2664 animadvertit,

221 2713 279 2751 non
303 2696 463 2768 credita,
491 2699 520 2755 iu
550 2719 608 2774 quo
640 2719 734 2774 prava
755 2701 892 2776 temporis
922 2701 1093 2776 significatio
1117 2709 1174 2769 est;
1196 2707 1280 2755 ortua

222 2819 304 2857 error
324 2821 360 2858 ex
382 2803 576 2878 geminatione
594 2805 695 2862 littere
727 2825 745 2866 ι
769 2806 926 2880 (credin).
977 2809 1130 2864 Postremo
1163 2805 1192 2862 in
1221 2806 1280 2862 fine

222 2907 325 2982 capitia
348 2906 380 2984 (ξ
403 2911 466 2974 20).
495 2911 545 2967 ubi
568 2911 715 2968 scribitur:
746 2931 856 2986 eques
882 2912 1050 2986 levisque
1079 2921 1278 2970 armatura.

222 3012 372 3083 velites,
407 3015 669 3073 circumductis
704 3017 774 3074 alis
805 3018 840 3074 in
872 3017 995 3074 latera
1024 3017 1278 3084 incurrebant,

222 3137 341 3194 prorsus
363 3138 381 3175 a
407 3119 482 3177 Livii
504 3121 709 3179 consuetudine
731 3123 868 3178 abhorret
893 3123 958 3192 illa,
994 3122 1128 3199 apposito
1159 3120 1277 3178 velitum

224 3224 386 3296 vocabulo,
416 3225 583 3297 declaratio,
608 3247 671 3302 quie
693 3227 780 3285 fuerit
801 3227 873 3286 levis
896 3239 1059 3297 armature;
1071 3257 1075 3265 ·
1088 3238 1116 3284 et
1137 3237 1278 3304 preterea

223 3349 242 3388 a
264 3331 321 3388 levi
343 3343 491 3389 armatura
511 3333 613 3390 velites
634 3333 822 3408 seiunguntur
848 3333 982 3410 proximo
1006 3335 1100 3410 capite
1122 3335 1189 3406 (15)
1212 3337 1227 3401 §
1247 3337 1279 3388 5:

222 3455 342 3514 pugna
363 3439 522 3514 equitum
545 3438 773 3515 velitumque
794 3431 832 3496 et'
847 3439 941 3496 levis
963 3449 1167 3508 armaturae3
1190 3449 1279 3514 atque

223 3543 310 3600 etiam
332 3563 357 3602 c.
382 3547 429 3612 16,
452 3549 480 3616 5,
502 3545 550 3602 ubi
572 3545 706 3603 velites
734 3547 948 3620 auxiliaque
973 3545 1136 3622 peditum
1159 3545 1279 3602 coniun-

222 3659 337 3724 guntur,
358 3648 467 3707 auxilia
487 3649 537 3706 illa
559 3648 629 3706 levis
651 3662 800 3709 armatura
820 3663 877 3722 est;
898 3653 1042 3710 sociorum
1065 3651 1141 3710 enim
1163 3670 1198 3708 ea
1218 3649 1280 3707 fere

224 3753 402 3830 intelligebam
424 3755 524 3812 velites
556 3756 681 3813 Romani
714 3757 856 3814 interdum
885 3759 934 3815 illo
955 3759 1071 3816 nomine
1092 3756 1279 3832 comprehen-

223 3860 330 3918 duntur
348 3861 394 3934 (nt
415 3861 479 3936 ipso
501 3861 597 3936 capite
623 3865 669 3932 ld,
693 3863 733 3935 4),
768 3863 837 3920 alibi
858 3881 911 3921 sno
933 3864 1062 3934 nomine,
1091 3880 1221 3920 seorsum
1240 3861 1279 3918 ab

223 3965 282 4036 illa,
303 3967 464 4042 signantur.
506 3969 610 4043 ltaque
631 3969 812 4026 scribendum
825 3979 881 4027 esti
903 3988 1013 4045 eques
1035 3969 1202 4043 levisque
1224 3985 1280 4025 ar-

224 4081 365 4127 matura
387 4089 427 4133 uc
448 4073 596 4133 velites.
640 4073 698 4134 Sed
720 4075 805 4132 simul
827 4093 863 4133 ex
888 4074 938 4132 illo
960 4075 1062 4150 capitia
1082 4079 1117 4133 16
1134 4073 1199 4132 loco
1216 4073 1280 4130 leve
