2810 4644
305 267 360 316 Lib.
374 267 466 319 XXV,
768 271 828 327 298

266 451 410 528 explenda
430 462 488 509 eat:
521 451 551 509 ai
572 453 680 510 simul
713 451 894 508 liberates
922 453 966 508 ab
990 452 1258 527 impotentibus
1281 464 1340 528 ty-

266 558 394 615 rannia
426 559 644 634 [Syracusae
682 575 762 614 eoae
788 567 822 612 et
855 559 1047 633 applicare
1080 577 1118 615 ac
1139 559 1337 630 Romanis]

266 659 541 738 apparuisset.¹t

349 765 422 843 Cup.
446 771 495 836 31,
512 773 527 824 7
552 767 594 838 (iu
607 767 740 824 Marcelli
762 767 801 824 ud
814 767 1016 842 Syracusanos
1034 765 1148 824 deditos
1169 770 1337 846 oratione):

266 873 338 930 cibi
364 873 521 930 omnium
549 873 716 930 laborum
745 873 1069 948 periculorumque
1106 915 1136 932 ..
1190 876 1335 932 tamdiu

265 979 526 1035 exhaustorum
547 996 780 1052 nequequam
802 989 942 1036 tantum
957 978 1113 1036 fructum
1132 981 1334 1054 essequod

265 1101 397 1158 cepere
418 1083 628 1158 Syracusas
649 1084 848 1158 potuisset
893 1081 982 1138 Nullo
1003 1083 1092 1139 modo
1113 1093 1253 1142 tentum
1277 1087 1333 1142 ab·

265 1189 358 1247 solute
379 1209 433 1265 pro
462 1189 555 1246 satia
582 1207 711 1263 magno
733 1187 827 1264 accipi
854 1197 950 1264 potest
983 1189 1149 1262 (quomodo
1171 1189 1220 1248 W.
1243 1209 1332 1247 enar-

264 1313 330 1351 rare
340 1303 486 1362 conatur);
507 1313 603 1368 neque
622 1295 684 1350 hoec
695 1312 792 1368 operte
803 1291 912 1350 frustra
933 1303 1055 1368 sumpte
1065 1295 1235 1368 conquestio
1247 1297 1331 1352 Mur·

264 1401 329 1458 celli
352 1418 484 1476 personae
505 1407 557 1456 eut
578 1398 702 1474 tempori
723 1399 867 1458 convenit.
915 1397 1094 1455 Exciderunt
1104 1401 1195 1456 verbe
1205 1401 1331 1475 aliquot,

264 1526 353 1582 quum
375 1507 405 1562 iu
426 1505 502 1561 banc
530 1502 591 1560 lere
621 1504 792 1560 sententiam
824 1503 963 1580 scriptum
988 1515 1076 1562 esset:
1099 1524 1330 1580 nequaquam

264 1621 402 1670 tentum
438 1610 599 1668 fructum
622 1626 713 1678 ease,
747 1609 842 1683 quod
866 1627 998 1684 cupere
1020 1609 1226 1685 Syracusas
1249 1612 1329 1687 [po-

264 1717 387 1786 tuerit,
410 1725 592 1790 quantum,
615 1715 645 1771 si
666 1715 837 1784 servare]
862 1713 1054 1788 potuisset.
1097 1715 1198 1772 Livius
1218 1717 1331 1790 ubique

264 1821 434 1880 Marcellum
455 1820 566 1877 inducit
587 1820 742 1878 elementer
760 1819 942 1893 loquentem
977 1839 1009 1877 re
1030 1821 1146 1894 quidem
1168 1821 1233 1896 ipsa
1254 1824 1330 1879 setis

263 1927 417 1986 crudeliter
438 1927 468 1982 in
490 1926 583 1982 victos
604 1925 756 1984 consuluit.
800 1925 836 1982 In
858 1925 999 1999 proximis
1014 1927 1110 1983 verbis
1125 1927 1171 1999 (8)
1194 1945 1250 1982 non
1272 1947 1329 2002 po-

262 2045 319 2092 test
339 2051 410 2089 veru
433 2047 497 2088 esee
518 2033 579 2088 baee
602 2030 765 2106 copulatio:
797 2039 960 2105 quoeetor
981 2032 1023 2088 ad
1045 2033 1181 2089 Nasum
1213 2043 1248 2088 et
1269 2051 1329 2088 oc·

262 2137 471 2214 cipiendam
494 2137 689 2212 pecuniam
710 2136 852 2211 regium
874 2137 1231 2211 custodiendamque
1247 2137 1329 2194 mis·

264 2263 339 2316 aua,
360 2262 413 2301 uec
439 2243 485 2300 ud
517 2243 651 2300 Neeum
675 2242 772 2298 mitti
805 2241 842 2298 de
862 2251 946 2317 parte
968 2242 1065 2312 urbis,
1087 2261 1175 2316 quum
1197 2243 1261 2316 quis
1283 2243 1328 2299 in·

263 2349 401 2426 greditur,
424 2347 528 2404 Latine
550 2347 661 2404 dicitur.
706 2347 898 2406 Scribcndum
920 2347 1047 2404 videtur:
1070 2347 1235 2420 Quoestor
1257 2349 1328 2406 Na-

263 2475 338 2514 sum
373 2455 416 2511 ed
449 2453 701 2529 accipiendam
733 2471 806 2528 pec.
831 2471 855 2509 r.
878 2462 933 2512 cet.
1025 2452 1120 2509 Paulo
1155 2465 1223 2528 post
1258 2453 1326 2528 (ll)

263 2561 411 2620 scribitur:
434 2560 513 2616 lloc
535 2558 691 2616 maxime
713 2559 820 2616 modo
846 2559 1035 2633 Syrocuaae
1057 2567 1179 2634 cepte,
1201 2559 1235 2615 in
1251 2559 1326 2632 qui·

263 2669 328 2725 bue
350 2675 492 2722 tantum
513 2663 640 2738 pradae
660 2662 740 2737 luit,
761 2674 933 2740 quantum
955 2663 1018 2720 vix
1039 2673 1147 2738 captu
1169 2661 1327 2720 Cartba-

262 2774 344 2848 gine
366 2782 437 2828 tum
459 2769 608 2836 fuisset,
644 2787 721 2828 cum
754 2789 827 2845 que
854 2769 995 2826 viribus
1017 2769 1126 2842 aequis
1148 2769 1325 2826 certabe-

263 2885 327 2932 tur.
370 2875 410 2932 Et
432 2876 606 2949 perobscure
630 2875 734 2933 dicitur
756 2885 827 2932 tum
858 2875 923 2956 (illo
947 2874 1010 2949 ipso
1032 2876 1180 2948 tempore)
1213 2884 1242 2930 et
1262 2874 1326 2930 inu·

262 2977 350 3036 tiliter
371 2979 518 3035 adherent
538 2979 602 3037 ille:
627 2999 704 3039 cum
727 3000 795 3056 qua
812 2981 954 3038 viribus
971 2979 1082 3053 aquis
1101 2980 1325 3048 certabatur,

262 3093 393 3158 tempore
413 3083 472 3139 iam
493 3085 666 3160 significato.
720 3089 836 3162 Aperta
862 3086 917 3144 erit
936 3085 1079 3142 sententia
1107 3095 1236 3160 aptaque
1258 3102 1324 3140 ore·

262 3189 322 3258 tio,
356 3188 472 3245 subluto
495 3191 707 3249 additamento:
745 3201 922 3267 quantum
949 3192 1011 3249 vix
1033 3199 1146 3266 cepte
1171 3187 1324 3246 Cartba-

260 3295 343 3372 gine
363 3305 433 3352 tum
455 3293 610 3366 fuisset,
638 3315 715 3354 eum
747 3298 881 3371 (quum)
909 3295 1049 3352 viribus
1071 3295 1182 3370 aequis
1207 3302 1322 3351 certa·

262 3401 378 3471 batur,
400 3401 456 3458 hoe
473 3373 537 3458 est:
559 3401 584 3458 si
608 3401 659 3458 illo
684 3411 824 3476 tempore,
846 3417 935 3475 quum
950 3399 1099 3456 etiamtum
1115 3400 1223 3458 viribus
1234 3399 1322 3474 oequia

261 3505 367 3564 bellum
389 3506 512 3580 gerebat
532 3507 689 3582 atebetque
711 3507 825 3583 opibus,
838 3517 926 3581 cepta
937 3513 1027 3576 esset,
1036 3523 1094 3562 non
1109 3515 1222 3580 poetee,
1236 3523 1322 3580 quum

260 3609 354 3668 tracte
378 3611 437 3668 iem
468 3621 497 3668 et
520 3613 617 3670 multia
652 3613 783 3670 cladibus
805 3611 978 3685 tributisque
999 3610 1142 3670 exhauste
1163 3611 1195 3667 in
1216 3612 1322 3668 Roma·

260 3735 363 3773 norum
385 3725 558 3792 potestatem
589 3719 676 3778 venit.

279 3947 301 4016 ²)
326 3957 368 4014 30,
390 3957 419 4002 ll
440 3965 509 4002 nuno
529 3951 621 4012 editur,
640 3953 857 4016 quemadmodum
877 3953 903 3999 in
923 3949 1018 4015 Opuac.
1039 3951 1083 4000 ult.
1096 3967 1121 4016 p.
1140 3955 1191 4000 862
1211 3951 1319 4001 scriben-

330 4045 390 4092 dum
409 4044 532 4092 dixeram.
