2826 4640
263 261 320 312 Lu,
338 261 409 310 XLI.
766 262 827 318 496

262 447 388 504 subito
422 445 693 521 opprimantur,
733 445 832 502 sicut
864 444 1043 519 ceperint,
1084 460 1194 520 posse
1229 441 1328 518 capi,

264 569 355 626 quum
379 559 476 606 antem
499 569 536 608 ex
560 551 674 608 lacilo
694 551 724 606 si
744 559 840 606 ortum
862 561 940 606 esset
958 547 1074 606 lacile
1094 566 1174 606 esse
1196 547 1244 616 si,
1274 547 1328 604 ad-

265 657 356 714 ditum
378 673 443 713 esse
463 657 591 732 recipi.
640 657 757 726 (Potest
767 652 915 712 olleudera
925 655 1037 712 rariore
1050 653 1185 728 exemplo
1201 653 1328 710 dictum:

263 761 376 820 facile
397 771 629 819 essecestra
650 760 783 835 recipi,
809 779 864 834 pro
890 779 941 829 eo,
969 761 1048 826 quod
1078 768 1122 816 est
1142 757 1328 832 racipere;

264 867 316 925 sed
337 867 440 924 eodem
462 867 550 924 modo
574 865 676 923 Livius
697 865 772 922 dixit
792 864 898 933 XXV,
918 864 968 930 37,
994 865 1053 934 18.)

348 970 421 1048 Cap.
443 975 473 1042 6,
495 976 527 1028 l:
550 972 619 1030 Por
639 971 794 1028 eoadies
814 969 867 1026 Ti.
882 968 1119 1044 Sempronius
1134 967 1328 1026 Gracchus

266 1087 303 1134 st
324 1077 360 1138 L.
380 1077 593 1135 Postumius
609 1076 772 1136 Albinus
789 1094 833 1132 ex
854 1074 1038 1148 IIispania
1055 1075 1201 1131 Romam
1222 1093 1326 1149 quum

265 1182 524 1252 revertissent,
545 1189 695 1238 senatus
719 1181 765 1237 iis
785 1199 804 1238 a
825 1181 867 1238 Μ.
882 1179 1024 1237 Titinio
1041 1189 1200 1254 pretore
1221 1180 1327 1237 datus

266 1287 396 1364 (opinom
430 1288 536 1344 datus
568 1287 635 1360 cst)
666 1287 702 1343 in
735 1287 808 1344 ndo
840 1284 1003 1342 Bellonae
1029 1286 1072 1342 ad
1093 1285 1327 1342 disserendas

266 1413 338 1462 res,
369 1412 458 1468 quas
479 1393 702 1468 gessissent,
729 1390 1050 1468 postulandosque
1081 1391 1239 1447 honores
1260 1409 1325 1446 me-

232 1573 239 1586 ,
265 1500 374 1568 ritos,
396 1509 434 1556 ut
454 1499 511 1556 dis
533 1496 1160 1556 immortalibusbabereturhonoa
1203 1495 1325 1552 Etiamsi

266 1605 405 1672 addatur,
433 1605 511 1678 quod
533 1604 704 1664 Gronovius
724 1603 834 1671 voluit,
862 1611 897 1658 st
917 1603 964 1674 (ct
995 1611 1032 1658 ut
1057 1597 1144 1678 dis),
1173 1601 1326 1658 manifesto

266 1721 363 1766 tamen
376 1710 484 1766 vitiosa
507 1720 551 1767 est
572 1711 634 1768 hmo
655 1711 840 1776 honorum,
864 1708 962 1764 nescio
982 1708 1038 1776 cni,
1058 1717 1088 1763 et
1108 1707 1262 1764 honoris
1283 1707 1327 1762 dis

266 1815 392 1872 habendi
414 1815 578 1874 coniunctio
600 1825 781 1892 augeturque
802 1813 903 1870 vitium
926 1813 1025 1870 addito
1047 1812 1212 1882 meritos,
1243 1811 1326 1886 quasi

266 1920 311 1976 dis
332 1920 475 1978 immerito
501 1922 653 1978 habendus
681 1923 776 1977 honos
802 1920 848 1976 sit
896 1919 1017 1988 Dicent,
1043 1919 1069 1975 si
1098 1918 1157 1998 qui·
1174 1917 1327 1992 defendere

268 2025 382 2092 volent,
408 2025 527 2081 meritos
549 2025 615 2082 illos
641 2027 768 2082 honores
788 2025 966 2101 triumphum
992 2023 1127 2100 intelligi,
1160 2043 1246 2098 quom
1272 2023 1326 2080 sibi

267 2129 381 2187 decerni
411 2130 601 2205 imperatores
631 2130 817 2206 postularint.
865 2129 978 2188 Verum
1001 2148 1147 2204 nunquam
1171 2129 1201 2185 in
1221 2129 1273 2186 illa
1295 2147 1326 2184 re

263 2235 433 2304 honoris,
465 2235 570 2292 ncdurn
604 2235 797 2304 honorum,
824 2235 993 2311 postulatio,
1014 2233 1173 2309 pracsertim
1196 2235 1234 2290 ab
1256 2234 1325 2290 doo-

263 2359 326 2397 rnm
349 2341 460 2397 honore
480 2339 625 2414 separati,
652 2351 910 2408 commemoratum
938 2359 992 2398 uec
1018 2340 1119 2398 Liuius
1140 2337 1182 2395 sic
1203 2339 1325 2414 scriptu·

263 2465 312 2503 rus
334 2455 406 2514 erat,
427 2453 459 2501 nt
479 2443 576 2518 priore
599 2444 664 2502 loco
687 2446 813 2504 bonores
837 2445 986 2523 (meritos)
1008 2443 1173 2502 hominibus
1196 2443 1326 2519 postula·
1393 2499 1395 2512 ,

263 2559 318 2616 toa,
340 2548 432 2606 altero
453 2549 593 2606 bonoram
617 2549 662 2606 (Iis
684 2553 850 2610 habendum
872 2551 1043 2610 nominaret.
1097 2550 1170 2624 Quae
1191 2549 1229 2606 sit
1250 2549 1324 2606 Livii

263 2654 292 2710 in
314 2655 462 2712 honoris
483 2654 600 2710 nomina
621 2655 658 2712 da
679 2657 736 2714 huo
749 2676 856 2732 genera
878 2661 974 2714 rer'om
989 2656 1124 2732 ponendo
1137 2655 1325 2722 consuetudo,

263 2761 386 2836 perspici
416 2759 524 2836 poterit
554 2777 591 2816 ex
620 2760 705 2817 huius
738 2763 805 2820 libri
829 2781 853 2819 c.
886 2766 933 2831 17,
963 2764 992 2832 3,
1019 2781 1055 2818 ex
1079 2759 1201 2826 XXVI,
1226 2763 1275 2828 21,
1297 2763 1325 2826 3,

264 2865 417 2934 XXVIII,
441 2867 470 2936 9,
494 2870 509 2922 l
540 2871 589 2939 (ut
616 2867 669 2924 dis
691 2867 964 2925 immortalibus
995 2867 1191 2924 haberetur
1212 2866 1326 2922 honos

263 2979 297 3026 et
317 2970 408 3045 ipsis
423 2971 737 3046 triumphantibus
752 2975 876 3030 urbem
891 2973 987 3030 inira
1002 2970 1156 3046 liceret),
1168 2971 1325 3034 XXXIII,

263 3076 313 3146 22,
336 3079 353 3132 5
380 3079 465 3143 (non
486 3077 601 3152 magis
619 3077 660 3136 dc
681 3079 868 3154 triumpho
890 3078 967 3136 sius
989 3098 1095 3153 quam
1124 3077 1165 3134 de
1189 3077 1326 3134 honore

262 3180 316 3238 dis
343 3180 613 3240 immortalibus
640 3184 810 3242 habendo
841 3184 1039 3256 dubitari).
1070 3185 1216 3254 XXXV,
1244 3186 1279 3252 8,
1307 3185 1324 3239 3

262 3289 424 3361 (questus
446 3297 501 3344 est
534 3329 584 3358 ..,
607 3289 701 3364 quod
808 3307 877 3344 non
901 3301 998 3346 esset
1018 3291 1166 3348 babitus
1187 3288 1247 3346 dis
1268 3287 1325 3344 im·

261 3391 481 3449 mortalibus
502 3393 633 3464 honos3
662 3395 871 3471 postulavit
892 3395 1040 3466 deinde,
1073 3405 1111 3452 ut
1138 3393 1325 3470 supplica·

262 3497 393 3554 tionem
414 3497 524 3554 simul
546 3499 842 3576 triumphumque
860 3499 1125 3576 decernerent),
1139 3498 1326 3566 XXXVIII,

262 3607 312 3670 ll,
340 3605 385 3672 tu,
406 3603 465 3660 ibd.
489 3605 538 3674 48,
567 3609 618 3678 16,
651 3605 808 3674 XXXIX,
835 3609 863 3676 4,
887 3607 904 3662 2
927 3615 957 3663 ot
981 3608 1009 3678 6,
1031 3605 1089 3667 ibd.
1114 3608 1163 3676 ³8,
1187 3609 1216 3662 5.
1262 3607 1325 3679 Ap·

262 3707 375 3782 parebit
400 3708 454 3764 bos
491 3707 571 3766 locos
604 3711 806 3786 perlustranti,
846 3710 966 3774 honoris
997 3710 1122 3768 habendi
1151 3711 1324 3768 mentionem

261 3831 376 3888 semper
397 3812 435 3870 ad
457 3811 527 3872 deos
551 3826 580 3873 et
601 3817 640 3874 od
661 3815 902 3892 supplicationem
923 3816 1077 3894 pertinere,
1099 3815 1149 3872 ubi
1172 3823 1270 3873 autom
1290 3816 1326 3872 de

261 3919 406 3994 triumpho
428 3929 543 3992 agatur,
564 3939 630 3978 earn
648 3922 729 3997 poni,
760 3922 839 3995 quod
859 3922 889 3978 in
912 3922 1059 3997 trIumpho
1082 3922 1169 3980 etiam
1191 3921 1236 3978 dis
1259 3940 1326 3996 sup·

261 4021 435 4095 plicaretur,
477 4021 569 4079 altaro
609 4023 674 4080 loco
714 4024 795 4102 ipsus
827 4027 965 4102 triumphi
996 4027 1165 4103 petitionem
1199 4027 1326 4102 adiungi
