2826 4650
297 291 354 342 niu.
374 290 395 340 1.
773 295 810 351 54

347 473 419 551 Cep.
445 476 493 546 58,
516 477 533 532 5
562 474 612 546 (de
634 475 702 536 Sex.
725 475 888 550 Tarquinio
910 475 1051 534 Lucretio
1070 484 1175 551 praeter
1195 483 1336 531 mortem

264 582 387 639 dedecus
398 581 535 657 minoto):
558 599 627 655 quo
648 589 789 639 terrore
812 599 917 656 quum
932 581 1332 640 vicissetobstinetem

263 687 478 764 pudicitiam
509 688 610 745 velut
637 688 774 746 victrix
802 687 917 744 libido
946 686 1206 761 profectusque
1235 687 1335 743 inde

265 793 488 869 Tarquinius
508 793 613 852 ferox
635 802 842 869 expugnato
867 791 998 850 decore
1018 793 1187 850 muliebri
1207 801 1335 860 esset,

265 901 437 959 Lucretia
458 907 511 968 etc.
545 899 581 956 In
602 899 657 956 boc
676 899 742 956 loco
758 918 847 973 quum
861 897 1024 972 superiores
1041 917 1139 956 omnes
1153 899 1332 968 tacuissent,

265 1006 374 1082 primus
389 1004 577 1063 Marklandus
598 1005 689 1074 haesit,
711 1006 740 1062 in
762 1004 889 1062 remedio
912 1003 1075 1060 adhibendo
1094 1003 1193 1062 infelix
1208 1003 1334 1068 (velut

264 1112 394 1182 ultrix,
427 1109 505 1186 quod
538 1129 558 1167 a
589 1109 730 1167 sententie
757 1109 812 1167 loci
842 1109 1047 1167 alienissimum
1083 1113 1151 1183 est);
1184 1110 1334 1168 Hertcius

264 1235 358 1292 nuper
377 1216 480 1274 fortius
503 1215 575 1272 duos
597 1233 683 1273 voces
694 1216 864 1273 resecandas
879 1216 1059 1292 significavit,
1081 1236 1145 1291 quae
1160 1217 1233 1273 unde
1249 1227 1333 1273 ortae

267 1332 295 1380 et
316 1323 421 1380 edditae
443 1323 507 1392 sint,
529 1339 613 1379 nemo
638 1321 754 1378 divinet.
808 1321 947 1378 Mendum
968 1330 1064 1378 temen
1086 1333 1113 1380 et
1135 1322 1333 1380 manifestum

266 1437 359 1486 estet
388 1428 543 1498 eiusmodi,
577 1428 655 1502 quod
681 1427 789 1484 nullum
818 1427 939 1503 recipiat
970 1428 1161 1486 excusationis
1183 1429 1330 1485 colorem.

265 1535 343 1592 Nam
365 1552 467 1607 neque,
488 1551 539 1590 cur
560 1533 663 1590 victrix
682 1533 770 1590 libido
792 1533 896 1590 vicisse
914 1533 1080 1609 pudicitiam
1103 1535 1229 1604 dicatur,
1261 1533 1334 1590 ullo

266 1639 353 1696 modo
375 1638 557 1712 intelligitur,
589 1639 672 1713 qneei
702 1657 759 1696 non
787 1639 891 1696 victrix
913 1639 1027 1696 vincere
1048 1640 1188 1714 potuerit,
1216 1658 1331 1712 neque,
1362 1665 1371 1682 ·

267 1763 318 1802 cur
338 1745 439 1801 velut
466 1744 570 1801 victrix
591 1745 712 1814 dicetur,
739 1763 803 1818 quae
823 1763 892 1802 vere
913 1745 1055 1820 pleneque
1077 1745 1157 1814 vicit3
1186 1745 1332 1820 quodque

267 1851 518 1907 Weissenbornius
536 1849 574 1906 nd
587 1867 689 1908 vocem
710 1849 847 1907 victrix
869 1850 1014 1920 adscribit,
1036 1870 1071 1908 ea
1086 1869 1149 1908 cum
1165 1850 1254 1906 verbo
1272 1849 1332 1904 vi-

267 1956 379 2014 cisset
401 1956 537 2032 copulate
560 1957 684 2032 speciem
705 1975 775 2014 vero
797 1957 971 2014 contrariam
986 1954 1142 2032 significari
1156 1963 1184 2010 et
1199 1971 1263 2010 cum
1287 1971 1330 2009 eo

267 2059 472 2138 eompnmffl),
494 2079 613 2137 prorsus
637 2062 748 2137 ignoro,
771 2081 835 2137 quae
856 2063 893 2119 sit
914 2081 949 2118 ee
970 2071 1021 2118 eut
1041 2061 1150 2137 species
1172 2068 1223 2116 eut
1243 2076 1332 2115 com·

268 2167 395 2243 paratim
418 2167 670 2239 Weissenbomio‚
704 2169 782 2242 quod
809 2186 900 2244 saepe,
929 2166 1067 2224 accidisse
1097 2166 1197 2236 video,
1230 2173 1261 2220 ut
1285 2165 1329 2220 ad

268 2272 456 2331 offensionem
478 2274 600 2349 primum
621 2274 836 2342 edbaeresceret,
858 2273 961 2330 deinde
975 2272 1055 2330 inani
1076 2272 1197 2329 ertilicio
1218 2289 1249 2327 se
1271 2289 1328 2327 ex·

268 2379 387 2455 pediret.
427 2379 615 2438 Scribendum
637 2389 681 2437 est
702 2400 759 2437 une
780 2380 876 2438 littero
890 2380 920 2437 in
932 2378 1054 2436 similem
1069 2385 1180 2434 mutatu
1203 2373 1226 2451 (t
1240 2376 1269 2432 in
1287 2373 1330 2448 il:

269 2503 337 2560 quo
353 2495 494 2543 terrore
511 2504 612 2560 quum
630 2486 782 2543 vicisset
798 2486 1018 2543 obstinatam
1035 2482 1248 2559 pudicitiam
1264 2481 1329 2538 rel

267 2591 304 2648 vi
324 2591 460 2649 victrix
481 2591 610 2662 libido,
632 2593 688 2650 hoc
709 2602 767 2662 est,
789 2591 894 2664 libido,
916 2609 980 2666 quae
1000 2590 1046 2647 vel
1067 2589 1131 2646 sole
1152 2588 1191 2657 vi,
1212 2605 1249 2642 ne
1270 2587 1329 2642 ed·

268 2698 358 2754 bibito
382 2697 498 2772 quidem
515 2696 563 2754 illo
580 2705 690 2754 terrore
705 2709 733 2755 et
750 2698 899 2756 dedecoris
914 2696 1007 2766 minis,
1030 2696 1163 2752 vincebat
1177 2693 1330 2768 superior·

269 2823 325 2878 que
346 2812 416 2860 eret.
756 2785 760 2794 ’

352 2906 424 2982 Cep.
442 2909 490 2978 59,
515 2911 524 2964 1
555 2907 595 2980 (in
618 2909 869 2986 orationeBruti):
891 2926 970 2978 vos,
991 2907 1055 2976 dii,
1077 2915 1189 2963 testes
1211 2903 1331 2974 facio,

269 3033 320 3071 me
351 3014 385 3071 L.
412 3013 650 3087 Tarquinium
681 3011 879 3087 Superbum
901 3045 940 3056 -
972 3012 1085 3082 ferro,
1118 3011 1208 3086 igni,
1240 3028 1327 3084 quu-

269 3139 407 3194 cuuque
440 3118 568 3176 dehinc
594 3119 629 3177 vi
658 3137 817 3194 possum,
849 3129 1111 3180 exsecuturum.
1169 3117 1327 3192 Tempon's

269 3235 298 3282 et
329 3225 436 3283 ordinis
469 3224 655 3296 adverbium,
689 3243 746 3298 quo
778 3225 882 3284 elibine
913 3245 1036 3300 usquam
1059 3224 1158 3282 Livius
1187 3241 1255 3280 usus
1277 3220 1328 3290 sit,

268 3349 327 3388 non
354 3331 484 3400 memini,
516 3331 541 3388 si
570 3331 728 3406 posuisset,
761 3332 911 3390 adiecisset
942 3331 1086 3407 primerioe
1120 3327 1326 3386 sententiae.et

268 3435 358 3494 futuri
385 3437 521 3512 temporis
554 3437 644 3495 verbo
676 3437 815 3504 (dehine
847 3436 1128 3511 exsecuturum);
1165 3453 1222 3510 quo
1258 3434 1325 3491 loco

268 3561 343 3600 nuno
364 3543 489 3617 ponitur,
511 3563 597 3602 unum
620 3544 649 3600 id
671 3553 738 3619 apte
758 3543 825 3619 poni
842 3551 965 3619 poteret,
987 3561 1054 3617 quo,
1075 3537 1239 3618 singulstim
1260 3541 1325 3615 qui·

269 3649 391 3706 busdam
416 3650 580 3721 nominatis,
608 3657 755 3726 postremo
778 3649 876 3706 omnia
896 3667 950 3706 nos
973 3649 1214 3723 comprehendere
1235 3648 1325 3722 signi-

268 3754 402 3812 ficamus:
427 3772 640 3830 quacunque
662 3754 821 3836 denique
843 3755 878 3812 vi
899 3773 1052 3830 possum.
1098 3755 1131 3812 ld
1154 3755 1325 3812 adverbium

287 3991 312 4060 ι)
338 3995 387 4044 Die
405 3995 575 4058 Verbindung
599 3997 644 4044 mit
669 3995 806 4048 vicisset
832 3997 894 4045 hebt
918 3997 974 4044 dem
999 3993 1159 4045 Wirkllchen
1177 3997 1329 4057 gegentlbcr

338 4090 383 4137 dus
403 4087 558 4138 Scheinbure
576 4089 676 4138 herror.
