2826 4640
620 249 677 306 527
1020 247 1078 298 Lib.
1096 248 1180 300 xm.

119 431 220 490 Crassi
241 430 383 489 voluntati
405 429 573 505 gratificans
597 429 783 488 iurisiurandi
801 429 934 488 oblivisci
946 432 1016 490 velit
1035 433 1102 508 (hoo
1123 442 1181 492 est:

117 537 224 613 potius,
249 537 318 612 quid
339 535 409 593 velit
429 553 515 604 nuno,
537 553 626 609 quarn
651 533 720 609 quid
742 543 810 592 ente
830 535 977 608 iuraverit,
999 539 1180 596 animadver-

117 644 235 702 tendum
255 651 372 700 censeat
393 649 422 697 et
443 637 670 716 spectandum),
706 657 737 696 se
765 640 795 698 in
819 649 937 698 senatus
965 651 1108 717 potestate
1135 643 1180 702 fu·

118 758 223 806 turum.
267 749 393 806 Prorsus
415 744 534 802 ridicule
557 744 677 804 Cassius
700 746 793 815 dicet,
821 746 846 804 si
867 756 985 804 senatus
1007 749 1098 822 (quod
1118 749 1182 825 ipse

117 853 259 929 postulat)
288 871 347 909 nou
370 849 478 908 Cresco
500 852 697 925 obsequatur,
724 851 776 908 sed
806 850 1003 910 iusiurandum
1032 855 1181 914 observari

117 958 204 1028 velit,
233 977 265 1016 se
285 967 383 1014 tamen
402 955 515 1012 senatui
537 959 610 1030 (suae
631 957 779 1015 sententie
801 956 990 1029 adsentienti)
1020 959 1180 1034 pariturum

117 1081 191 1121 esse.
237 1063 348 1120 Verum
371 1061 441 1119 alibi
463 1060 525 1118 vitii
540 1062 637 1120 sedern
659 1079 732 1132 esse,
754 1061 879 1118 ostendit
894 1062 1038 1137 particula
1063 1075 1182 1124 temen

117 1187 210 1246 prave
231 1167 261 1224 in
284 1166 425 1243 epodosin
459 1166 547 1242 longe
569 1168 691 1238 reiecta,
728 1185 792 1242 quse
821 1165 904 1224 initio
934 1169 1003 1243 poni
1030 1169 1183 1228 debuerat:

117 1275 150 1331 si
172 1283 290 1330 tamen
311 1281 460 1330 senatus
482 1280 537 1330 cet.
590 1273 696 1347 Itaque
717 1270 830 1330 initium
852 1271 909 1330 loci
932 1275 1104 1332 emendandi
1126 1277 1182 1335 hoo

122 1389 176 1448 est,
198 1387 229 1435 ut
249 1375 453 1452 intelligemus,
475 1395 583 1435 novem
607 1378 779 1435 senteutiam
801 1377 929 1452 incipere
945 1380 982 1436 ab
999 1379 1049 1438 bis
1070 1381 1182 1439 verbis:

118 1487 165 1546 Se
195 1493 316 1542 tamen
350 1481 515 1540 futurum
546 1491 619 1552 ete,
651 1482 849 1540 condicionem
881 1483 1112 1560 (sisennius)
1144 1487 1182 1545 ad

117 1589 270 1665 superiora
290 1582 443 1662 pertinere.
496 1586 545 1645 sie
567 1587 655 1662 igitur
676 1587 770 1644 oratio
793 1586 982 1644 describenda.
1014 1598 1070 1648 eet:
1106 1609 1183 1664 qnae

118 1693 290 1770 (sacrificia)
314 1701 383 1750 non
404 1692 519 1767 magis
541 1692 692 1750 consule
719 1711 822 1768 qnam
850 1703 1007 1768 praetore
1029 1696 1182 1755 absente

117 1811 218 1860 recte
239 1798 327 1858 fieri
357 1816 480 1874 poeee,
513 1797 544 1854 si
575 1809 729 1856 senatus
761 1817 844 1869 nou,
883 1798 970 1873 quid
1003 1800 1115 1859 vellet
1144 1802 1182 1860 in

118 1905 329 1974 consulatu,
365 1903 635 1978 potiusquam,
665 1903 752 1978 quid
780 1903 817 1960 in
850 1914 1009 1980 praetura
1040 1905 1183 1966 iurave-

117 2013 171 2071 rit
208 2012 243 2069 P.
277 2009 461 2079 Licinius,
501 2007 867 2067 animadvertendum
910 2019 1069 2070 censeat.
1137 2013 1183 2074 Se

118 2127 241 2175 temen
275 2113 435 2173 futurum
465 2114 501 2171 in
537 2123 688 2171 senatus
716 2121 912 2190 potestate.
978 2117 1079 2194 Negat
1106 2127 1183 2176 reete

117 2221 317 2280 iusiurandum
349 2218 457 2294 negligi
486 2235 587 2293 posse;
617 2218 730 2276 senatui
753 2227 850 2276 tamen
873 2221 1034 2280 committit.
1076 2223 1185 2282 Fateor

120 2337 236 2398 tamen,
265 2325 417 2382 rectiorem
448 2323 513 2382 iore
543 2323 720 2382 condicionis
743 2323 880 2396 formam,
912 2325 937 2382 si
965 2326 1007 2384 sie
1028 2327 1184 2386 scribatur:

119 2450 288 2506 quasnon
399 2438 497 2486 recte
525 2427 616 2487 fieri
642 2447 769 2504 posse,
805 2431 880 2492 risi
912 2431 963 2500 (ni
996 2449 1050 2508 pro
1085 2442 1124 2490 nt
1153 2433 1183 2490 in

118 2536 283 2613 possent)
305 2544 469 2604 senatus,
506 2535 593 2610 quid
615 2553 645 2596 v.
676 2535 696 2592 i.
727 2553 771 2604 o.,
803 2535 929 2610 potius
954 2547 1026 2610 oet,
1063 2547 1095 2595 ut
1118 2556 1182 2596 cum

119 2641 332 2717 improbatione
347 2641 508 2716 excipiatur
524 2640 635 2715 aliquid
651 2639 767 2714 (nisi);
788 2640 950 2718 depravato
964 2643 1038 2702 nisi
1053 2643 1181 2702 additum

119 2747 269 2822 putabitur
288 2765 366 2804 non.
415 2747 514 2806 Unum
535 2756 642 2817 restat;
675 2765 744 2804 nem
765 2765 820 2821 pro
841 2747 956 2806 vellet
986 2749 1016 2808 in
1040 2751 1096 2808 bec
1117 2768 1183 2807 ora·

118 2853 206 2910 tionis
231 2852 328 2910 forma
349 2849 436 2926 (nisi
465 2859 634 2922 senatus,
666 2852 753 2926 quid
792 2894 862 2924 ...,
894 2855 1183 2914 animadverten-

119 2959 200 3017 durn
231 2953 397 3034 censent)
437 2965 466 3012 et
501 2956 558 3013 heo
595 2957 807 3016 contrariorum
841 2960 1050 3036 compositione
1086 2959 1183 3037 (quid

119 3065 235 3122 vellet
351 3060 437 3136 quid
473 3060 670 3131 iuraverit)
704 3065 868 3122 necessario
901 3066 1108 3124 restituendum
1142 3075 1185 3124 est

120 3162 253 3242 velit¹)
297 3165 358 3226 Sub
380 3168 466 3224 finem
488 3166 593 3242 capitis
612 3167 643 3224 in
664 3167 710 3226 bie
734 3169 831 3226 verbis
854 3169 882 3242 (ς
908 3168 955 3248 7)ι
989 3170 1101 3244 Quum
1123 3171 1185 3228 tri·

120 3272 208 3330 buni
237 3271 391 3331 militum
421 3271 675 3344 centuriones,
705 3273 769 3331 sed
801 3276 952 3351 primum
988 3295 1184 3352 quemque,

121 3378 294 3448 citarent,
329 3387 404 3436 tres
437 3387 472 3434 et
502 3377 642 3453 viginti
665 3380 916 3452 centuriones,
953 3382 1011 3456 qui
1044 3383 1182 3458 primos

139 3662 161 3726 ¹)
187 3665 202 3729 ς
223 3669 305 3714 buon
323 3664 435 3714 debebat
451 3663 614 3729 Kreyssigius
634 3664 763 3727 dubitare,
793 3667 856 3730 quin
874 3668 967 3718 iubae
986 3669 1081 3718 codicis
1104 3670 1185 3735 scrip·

191 3763 260 3806 ture=
301 3757 473 3806 Detectum
505 3757 660 3808 consules
688 3759 790 3808 multo
824 3760 1041 3812 intentiorem
1073 3775 1184 3811 euram

191 3847 359 3899 babebaut
384 3865 436 3900 uon
464 3857 516 3898 tam
536 3849 690 3900 delectus
715 3863 792 3913 qnam
812 3853 999 3904 intentiore
1019 3867 1095 3930 oure¹
1113 3853 1184 3902 resti·

193 3941 314 3989 tuendum
334 3949 410 3996 esset.
440 3941 500 3992 Non
513 3955 600 3991 curem
615 3943 729 3992 deiectus
749 3945 870 3996 consules
881 3945 1019 4006 habebant,
1038 3947 1082 3996 sed
1101 3945 1183 4010 ipsum

194 4031 318 4081 delectum
338 4035 475 4084 intentiore
494 4041 539 4084 ant
563 4035 709 4084 remissiore
729 4048 798 4085 eura.
