2810 4644
596 267 654 322 375
989 263 1154 314 Ltuxxxt.

97 467 197 523 neque
223 448 253 506 id
275 465 350 506 nuno
371 447 526 522 agebatur,
556 455 621 502 utro
642 447 768 505 exercitu
790 457 898 524 prator
923 468 985 508 rem
1011 451 1155 525 gessisset,

93 553 160 624 sed,
183 553 363 612 debuissetns
383 555 445 629 ipse
465 571 518 628 per
542 569 573 608 se
594 571 654 610 rem
674 571 775 628 gerere
806 573 844 612 un
865 553 1011 612 consulem
1034 573 1155 630 exspec-

92 671 170 718 tare.
228 659 287 719 Sed
322 658 447 734 vulgata
479 658 628 733 scripture
653 661 828 734 pravitatem
857 660 928 720 eatis
958 659 1087 716 declarat
1118 661 1154 732 B,

91 767 125 824 in
148 785 207 841 quo
228 766 270 824 sic
291 765 439 822 scribitur:
463 763 632 838 potuisse
654 765 872 838 enim,eicnt
890 785 960 824 non
981 765 1155 842 praetoris

93 872 243 930 absenti
266 869 326 928 sed
348 887 418 927 coe.
441 869 613 927 exercitu
636 889 708 928 rem
731 872 809 946 geri
830 871 1008 940 voluerit,
1029 872 1079 928 sed
1100 891 1155 929 vo·

93 978 202 1036 cabulo
224 976 388 1046 absenti,
429 975 507 1050 quod
537 995 635 1034 errore
654 977 784 1034 additum
806 987 878 1048 erat,
899 979 1031 1048 inducto,
1068 977 1154 1036 ceteri

92 1084 211 1142 codices
232 1102 286 1159 pro
308 1082 402 1156 sicut
422 1082 531 1138 habent
553 1083 584 1138 si
606 1101 692 1143 cum.
735 1083 840 1158 Itaque
861 1102 919 1140 non
941 1084 1072 1142 condicio
1093 1084 1154 1140 brec

94 1199 151 1260 est,
172 1189 223 1246 ssd
247 1188 448 1264 comparatio,
471 1205 530 1262 qua
550 1188 726 1258 ostenditur,
748 1188 773 1244 si
794 1197 911 1245 senatus
935 1187 1082 1246 consulem
1104 1206 1154 1244 sx-
1240 1167 1243 1173 Δ

93 1295 221 1371 spectari
250 1293 407 1364 voluisset,
445 1294 574 1368 potuisse
602 1312 667 1350 eum
707 1303 825 1370 aperte,
865 1293 934 1368 quid
963 1294 1025 1351 fieri
1059 1293 1154 1364 vellet,

93 1401 213 1458 decreto
236 1399 495 1475 comprehendere,
518 1399 761 1473 quemadmodum
791 1400 913 1458 alterum
940 1400 1011 1457 illud
1031 1399 1068 1457 ds
1087 1419 1153 1474 per·

94 1506 242 1564 mutandis
264 1504 436 1562 exercitibus
457 1506 680 1581 perscripsisset.
724 1505 773 1564 Sic
794 1505 882 1580 igitur
901 1505 1001 1564 Livius
1023 1504 1153 1580 scripsit:

93 1623 159 1671 ant
178 1621 344 1670 senatum
366 1627 548 1687 peccasse,
570 1611 631 1685 qui
652 1611 854 1669 exercitum
876 1611 1027 1686 pretori
1048 1611 1152 1670 deda·

93 1719 155 1788 rit,
177 1721 234 1790 (·-
257 1717 427 1794 potuisse
449 1716 553 1786 enim,
574 1717 671 1774 sicut
691 1735 760 1774 non
781 1716 1050 1792 praetoris,sed
1071 1737 1153 1776 cou-

94 1823 191 1880 sulis
213 1823 385 1881 exercitu
407 1841 478 1879 rem
492 1823 571 1898 geri
593 1823 764 1894 voluerit,
781 1823 834 1879 ita
855 1821 968 1879 finire
990 1833 1152 1882 senatus·

95 1929 278 1998 consulto,
300 1947 342 1986 ne
362 1947 429 2004 per
449 1937 640 2003 pretorem
662 1939 716 1986 cet.
794 1929 953 1988 Senatus
983 1930 1151 1998 consulto

92 2035 155 2092 iarn
176 2033 314 2092 Duksrus
335 2034 422 2092 scribi
444 2034 576 2090 voluerat
598 2035 636 2092 ob
665 2035 753 2092 aliam
776 2053 911 2104 caussm;
942 2034 1054 2092 accedit
1075 2054 1152 2093 nunc

94 2157 142 2210 ea,
165 2140 243 2215 qnod
263 2140 316 2197 ita
337 2141 375 2197 ad
397 2140 641 2214 comparationem
662 2141 845 2198 indicendam
867 2140 1009 2216 pertinet,
1033 2160 1092 2198 non
1114 2143 1152 2198 ad

92 2246 219 2304 formam
244 2244 315 2306 SCti
337 2247 410 2318 (itu
429 2245 548 2314 finire,
569 2265 602 2302 so
624 2266 659 2303 au
681 2241 894 2322 begreuzen).¹)

183 2349 256 2428 Cap.
282 2355 341 2422 49,
363 2353 381 2408 2
413 2352 460 2425 (de
483 2353 516 2410 L.
539 2351 621 2408 Furii
641 2353 773 2428 praetoris
795 2371 831 2410 ex
853 2350 955 2411 Gellia
976 2350 1149 2426 triumpho):

91 2458 133 2514 Iu
155 2457 323 2516 aerarium
358 2457 445 2516 tulit
475 2467 643 2515 trecenta
670 2458 806 2534 viginti
836 2457 939 2514 milia
969 2456 1064 2527 seris,
1095 2477 1151 2514 sr-

90 2563 195 2638 gsnti
232 2573 371 2620 cautum
400 2562 639 2637 septuaginta
670 2564 771 2620 milia
795 2563 927 2639 pondo.
979 2561 1151 2618 Extremum

90 2667 267 2726 vocabulum
289 2667 435 2743 (pondo)
459 2668 497 2724 ab
520 2669 652 2726 omnibus
673 2668 734 2727 iere
756 2669 902 2728 codicibus
930 2668 1013 2724 abest
1044 2665 1151 2742 (Hear-

90 2773 133 2831 nii
154 2773 277 2844 duobus,
300 2775 373 2832 Lov.
398 2776 426 2842 2,
450 2777 477 2844 6,
499 2773 597 2843 Heri,
629 2774 760 2842 Marad),
796 2792 849 2849 pro
879 2793 914 2831 so
949 2773 978 2830 in
999 2772 1087 2830 Voss·
1123 2783 1152 2828 et

91 2879 166 2936 Lov.
189 2884 205 2938 4
229 2880 363 2937 scribitur
384 2875 473 2950 co'd.,
493 2879 522 2936 in
545 2879 618 2936 Lov.
644 2883 655 2937 t
686 2877 770 2940 mo'd.
824 2881 859 2938 In
880 2879 924 2950 B,
946 2877 1057 2952 aliquot
1087 2895 1151 2934 ver·

90 2985 138 3043 bis
159 3004 257 3042 errore
278 2985 401 3055 omissis,
425 2987 486 3044 hseo
506 2995 618 3042 tantum
640 2986 819 3044 scribuntur:
841 2985 877 3042 in
899 2985 1067 3042 serarium
1099 2993 1150 3040 tu-

89 3090 324 3147 littrecenta
354 3090 488 3165 viginti
529 3089 702 3151 miliuoo
724 3091 763 3148 D.
805 3088 1151 3148 HincWeiseenbornius

89 3195 175 3253 fecit:
195 3204 365 3254 trecenta
380 3195 514 3272 viginti
534 3195 640 3254 milia
661 3197 751 3266 eris,
767 3196 1068 3271 argenticsntum
1091 3196 1150 3253 mi-

89 3301 144 3358 lia
158 3301 360 3376 quingenta
381 3301 511 3376 pondo.
541 3299 663 3358 Numeri
684 3321 742 3360 non
762 3301 993 3377 improbabiliter
1014 3303 1150 3360 eruesti·

89 3404 148 3480 giis
159 3405 266 3463 codicis
276 3406 303 3464 B
314 3405 437 3464 comesti
450 3417 530 3472 sunt3
551 3405 602 3462 aed
624 3406 714 3464 miror
725 3407 841 3478 nemini,
863 3407 1022 3482 praesertim
1043 3408 1150 3465 codici·

88 3512 148 3568 bus
172 3509 402 3580 admonentibus,
420 3508 612 3584 suspicionem
631 3520 740 3570 motam
764 3531 827 3571 ease
846 3513 882 3570 ds
902 3529 1017 3572 summa
1038 3513 1149 3590 magni-

89 3615 200 3686 tudine,
223 3635 295 3691 quae,
316 3617 342 3672 ai
362 3615 482 3691 pondo
504 3615 628 3687 additur,
648 3618 745 3676 multis
766 3618 898 3695 partibus
919 3617 1009 3677 nimia
1031 3629 1075 3677 cst
1095 3638 1149 3696 pro

90 3832 291 3842 ———

108 3949 135 4020 ¹)
160 3952 276 4002 Eandem
294 3955 444 4019 scripturam
464 3969 531 4004 nunu
549 3957 641 4018 (isso)
660 3956 701 4006 W.
715 3957 843 4022 sequitur,
869 3956 914 4006 aed
940 3959 1070 4008 absenti
1090 3961 1149 4008 reti·

160 4052 204 4094 nst
223 4057 253 4094 ao
265 4046 375 4108 permira
394 4047 514 4111 explicat.
