2826 4640
573 247 629 305 531
977 246 1034 298 Lib.
1051 247 1138 300 xnn.

55 424 169 482 trudi
191 437 442 501 quererentur.
505 427 623 486 Vitiosa
650 428 831 486 abundantio
851 429 881 500 ii,
913 431 964 504 qui
985 433 1084 490 omnis
1105 452 1136 491 se

60 549 86 586 a
111 528 260 608 principiis
292 534 473 592 Macedonici
505 532 573 590 belli
596 532 739 591 Romanis
769 533 936 609 praestitisse
964 536 1136 611 glorientur,

61 636 265 694 Macedonum
294 639 424 715 Philippi
450 639 526 698 bello
557 635 651 714 (quod
675 638 717 696 sic
748 638 921 715 appelletur,
946 643 1030 716 quusi
1058 644 1136 702 uliud

59 760 107 799 ac
135 742 356 802 Macedonicum
384 743 437 822 sit)
474 745 573 802 hostes
608 761 640 800 se
672 743 762 802 inisse
795 745 920 814 addunt;
956 765 1010 805 nee
1043 749 1138 806 minus

62 849 256 906 abundanter
284 850 463 908 Antiochum
493 851 606 907 hostem
636 847 726 906 fuisse
756 849 913 908 admonent
935 853 1012 928 (pro
1033 856 1138 913 Anti·

63 954 164 1010 ocho
192 955 321 1022 hoste).
378 955 510 1013 Permire
544 953 647 1011 deinde
678 953 780 1010 Achmi
808 955 851 1012 its
886 973 951 1014 cum
985 960 1137 1020 Messeniis

64 1067 161 1132 atque
195 1059 275 1116 Eleis
315 1075 346 1115 se
387 1067 573 1133 comparant,
613 1067 646 1114 ut
682 1057 712 1114 in
744 1077 776 1116 se
808 1060 991 1120 Macedonici
1023 1073 1136 1122 tentum

65 1164 140 1222 belli
170 1164 312 1222 rationem
342 1165 486 1233 habeant,
517 1163 546 1220 in
577 1165 676 1223 alteris
698 1175 811 1222 tantum
833 1165 1014 1240 Antiochici‚
1047 1187 1136 1244 quum

65 1269 229 1345 significari
260 1269 384 1338 debeat,
420 1268 501 1344 ipsos
529 1287 645 1345 semper
681 1271 831 1328 Romanos
863 1270 992 1344 iuvisse,
1028 1272 1136 1330 alteros

67 1391 188 1450 semper
229 1375 259 1432 in
296 1374 418 1432 alteram
455 1382 568 1450 partem
600 1375 804 1451 propensiores
837 1373 936 1436 luisse.
1002 1377 1052 1436 Ad
1082 1379 1136 1435 hus

65 1479 269 1555 suspicionum
300 1496 404 1536 censes
442 1479 569 1550 accedit,
612 1479 691 1555 quod
723 1479 753 1536 in
784 1480 883 1537 codice
916 1479 957 1559 (si
986 1491 1063 1540 recte
1093 1483 1137 1540 in-

67 1584 189 1660 telligo)
225 1586 266 1642 sic
302 1580 485 1660 scribitur2¹j
523 1627 551 1644 ..
588 1583 858 1660 praestitissent
896 1587 1068 1644 Romanis
1104 1598 1139 1645 et

69 1690 286 1748 Macedonis
319 1690 496 1766 Philippo
527 1688 690 1746 fuissent
726 1707 797 1762 quo
827 1691 989 1750 Messeni
1018 1691 1137 1768 adque

68 1796 152 1854 AEli
179 1815 244 1872 pro
273 1796 434 1854 Antioco
464 1796 571 1853 hoste
602 1813 621 1851 e
644 1813 747 1851 rome
775 1795 954 1854 adversus
975 1815 1004 1872 p.
1026 1799 1064 1859 R.
1086 1806 1138 1856 tu·

67 1901 206 1958 lissent
237 1909 303 1962 cett.
361 1902 487 1959 Prorsus
516 1919 575 1958 non
605 1899 717 1970 dubito,
747 1900 816 1974 quin
848 1911 877 1959 et
905 1903 996 1960 verbe
1027 1903 1140 1978 eliqnot

68 2005 228 2062 coniuncto
255 2025 292 2064 ex
313 2023 366 2063 suo
390 2006 455 2064 loco
485 2003 515 2060 in
538 2002 663 2060 alienum
685 2003 808 2066 traiecta
831 1992 889 2065 sint
910 2007 1005 2082 (cuius
1033 2010 1139 2066 erroris

69 2129 112 2168 ex
135 2119 294 2168 ceterorum
318 2111 458 2170 decadum
481 2107 629 2167 codicibus
651 2108 787 2184 exemplo
807 2112 892 2187 posui
920 2113 957 2170 sd
985 2113 1139 2186 XXXVI,

73 2219 126 2286 34,
149 2218 166 2273 9
189 2225 218 2274 et
248 2220 281 2275 10
312 2225 341 2274 et
372 2216 407 2272 iis
428 2215 519 2284 locis,
550 2232 623 2290 qnos
645 2213 687 2271 ibi
708 2213 914 2286 demonstravi,
935 2217 965 2274 in
986 2217 1141 2278 Vindobo-

71 2320 157 2378 nensi
189 2329 283 2378 eutem
315 2321 414 2378 codice
445 2319 635 2378 certissimum
665 2336 825 2394 coarguam
857 2320 887 2376 iu
919 2323 993 2380 libro
1024 2321 1140 2394 XLIV,

74 2430 129 2494 44,
152 2424 183 2500 2)
207 2435 236 2482 et
259 2425 344 2482 simul
369 2425 427 2482 ulio
457 2425 591 2501 quaedum
624 2433 771 2498 comple
819 2424 901 2482 Nihil
931 2426 1006 2484 enirn
1034 2429 1141 2503 poterit

74 2531 174 2607 aptius
199 2531 375 2605 excogitari,
406 2530 431 2588 si
457 2531 554 2588 locum
584 2529 626 2587 sie
648 2529 863 2604 scripserimus:
897 2573 927 2592 ..
957 2532 1081 2590 eodem
1103 2551 1140 2592 se

74 2637 284 2706 luccesse,
307 2635 367 2711 qui
389 2635 511 2694 omnis
529 2653 548 2691 e
568 2632 777 2709 principiis
798 2633 1029 2694 Macedonici
1050 2637 1142 2694 belli

73 2740 349 2817 praestitissent
368 2739 635 2814 Romanis‚quo
651 2738 830 2796 Messenii
853 2740 1060 2814 nequeunt,
1082 2743 1143 2816 qui

76 2845 316 2903 etMecedoni
330 2843 687 2921 [sutzMecedonibus
704 2839 752 2919 et]
766 2843 938 2920 Philippo
959 2845 1145 2912 iecissent

74 2959 113 3006 et
149 2968 216 3024 pro
246 2950 432 3008 Antiocho
464 2955 596 3030 postes
625 2965 722 3005 arma
746 2946 926 3006 tulissent
956 2969 1011 3023 se,
1032 2971 1145 3028 nuper

168 3055 377 3113 contributi
404 3095 532 3125 ......
563 3061 814 3126 quererentur.
870 3051 1043 3130 Singulatim
1076 3059 1145 3116 meli

77 3159 169 3218 animi
191 3160 364 3218 documenta
386 3159 472 3217 trium
494 3167 658 3234 temporum
673 3165 831 3233 ponuntur.
874 3159 1012 3237 Philippo
1033 3171 1145 3220 tentum

78 3265 189 3322 sevisse
200 3265 362 3322 Messenios
377 3273 406 3321 et
417 3263 506 3322 Eleos
517 3263 621 3322 nehel
635 3261 852 3332 insimulabunt,
866 3261 1076 3322 invisseermis
1087 3283 1145 3322 non

79 3369 230 3428 audebunt
251 3369 355 3438 dicere,
384 3368 523 3443 quonism
545 3385 650 3443 reapse
671 3375 732 3422 tum
756 3366 794 3422 ed
815 3367 965 3424 Romanos
992 3387 1043 3426 eos
1064 3369 1146 3427 incli-

78 3493 176 3544 nasse,
199 3474 246 3531 vel
267 3492 304 3531 ex
324 3473 448 3544 XXIX,
474 3473 510 3530 12
533 3470 710 3546 intelligitur,
733 3470 782 3526 ubi
805 3488 823 3526 e
841 3471 1041 3529 Romanorum
1062 3483 1147 3550 perte

101 3723 126 3792 ¹)
151 3725 332 3777 Molestissime
344 3723 411 3772 sulm
421 3721 524 3784 eccidit,
537 3727 566 3768 ut
578 3719 674 3781 sliqnld
688 3715 730 3766 hic
742 3717 777 3768 sit
789 3717 816 3767 in
833 3719 965 3782 scripturo
982 3720 1147 3772 adnotetione

155 3815 346 3880 embignitstis,
378 3827 435 3877 que
464 3813 497 3862 sd
526 3813 609 3878 ipsam
637 3811 749 3876 pertinet
776 3809 940 3860 omissionem
966 3813 1148 3865 socsbulornm

153 3909 244 3960 bello
268 3908 381 3956 hostes
407 3913 433 3954 et
466 3904 625 3970 pronominis
649 3903 710 3967 qui.
754 3900 806 3952 Sed
831 3915 917 3952 rerum
943 3919 984 3954 me
1002 3913 1148 3956 assecutum

153 4000 240 4054 credo.

897 4083 947 4138 ³⁴·
