2822 4648
111 299 171 351 Lib.
190 298 235 346 vt.
586 300 641 356 137

77 483 117 539 tio
141 483 370 558 interpungitnr,
396 491 426 539 et
453 482 548 558 ipsum
577 478 715 537 vitiosum
737 479 804 557 (pro
834 481 885 549 id)
915 491 944 538 et
964 481 1029 537 loco
1051 499 1143 554 pravo

77 588 204 662 positum
228 587 269 662 (in
291 588 348 644 fine
369 586 620 663 interrogationis,
649 584 699 642 ubi
728 595 790 644 tum
814 587 929 644 demum
955 595 1033 642 recte
1053 603 1143 660 pone·

76 703 164 762 retur,
187 693 213 750 si
236 694 266 750 id
287 694 471 768 significaret,
491 692 569 768 quod
591 691 688 747 statim
711 692 928 764 subiiceretur),
950 701 1058 749 rectum
1080 691 1143 758 erit,

75 798 353 873 interrogationibus
385 799 427 854 sie
455 795 606 870 descriptis
636 805 665 852 et
692 798 868 856 terminatis:
900 795 1013 872 Quid?
1048 795 1079 853 si
1106 803 1144 852 tn

76 922 145 960 non
174 903 327 974 tuleris,
356 905 451 978 quod
473 901 696 960 commodum
726 911 785 960 est
805 904 943 979 populo
966 901 1143 976 accipere,

75 1027 179 1066 nemo
211 1009 296 1078 erit,
326 1009 387 1085 qui
418 1006 535 1067 feret?
588 1005 686 1062 illud
719 1007 754 1064 si
776 1009 857 1082 quis
878 1007 1076 1083 patricius,
1113 1004 1144 1062 ei

76 1115 158 1187 quie
193 1147 226 1157 -
264 1113 440 1172 Claudius
461 1113 616 1172 diceret:
647 1114 722 1170 Aut
752 1113 872 1170 omnia
901 1112 1061 1186 accipite
1082 1117 1145 1167 aut

75 1219 171 1277 nihil
192 1210 282 1289 iero,
304 1219 385 1294 quis
407 1217 761 1292 vestrquuirites,
783 1218 918 1277 ferret?
968 1217 1144 1276 Pauloante

77 1327 169 1394 (510,
191 1325 242 1381 ubi
264 1323 372 1381 tribuni
393 1323 449 1380 civi
470 1325 507 1381 de
527 1324 612 1399 plebe
636 1325 761 1400 roganti,
785 1333 836 1394 ut,
858 1341 931 1399 quas
955 1323 1073 1398 probet,
1095 1339 1143 1377 ro·

73 1430 211 1504 gationes
233 1428 374 1503 accipere,
397 1447 470 1502 quas
492 1429 646 1504 improbet,
668 1429 822 1504 antiquare
843 1428 945 1498 liceat,
967 1425 1143 1503 respondero

75 1533 237 1611 finguntur)
264 1535 325 1591 hac
357 1534 554 1608 interrogandi
588 1533 684 1591 forma
707 1535 883 1592 coniunctivi
905 1534 998 1591 modi:
1031 1541 1066 1588 tu
1100 1531 1143 1586 de

74 1639 206 1696 fenore
234 1671 270 1681 -
292 1639 422 1695 iubeas
444 1647 479 1695 et
499 1639 566 1696 hoc
587 1637 750 1713 portenti
772 1657 842 1696 non
864 1639 947 1710 liat,
973 1647 1011 1695 ut
1033 1665 1069 1680 ·-
1094 1635 1142 1692 vi·

74 1742 184 1800 deas?
207 1761 265 1799 uno
288 1745 375 1800 modo
398 1743 520 1820 intelligi
543 1741 667 1819 potest,
683 1754 715 1800 ut
736 1762 801 1801 cum
827 1745 1019 1802 admiratione
1041 1751 1070 1799 et
1089 1741 1142 1798 irn-

73 1849 252 1924 probetione
273 1849 449 1925 proferatur.
504 1849 562 1908 Sed
596 1867 690 1924 neque
725 1866 778 1923 per
812 1867 844 1905 se
874 1849 997 1907 tribunis
1019 1849 1143 1924 superbe

73 1953 252 2030 negantibus
280 1955 434 2012 convenire
455 1955 571 2011 videtur
597 1953 658 2009 baec
680 1952 835 2010 admiratio
858 1963 887 2011 et
910 1955 1070 2030 indignatio
1092 1972 1142 2010 ne·

74 2060 187 2133 quein
209 2077 273 2116 earn
296 2069 364 2135 apte
384 2059 571 2118 includuntur
591 2075 644 2128 ea,
674 2077 738 2133 qua
760 2059 877 2134 Appius
901 2079 939 2118 ex
960 2079 1013 2118 suo
1035 2059 1142 2117 iudicio

73 2165 294 2222 intermiscetet
305 2166 436 2241 adiungit
447 2171 495 2237 (et
513 2165 579 2222 boc
595 2165 759 2238 portenti
781 2183 851 2220 non
872 2163 1032 2235 fimeto).
1061 2169 1143 2240 Apta

79 2271 143 2326 bac
172 2277 257 2326 erunt
280 2279 309 2326 et
331 2271 500 2340 commoda,
529 2269 554 2326 si
582 2267 682 2324 sedate
714 2268 756 2324 sic
778 2268 977 2344 proferentur,
1009 2279 1041 2328 ut
1061 2287 1142 2345 paene

78 2373 221 2448 ambigua
242 2373 317 2431 inter
338 2375 468 2432 tribunos
490 2383 519 2432 et
538 2373 668 2448 Appium
691 2375 786 2432 oratio
807 2375 858 2444 sit;
881 2375 923 2450 (et
939 2377 980 2432 ita
990 2376 1144 2444 inducitur,

77 2479 177 2554 posito
199 2479 334 2554 inquit:
364 2481 466 2549 nain,
487 2479 604 2536 heisst
626 2479 688 2551 es):
710 2481 806 2550 Non,
829 2481 965 2555 inquit,
1001 2481 1144 2552 licebit,

77 2591 115 2646 ll
140 2585 184 2642 de
204 2583 331 2642 fenore
353 2592 461 2657 atqua
484 2603 590 2660 agro,
613 2585 707 2658 quod
730 2585 773 2641 ad
796 2603 861 2642 voe
882 2587 1057 2660 pertinet,
1089 2585 1143 2641 iu·

76 2691 168 2748 beas
197 2699 232 2746 et
260 2692 326 2748 hoc
353 2691 517 2764 portenti
548 2707 616 2746 non
651 2688 723 2746 fiat
743 2691 778 2747 in
800 2691 888 2748 urbe
908 2693 1077 2760 Romana,
1106 2698 1144 2747 ut

77 2825 118 2838 -·
148 2795 287 2853 videas.
348 2795 431 2868 (Non
459 2795 556 2852 licebit
578 2796 639 2852 baec
672 2795 730 2852 duo
760 2813 915 2872 separare,
949 2795 1070 2851 alterurn
1091 2795 1144 2852 tibi

74 2899 195 2974 plebeio
209 2899 402 2968 commodum,
416 2900 538 2957 alterum
554 2899 615 2970 tibi,
627 2909 659 2957 ut
675 2901 818 2972 omnibus,
833 2901 1036 2973 intolerabile.)
1059 2901 1144 2958 Duas

74 3005 193 3062 litteras
214 3005 390 3078 transposui.

165 3109 238 3186 Cap.
266 3113 315 3179 ll,
338 3113 354 3166 t
380 3105 427 3186 (iu
449 3109 550 3168 eadem
573 3107 731 3182 oratione):
758 3109 810 3166 De
843 3109 1069 3185 indignitate
1090 3130 1143 3169 sa·

75 3215 127 3271 tis
150 3215 285 3274 dictum
309 3223 377 3282 θεῖς
415 3217 547 3274 etenim
581 3216 744 3292 dignitas
778 3213 1005 3272 adhomines
1027 3216 1143 3290 perti·

77 3327 153 3377 net:
175 3319 259 3393 quid
282 3319 323 3376 de
344 3320 591 3394 religionibus
613 3331 724 3396 atque
745 3319 939 3394 auspiciis,
969 3339 1043 3395 qute
1063 3339 1143 3396 pro·

76 3425 162 3499 pria
183 3425 329 3482 deorum
352 3425 612 3483 immortalium
635 3425 859 3500 contemptio
882 3424 1143 3499 atqueiniuria

77 3539 144 3596 est,
177 3529 328 3603 loquar?
374 3530 449 3588 Mira
478 3547 568 3587 causa
588 3529 720 3600 additur,
748 3547 800 3587 our
820 3530 891 3588 satis
913 3529 1019 3588 dictum
1042 3531 1078 3587 de
1099 3529 1142 3586 iu·

76 3633 220 3708 dignitate
241 3634 292 3705 sit,
325 3653 388 3710 quae
418 3653 513 3709 neque
542 3635 611 3692 addi
632 3651 761 3710 unquam
791 3637 866 3694 solet
895 3637 926 3693 in
947 3636 999 3693 tali
1020 3635 1143 3692 transitu

77 3739 116 3794 ad
140 3739 234 3796 maius
268 3751 296 3797 et
318 3759 371 3814 per
393 3757 423 3796 se
445 3739 525 3796 nulla
547 3749 604 3810 est,
626 3740 727 3815 quidni
752 3740 826 3798 enim
844 3741 930 3798 liceat
946 3741 1143 3817 copiosissime

76 3845 115 3901 de
137 3863 168 3902 re
190 3845 228 3902 ad
251 3845 381 3902 homines
402 3845 556 3919 pertinenti
578 3843 694 3903 dicere?
728 3855 756 3902 et
779 3846 853 3903 dixit
873 3847 944 3905 satis
966 3847 1057 3906 multa
1078 3849 1142 3923 Ap·

75 3948 152 4024 pius.
200 3951 283 4024 Apta
306 3951 361 4008 erit
376 3951 516 4008 orationis
538 3950 643 4021 lomna,
666 3970 724 4008 uua
745 3949 842 4008 littera
865 3961 990 4010 mutata:
1011 3953 1063 4010 De
1087 3953 1142 4010 in·

75 4053 261 4128 dignitate
299 4057 394 4113 satis
416 4055 551 4114 dictum
581 4067 645 4114 est.
718 4057 866 4114 Atenim
900 4057 1064 4132 dignitas
1099 4059 1142 4116 ad
