2800 4646
595 293 655 349 415
956 287 1153 340 ulexxxiii.

94 475 224 534 undum
263 475 435 551 aMagno
467 473 681 533 Alexandro
711 473 850 544 leneus,
880 471 975 531 filiis
1012 474 1154 534 duobus

95 581 309 658 Philippum
331 588 441 655 atque
462 579 712 638 Alexandrum
734 587 769 637 et
790 577 879 637 filia
899 581 1074 656 Apamam
1096 599 1153 640 ne-

95 687 192 745 mina
212 687 455 764 imposuerat,
490 704 594 761 quain
615 687 729 764 regiis
751 686 948 762 (Amynandri
965 685 1156 766 Athamania)

95 793 273 853 inclutam
295 793 434 870 nuptiis
467 791 587 851 maior
612 811 656 850 ax
683 792 867 852 fratribus
887 791 1084 869 Philippus
1105 810 1155 850 se·

95 907 200 958 entus
222 899 257 956 in
268 898 525 958 Athamaniam
546 897 682 959 luerat.
726 897 802 958 Mire
823 898 931 956 femina
950 897 1051 974 regulo
1065 907 1157 974 nupta

95 1006 196 1064 statim
220 1005 329 1064 incluta
351 1005 396 1063 liis
417 1004 525 1080 nuptiis
547 1003 664 1074 dieitur,
686 1015 825 1080 tanquam
846 1004 970 1062 nominis
991 1005 1156 1064 claritasad

95 1110 272 1188 longinquos
293 1119 322 1168 et
342 1120 475 1187 posteros
496 1121 660 1187 propagate
676 1110 861 1187 significetui,
877 1120 906 1168 et
918 1109 1008 1170 frater
1020 1111 1157 1170 inclutam

98 1217 208 1296 nuptiis
229 1227 354 1288 sanutus,
380 1229 519 1294 tauquam
547 1215 628 1274 lama
660 1237 676 1274 e
708 1217 867 1292 longinquo
897 1217 986 1274 allata
1007 1217 1157 1276 excitatus.

95 1323 210 1401 Opinoi·
231 1339 291 1382 uua
317 1321 414 1382 littera
445 1324 612 1382 aberratum
633 1341 715 1393 esse,
746 1343 834 1399 quum
857 1322 957 1381 Livius
979 1323 1157 1399 scripsissem

95 1449 201 1505 quem
221 1429 334 1506 regiis
355 1429 533 1494 lisinis·
554 1428 704 1505 nuptiis.
732 1475 760 1490 ..
788 1429 985 1506 Philippus
1006 1437 1157 1488 secutus

94 1537 130 1595 in
154 1537 411 1596 Athamaniam
433 1535 563 1594 fuerat.
616 1536 697 1594 Nam
735 1536 921 1613 illigatam
957 1535 1070 1612 lougius
1097 1535 1157 1594 dis-

93 1637 213 1716 cedit.¹)
1056 1634 1066 1648 ’

471 1897 549 1974 Lib.
587 1899 770 1974 XXXVI.

114 2111 121 2119 ·
154 2147 157 2152 ,
181 2085 252 2162 Cep.
275 2087 303 2159 2,
329 2093 358 2144 l:
380 2087 447 2146 His
469 2088 519 2146 ita
541 2089 576 2146 iu
594 2097 727 2146 senatu
748 2088 792 2146 ad
812 2088 1062 2164 id,quoeouius
1080 2107 1159 2168 pio·

95 2193 219 2251 vincia
237 2191 350 2262 foret,
371 2193 557 2265 decretis,
577 2203 650 2251 tum
672 2194 808 2254 demum
830 2195 960 2252 sortiri
986 2195 1155 2254 eonsules

96 2379 295 2389 ——-—

116 2514 141 2583 ¹)
172 2519 233 2584 Gap.
252 2525 295 2580 49,
321 2526 350 2571 ta
370 2521 408 2584 (iu
426 2519 458 2570 Τ.
478 2519 593 2581 Quinctii
610 2523 726 2572 oratioue
744 2524 771 2572 iu
790 2524 899 2574 aeneide
917 2521 1084 2585 Achaeorum)
1103 2533 1157 2572 uon

170 2614 252 2663 minus
269 2627 339 2662 unns
356 2627 432 2676 quam
456 2613 518 2663 olim
545 2615 590 2677 (ad
609 2612 665 2667 Cic.
689 2614 746 2664 libi.
769 2621 780 2665 1
800 2617 832 2666 de
850 2616 909 2672 uin.
927 2631 949 2667 e.
969 2618 983 2665 7
1002 2629 1027 2682 p.
1046 2612 1091 2677 tl)
1109 2613 1156 2664 mi·

170 2721 220 2766 roi,
238 2706 282 2771 qui
299 2705 398 2756 laetum
415 2705 455 2766 sit,
473 2715 502 2754 ut
520 2707 676 2756 incautiores
695 2720 783 2757 omues
802 2707 1013 2760 Drakenboiehio
1027 2709 1158 2760 creuerant

171 2799 341 2850 ieeteseiibii
360 2797 436 2850 ilani
455 2801 542 2863 qued
560 2799 715 2864 optimum
734 2813 805 2850 esse
821 2801 951 2858 dicant,
974 2816 1037 2852 unu
1054 2802 1158 2852 iuter·

169 2893 245 2956 poni
268 2905 326 2940 ios
350 2891 453 2950 ballo,
486 2891 572 2940 nihil
597 2892 665 2941 imo
689 2901 750 2941 tam
769 2893 910 2944 alienum
929 2896 1022 2946 iebus
1040 2893 1159 2944 vestiis

170 2992 226 3034 est.
263 2982 445 3034 Coniunctirus
463 2984 530 3034 euim
549 2983 575 3032 in
592 2983 643 3032 hoc
662 2997 768 3046 genere,
787 2986 830 3035 ubi
849 2987 975 3038 iudicetur
992 2987 1024 3036 de
1036 3001 1063 3036 re
1081 2984 1158 3046 lanta,

170 3077 202 3125 de
220 3077 345 3127 sententia
362 3075 413 3125 iam
431 3076 464 3125 ab
482 3076 540 3128 aliis
559 3076 699 3141 proposita,
717 3075 775 3127 ferri
784 3081 879 3144 nequit,
891 3080 1017 3144 longaque
1031 3081 1159 3131 diversum

171 3178 209 3220 est
226 3171 309 3232 quod
326 3169 395 3234 apud
413 3169 562 3219 Terentium
581 3184 638 3219 euru
657 3171 821 3222 coniunctivo
845 3172 1007 3238 (potentiali)
1038 3175 1075 3224 sie
1092 3173 1160 3237 posi-

171 3271 232 3324 tum,
250 3273 280 3312 ut
297 3262 444 3312 coniectura
461 3261 623 3327 praecipiatur
637 3263 681 3325 id,
700 3264 769 3328 qupd
785 3265 841 3330 quis
860 3263 970 3317 fortasse
988 3268 1100 3316 diuturni
1118 3267 1160 3326 sit,

171 3363 200 3404 nt
217 3355 299 3420 qued
318 3355 409 3404 dieas
427 3355 473 3404 sit:
492 3353 658 3418 fingamus
675 3365 707 3405 te
724 3355 853 3416 dinere3
877 3357 904 3408 si
922 3355 1008 3408 terta
1026 3359 1160 3409 dixeris.

170 3447 246 3498 lianc
264 3455 350 3497 tamen
368 3447 502 3507 Terentii,
529 3447 580 3496 hoe
597 3456 650 3508 est,
674 3449 765 3498 veteris
784 3449 908 3500 sermonis
927 3449 1068 3512 quotidiani
1086 3463 1161 3499 usum

171 3549 272 3590 secutus
290 3549 330 3590 est
349 3539 440 3591 Cieeio
465 3555 517 3590 non
542 3540 625 3590 solum
648 3541 675 3590 iu
693 3540 782 3592 Pisen.
808 3555 832 3593 e.
850 3545 893 3602 2⁷,
911 3546 960 3600 td,
982 3556 1058 3605 quens
1076 3543 1160 3592 loanni

171 3633 232 3682 olim
250 3647 303 3682 uon
320 3641 388 3684 reete
407 3634 500 3684 tentavi
520 3633 608 3698 (Nam
626 3634 709 3697 quod
734 3632 827 3684 vobis
856 3633 918 3684 iste
943 3636 1162 3685 tautummodo

171 3726 346 3790 improbus,
365 3726 514 3777 crudelia
533 3762 557 3776 ..
577 3741 651 3776 esse
668 3726 831 3788 videatur,
847 3725 929 3776 nihil
949 3727 1071 3777 scitote
1089 3741 1162 3777 essa

172 3819 408 3882 luxuriosius),
426 3819 567 3878 sedetiam,
581 3817 706 3882 quilnens
721 3832 762 3867 me
781 3826 808 3868 et
825 3818 890 3868 alios
902 3817 976 3882 fugit,
994 3818 1067 3868 Veii.
1076 3819 1111 3879 V,
1119 3823 1162 3880 68,

175 3905 350 3971 ltti'Quod
378 3911 461 3961 euim
491 3920 520 3962 te
547 3911 723 3960 liberatum
747 3911 808 3962 iam
837 3911 1059 3976 ...cogites,
1084 3911 1163 3961 mihi

172 4007 284 4066 erede,
303 4015 352 4057 eet.
400 4005 478 4070 Apud
497 4005 600 4056 Livium
620 4003 752 4056 creveritis
776 4011 843 4055 iente
861 4005 975 4056 dicunt
1000 4004 1109 4056 edidisse
1127 4008 1163 4052 ii-

172 4097 254 4150 detur.
