2826 4650
308 216 364 266 Lib.
383 217 431 268 Ill.
781 219 818 274 78

265 400 311 476 gis
334 409 444 476 caput
466 401 721 476 repetentium,
746 399 824 474 quod
845 399 882 456 de
903 401 1165 478 duceintelligitur‚
1186 411 1344 478 repertum

267 505 355 563 ullum
378 517 449 574 erat,
473 509 578 581 (neque
602 507 678 563 enim
701 514 818 562 senatus
838 506 991 564 universus
1013 517 1122 583 caput
1142 508 1344 582 repetentium

267 611 325 669 dici
345 612 404 670 ullo
425 615 512 671 modo
535 623 665 689 poterat,
690 631 754 687 quae
778 612 936 687 appellatio
958 613 997 670 ad
1017 631 1105 686 unum
1129 613 1257 687 aliquem
1283 614 1345 670 ho-

267 717 373 774 minem
408 719 546 792 pertinet,
583 729 616 775 ut
646 727 735 792 capnt
761 717 895 793 cepitave
931 719 1139 776 coniurationis
1168 719 1344 791 dicuntur),

266 843 320 880 neo
339 833 450 900 caput
472 835 523 881 aut
544 824 604 880 dux
626 821 680 883 fit.
725 823 819 878 Breve
841 821 958 880 faciam.
1001 824 1139 881 Nondum
1163 824 1200 880 de
1216 823 1344 880 homine

267 929 380 1004 agitur,
407 929 458 987 sed
481 929 517 986 de
546 928 588 986 rei
611 928 731 1002 agenda
752 927 833 984 initio
856 947 890 986 ec
912 947 972 1004 sps.
1017 929 1122 1003 Itaque
1143 938 1258 1004 partem
1286 928 1343 985 ali·

266 1055 355 1110 quarn
380 1036 441 1093 veri
461 1033 598 1109 Sigonius
620 1032 701 1102 vidit,
723 1033 773 1108 qui
793 1035 880 1092 scribi
901 1035 1007 1091 voluit:
1029 1035 1098 1092 iam
1120 1044 1232 1109 caput
1246 1032 1343 1090 fieri

266 1141 455 1199 libertatis
476 1138 685 1215 repetendae
697 1138 835 1210 [debebat
850 1141 952 1197 saltem
971 1141 1106 1216 propius:
1121 1139 1342 1196 libertatem

268 1247 487 1321 repetendi);
507 1263 589 1302 suam
608 1243 696 1312 enim,
719 1244 832 1319 opinor,
855 1247 1049 1304 coniecturam
1072 1245 1161 1303 vetari
1183 1245 1262 1302 libro
1287 1245 1342 1301 tri-

266 1351 335 1408 buit,
382 1351 440 1408 Sed
463 1359 573 1426 caput
595 1349 631 1406 de
652 1348 733 1406 initio
756 1349 799 1406 rei
820 1351 940 1426 agendae
962 1369 1110 1426 nunquam
1126 1351 1232 1408 dicitur
1254 1361 1287 1409 et
1310 1352 1342 1408 in

171 1471 179 1482 ·
265 1459 508 1532 repetentium
530 1455 774 1533 pluslatctquam
799 1457 1003 1532 repetendi.
1042 1456 1206 1532 Scripserat
1219 1458 1341 1515 Livius:

265 1567 337 1622 iam
359 1564 540 1644 patelieri
559 1562 770 1618 libertatem
787 1563 980 1637 repetendi
1001 1561 1146 1632 ulmal
1168 1581 1205 1619 se
1226 1564 1341 1638 plebs

264 1681 320 1730 cet.
365 1668 608 1744 Antiquissimum
633 1665 769 1723 mendum
798 1667 1026 1725 coalescentibus
1047 1668 1144 1726 verbis
1166 1680 1341 1744 repeten-

263 1775 405 1833 diuiem
428 1783 547 1842 natum,
569 1773 672 1829 deinde
693 1772 896 1847 interpolando
917 1774 1091 1832 occultatum
1115 1770 1200 1850 θεῖ’).

348 1879 446 1955 *Cap
462 1882 510 1948 40,
527 1882 559 1934 7:
584 1877 671 1936 Alia
692 1877 894 1948 sententia,
916 1880 1085 1955 asperior
1105 1881 1140 1938 in
1162 1881 1339 1956 speciem,

163 2053 171 2058 ,
263 1990 339 2047 vim
361 1987 536 2044 minorem
560 1982 753 2057 aliquanto
776 1983 916 2054 habuit,
939 1986 1208 2062 quaepatricios
1231 1988 1340 2044 coire

266 2095 308 2152 ad
330 2089 554 2170 prodendum
570 2089 792 2164 interregem
814 2089 977 2149 iubebat.
1022 2090 1215 2150 Censsndo
1239 2095 1338 2151 enim

265 2216 505 2277 quoscunque
545 2195 786 2271 magistratus
817 2212 910 2266 esse,
944 2196 1004 2270 qui
1028 2207 1192 2256 senatum
1214 2200 1337 2258 habe-

265 2315 360 2376 rent,
386 2302 598 2372 iudicabat,
625 2317 715 2375 quos
738 2299 907 2375 privatos
935 2301 1078 2360 fecerat
1099 2314 1228 2362 auctor
1249 2307 1337 2363 nul-

266 2414 337 2472 lius
359 2411 429 2472 sci
463 2408 637 2467 faciendi.
691 2407 788 2463 Locus
820 2406 867 2464 hic
905 2416 934 2464 et
967 2409 1122 2466 emendare
1144 2419 1173 2468 et
1194 2431 1337 2470 enarrare

265 2519 432 2579 conantium
460 2515 561 2574 studiis
591 2514 752 2572 celebratus
783 2521 843 2582 est,
872 2531 994 2587 quorum
1021 2525 1118 2573 tamen
1144 2535 1230 2574 nemo
1261 2517 1335 2575 effe·

265 2624 314 2694 cit,
334 2633 367 2680 ut
386 2621 577 2679 tolerabiliter
598 2618 813 2695 appellarentur
832 2617 874 2674 illi
898 2619 1108 2695 quicunque
1136 2623 1335 2697 magistra·

265 2739 337 2798 tus3
364 2747 449 2785 nam:
479 2726 604 2783 iudico
627 2737 661 2782 te
686 2739 935 2797 quemcunque
963 2726 1220 2801 magistratum
1252 2747 1335 2786 esse

265 2853 319 2910 pro
341 2852 386 2904 eo,
408 2831 487 2907 quod
508 2839 565 2889 ast:
593 2829 722 2888 iudico
744 2838 781 2887 te
803 2829 1058 2904 magistratum
1082 2851 1174 2904 csse,
1196 2836 1336 2909 qualis·

266 3034 466 3044 ——--—-

294 3185 319 3253 ¹)
342 3189 406 3252 Cap.
425 3191 466 3246 39,
486 3193 502 3236 t
522 3188 591 3251 quod
609 3187 784 3251 disputaturus
803 3202 881 3247 eram,
899 3188 1089 3253 appellatos
1109 3189 1178 3238 mala
1197 3191 1334 3240 mauuad·

337 3282 419 3330 ditum
445 3294 518 3340 esse,
551 3277 760 3329 Weissenbomio
790 3280 817 3328 in
836 3286 946 3328 mentem
971 3281 1071 3330 venisse
1089 3281 1173 3334 rideo.
1218 3283 1335 3333 Auditur

337 3371 512 3437 appellari.
557 3371 653 3421 Praeter
675 3371 801 3420 rationem
821 3372 1013 3434 grammaticam
1033 3375 1204 3424 neceesarium
1223 3374 1268 3439 (-
1289 3376 1334 3424 de·

336 3465 414 3514 bebat
431 3461 497 3510 enim
517 3461 580 3511 dici:
603 3477 663 3525 quo
689 3462 844 3513 Romulus
870 3463 1091 3529 deincepsque
1109 3481 1202 3529 reges
1221 3467 1334 3531 appel·

334 3557 397 3606 lati
416 3556 482 3604 sint
492 3552 1149 3620 -)mauitestointerpolationemsententiaargum
1168 3561 1333 3624 nequeenim

335 3647 368 3697 ad
387 3661 439 3696 rem
459 3645 578 3712 pertinet,
598 3659 672 3707 regas
690 3655 752 3706 tum,
764 3661 841 3710 quum
862 3657 955 3706 essent,
974 3649 1045 3712 regio
1068 3650 1172 3699 nomine
1190 3650 1335 3714 appellatos

337 3753 401 3800 esse,
419 3739 463 3788 sed
482 3745 510 3786 ut
522 3739 678 3799 ostendatur,
698 3753 750 3787 nou
768 3739 847 3802 ipsius
865 3739 974 3789 nominis
992 3739 1108 3791 homines
1117 3748 1252 3805 pertaesum
1268 3755 1334 3800 esse,

336 3833 542 3894 demonstratur,
561 3844 629 3879 nunc
647 3843 748 3893 quoqne
772 3838 798 3880 ct
816 3832 843 3879 in
861 3831 930 3880 Iovis
946 3831 1120 3896 appellatione
1139 3835 1209 3882 etin
1228 3835 1333 3884 Romuli

337 3930 529 3986 ceterorumque
548 3935 636 3984 regum
659 3923 789 3972 mentione
809 3933 835 3972 ct
852 3923 879 3971 in
897 3925 976 3974 sacris
995 3913 1198 3974 retinerinomen
1211 3935 1334 3990 tanquam

336 4013 513 4064 honorificum.
