2800 4646
270 223 329 273 ms.
352 221 439 272 xxn.
741 229 800 286 232

235 425 339 481 quem
362 407 478 483 megis
499 408 626 465 hostes
654 430 722 486 pro:
753 412 853 470 cives
881 413 951 470 tibi
974 413 1092 489 magis
1114 429 1219 488 quam
1240 414 1305 468 luo-

235 518 335 582 stes),
365 515 413 583 52,
440 517 449 570 l
488 515 655 580 (brechio
687 515 841 576 flumine
863 518 1011 576 obiecto
1040 519 1208 577 excludit
1229 535 1304 593 pro:

236 618 304 678 obi.
326 617 447 686 llum).
496 619 544 676 Ex
566 621 708 696 proximis
731 623 823 682 tribus
837 623 919 682 libris
942 624 1002 682 hsec
1024 643 1041 680 ο
1062 623 1193 699 pluribus
1215 632 1304 680 note-

235 725 277 780 vi:
300 725 425 796 XXIII,
454 729 498 792 16,
518 731 535 783 4
560 727 818 799 (Romanorum
839 737 988 803 coeptes,
1013 728 1304 804 sequeuteAlsclrel·

236 831 322 903 skio),
346 832 394 900 32,
421 835 456 887 14
480 832 534 902 (ud
559 832 650 890 diem
669 833 983 906 conveniendum),
1006 835 1126 906 XXIV,
1154 836 1204 904 28,
1229 836 1247 892 9
1273 843 1308 891 et

237 938 286 1006 39,
310 939 327 992 9
351 936 397 1000 (de
420 954 478 1011 quo
489 935 555 994 looo
580 932 700 1012 dicem),
723 939 827 1008 XXV,
854 941 899 1008 13,
923 940 940 996 8
964 939 1077 1010 (circe
1105 941 1148 998 uri
1170 959 1307 998 cousu-

236 1041 291 1098 les
313 1041 517 1100 Bovianum
546 1061 615 1118 pro:
645 1045 689 1100 ed
721 1063 811 1103 coss.
841 1045 942 1103 eirca
963 1044 1022 1120 Β.),
1057 1050 1106 1115 40,
1137 1049 1147 1104 l
1175 1051 1307 1113 (orne-

237 1157 356 1204 mente
378 1147 481 1222 signe
504 1149 617 1220 urbis)
650 1159 679 1206 et
709 1153 727 1208 8
760 1149 879 1228 (quem
909 1149 1051 1210 fiducie
1082 1153 1199 1228 magis
1228 1171 1307 1228 pro:

237 1253 351 1329 magis
375 1271 479 1329 quem
502 1250 694 1328 fiducie).¹)

320 1357 417 1435 'Cep
442 1364 470 1429 4,
493 1364 525 1418 4:
557 1360 760 1418 Flaminius
893 1362 930 1419 id
953 1371 1092 1420 tentum
1120 1363 1304 1426 hostiurn,

238 1464 331 1539 quod
354 1483 396 1521 ex
418 1466 576 1526 adverso
599 1474 691 1535 eret,
713 1467 924 1542 conspexit3
946 1467 988 1524 sb
1005 1477 1108 1542 tergo
1130 1486 1169 1525 eo
1190 1486 1306 1543 super

238 1579 351 1646 caput
377 1571 539 1646 deceptus
566 1569 718 1630 insidiae.
774 1572 823 1630 Sic
854 1574 881 1630 iu
904 1573 1052 1630 codicibus
1073 1572 1217 1641 scribitur,
1249 1591 1304 1630 ex-

238 1687 322 1752 ceptu
346 1677 429 1732 unius
459 1685 488 1732 et
517 1675 634 1733 ulterius
658 1676 849 1734 recentissimi
870 1677 926 1735 levi
949 1676 1146 1745 ebemutiou03
1175 1695 1213 1734 ex
1240 1695 1304 1752 quo

239 1782 315 1857 quod
339 1781 455 1856 Lipsius
479 1780 547 1839 fecit
568 1782 759 1856 decepere,
789 1801 884 1858 neque
911 1783 1017 1841 erroris
1038 1781 1197 1856 probabilis
1215 1783 1304 1858 origo

239 1888 430 1944 demonstrari
452 1896 549 1960 potest
569 1907 663 1962 neque
685 1887 854 1963 desipere
876 1907 1002 1965 unquam
1021 1888 1050 1945 in
1063 1907 1152 1962 prosa
1168 1888 1305 1946 cretione

239 2001 282 2050 est
306 1991 456 2060 fellere,
486 1991 619 2064 lutere,
649 1981 849 2055 λανθάνειν.
894 1993 1048 2067 Quodnam
1071 1993 1161 2051 luteet
1181 1994 1304 2069 pertici·

238 2097 333 2173 pium,
373 2097 401 2153 in
446 2115 504 2172 quo
544 2099 715 2174 significatio
748 2119 817 2157 non
856 2100 1190 2158 animadversurum
1223 2099 1303 2168 insit,

239 2201 356 2260 difficile
389 2213 431 2260 est
469 2203 556 2260 dictu.
605 2205 685 2262 Nam
717 2205 857 2263 relictus
887 2205 1003 2280 longius
1035 2203 1105 2262 ebit.
1162 2204 1306 2260 Fortasse

239 2309 376 2385 scriptum
400 2307 509 2366 meret:
543 2310 585 2366 ab
613 2317 717 2384 tergo
744 2321 780 2368 et
801 2330 910 2386 super
936 2319 1046 2386 ceput
1068 2319 1225 2383 accepte
1246 2309 1306 2366 in·

239 2415 357 2484 sidioe,
398 2424 428 2470 ut
459 2433 522 2472 cum
552 2415 684 2472 acumine
713 2415 839 2489 quodem
868 2415 1028 2474 Flaminius
1050 2415 1227 2490 significetur
1254 2433 1307 2471 ees

239 2522 350 2580 subisse
373 2530 402 2578 st
422 2521 452 2578 in
476 2539 526 2578 css
549 2539 580 2577 se
605 2519 758 2596 (tauquam
781 2521 810 2577 in
832 2527 908 2589 rete)
931 2515 1100 2588 induisse.²)

259 2806 283 2872 ¹)
311 2809 374 2873 Cep.
398 2816 422 2866 3,
450 2813 534 2856 bnon
554 2807 672 2870 expletur
695 2805 788 2854 leounn
816 2821 868 2854 uno
897 2805 975 2854 verbo
1000 2805 1167 2854 dedisset
1213 2803 1307 2868 Nequc

310 2903 376 2952 enirn
395 2901 482 2950 Livius
500 2899 656 2948 Flaminium
676 2898 832 2956 induxisset,
863 2907 998 2961 postquem
1018 2913 1045 2946 se
1064 2913 1098 2946 ex
1116 2894 1224 2944 consilio
1243 2910 1305 2958 pro-

310 2993 437 3056 ripuisset.
457 2991 525 3056 opud
546 2992 734 3050 sorbonicus,
755 2991 797 3054 qui
818 2989 926 3040 consilio
944 3004 995 3038 uon
1017 2987 1185 3038 interfuerunt
1204 2987 1305 3050 (·-qui

311 3093 434 3148 proetsreu
445 3097 477 3131 ne
489 3084 567 3131 verbo
580 3083 683 3146 quidem
696 3082 872 3145 significentur
884 3081 936 3143 —),
956 3083 1097 3131 cretionem
1110 3081 1143 3129 ub
1154 3081 1194 3129 bis
1205 3079 1307 3129 verbis:

311 3177 372 3225 iuro
391 3177 566 3224 sedeumus
590 3175 746 3232 ormontem,
768 3175 795 3223 in
814 3175 906 3238 quibus
930 3175 1006 3230 imo,
1033 3187 1084 3236 quo
1102 3171 1234 3230 referetur,
1253 3189 1306 3222 non

313 3269 396 3318 behet.
1300 3257 1303 3264 ’

258 3356 284 3422 ²)
314 3361 344 3410 ln
364 3371 509 3410 trunscursu
528 3361 621 3408 dicem.
641 3359 708 3422 upurl
728 3357 862 3421 Polybium
876 3356 926 3416 Ill,
940 3362 982 3416 8³,
1002 3364 1018 3406 4
1037 3357 1063 3406 in
1082 3357 1171 3408 herum
1191 3357 1305 3421 ipserum

312 3454 459 3504 insidinrum
479 3453 657 3515 descriptione,
677 3467 723 3514 pro
742 3445 813 3501 κατὰ
832 3442 935 3514 ταύτην
953 3442 1002 3514 τὴν
1020 3445 1130 3502 εἴσοδον
1154 3465 1167 3498 e
1187 3451 1306 3500 codicum

312 3547 396 3608 (Dur
422 3546 489 3609 epod
509 3543 668 3605 Bckkerum)
695 3543 809 3604 vcsIIgiir
836 3535 895 3604 (sini
912 3535 1027 3606 ταύτην)
1054 3541 1216 3592 scribendum
1237 3557 1309 3593 osse:

311 3633 370 3689 κατ’
390 3631 477 3705 αὐτὴν
496 3633 546 3705 τὴν
564 3634 680 3688 εἴσοδον.
721 3635 796 3698 Apud
817 3634 917 3683 Livium
937 3648 959 3680 c.
980 3635 1003 3690 7,
1023 3638 1047 3691 4,
1066 3633 1109 3682 ubi
1130 3635 1242 3683 nuncin
1262 3635 1309 3686 PC

314 3739 439 3794 rcpcrtum
460 3737 511 3778 est:
533 3729 618 3777 nihil
636 3736 766 3778 bustum
782 3729 844 3788 (non
863 3723 1029 3788 haustum)
1043 3739 1080 3774 ex
1098 3741 1181 3775 runo
1198 3727 1309 3786 velim,

313 3837 372 3870 vers
395 3831 433 3870 est
451 3821 561 3870 Wnlchii
581 3821 727 3868 coniectum
745 3827 872 3867 suctum
892 3817 1036 3870 scribentis.
1082 3815 1201 3866 Hebebst
1225 3825 1251 3866 et
1270 3818 1309 3866 el·

315 3923 367 3964 tere
387 3913 471 3968 tems,
496 3927 547 3975 que
569 3913 666 3961 numeri
691 3913 863 3974 urgebuntur,
895 3917 1027 3970 auctorem
1051 3909 1137 3974 ltaque
1160 3908 1262 3968 Livius,
1287 3911 1309 3959 ei

316 4021 371 4056 enm
391 4013 494 4056 secutus
513 4013 591 4062 esset,
611 4019 662 4052 non
683 4018 716 4052 ex
734 4018 801 4052 reno
819 4003 947 4052 beusieset
965 4001 1112 4066 (slomnino
1131 4001 1224 4049 dicitur
1242 4007 1311 4050 recte
