2826 4640
760 281 819 337 ⁴90

255 462 322 520 inde
343 461 403 519 suis
431 461 503 519 locis
531 460 657 518 collectis
688 461 829 537 exemplis
852 462 970 521 notnbo.
1024 461 1059 518 Iu
1083 463 1180 520 verbis
1200 463 1326 538 singulis

255 565 421 642 pluribusve
453 567 618 624 omittendis
656 575 766 641 quante
799 566 886 624 irretit
916 567 1028 624 librerii
1062 570 1240 645 negligentis
1261 589 1324 627 non

256 672 349 730 solum
376 672 425 730 ubi
454 673 554 730 eedem
586 673 728 730 similiave
755 673 901 730 vocabule
928 691 1022 748 psrvo
1044 671 1197 730 intervallo
1225 671 1327 745 posits

256 797 382 835 errorem
415 779 599 849 obiecerunt,
636 780 696 837 ism
727 797 764 835 ex
791 779 885 836 indice
913 777 964 835 illo
991 779 1123 836 Iocorum
1151 796 1169 831 e
1192 775 1326 851 Grynaee

256 884 411 940 verborum
432 883 594 942 adiectione
614 883 813 960 suppleturum
836 884 956 960 intelligi
977 893 1084 960 potest,
1108 901 1194 958 quem
1209 881 1325 958 Kreys-

257 988 346 1064 sigius
367 991 478 1048 Annot.
495 1009 523 1064 p.
543 989 695 1065 llposuit,
718 990 770 1046 etsi
792 989 817 1047 is
839 999 868 1046 et
890 991 1030 1065 plurimos
1051 991 1117 1047 illos
1135 988 1225 1056 locos,
1247 1004 1326 1061 qnos

257 1096 314 1152 iem
335 1094 484 1153 Bekkerus
508 1103 675 1158 notaverat,
710 1095 807 1153 omisit
828 1103 857 1152 et
879 1095 1038 1170 permultos
1060 1094 1133 1152 ulios
1153 1111 1248 1167 neque
1271 1111 1325 1149 ens

257 1201 376 1258 lacones
385 1201 548 1257 numeravit
568 1201 639 1258 sutis
661 1201 767 1258 multas
790 1201 995 1276 molestasque,
1019 1218 1092 1274 ques
1105 1210 1155 1256 sut
1176 1198 1325 1274 Gryneus

257 1305 370 1362 notovit
391 1315 511 1376 tanturn,
534 1306 669 1381 supplere
690 1323 778 1363 ansus
798 1317 912 1364 nonest
933 1305 1096 1378 (utstatim
1121 1305 1196 1362 XLI
1217 1323 1244 1362 c.
1270 1305 1325 1370 21,

258 1413 291 1481 9,
319 1429 341 1470 c.
375 1413 429 1481 23,
453 1413 505 1482 31,
528 1419 579 1467 eut
600 1413 638 1468 eb
665 1431 700 1468 eo
725 1431 783 1469 non
805 1412 1039 1482 animadversas,
1062 1411 1166 1468 saltem
1187 1427 1244 1465 non
1268 1427 1324 1465 no-

257 1525 333 1574 tetus
365 1515 540 1592 posteriores
567 1513 736 1588 notarunt¹)
768 1519 813 1590 (ut
834 1517 962 1576 eiusdem
983 1517 1059 1574 libro
1081 1535 1107 1574 c.
1133 1518 1181 1584 22,
1206 1519 1221 1572 1
1246 1513 1324 1573 Cre·

327 1853 382 1901 Lib.
402 1849 485 1910 XLII,
506 1855 547 1910 ⁵7,
569 1857 579 1900 1
601 1867 680 1914 quum
699 1854 863 1903 scribendum
882 1863 962 1903 essett
987 1855 1071 1903 unde
1097 1854 1216 1903 bellum
1235 1855 1325 1902 ordi-

327 1952 448 2000 rentur,
467 1944 568 1993 omissis
586 1959 671 1995 erroro
691 1947 782 1996 litteris
801 1963 850 2004 or,
876 1962 909 1996 ex
930 1945 1079 1996 ditentur
1097 1945 1215 1996 effectum
1239 1947 1325 1994 diri-

327 2041 492 2084 merentur
522 2037 560 2100 (iu
587 2051 637 2101 quo
668 2039 727 2088 loco
754 2039 978 2088 Weissenboruius
1007 2040 1129 2103 deceptus
1157 2037 1215 2102 est).
1265 2039 1324 2088 Lib.

328 2127 425 2188 XLIII,
447 2133 486 2187 rt,
506 2133 521 2178 2
541 2129 659 2179 librerius
678 2131 780 2180 inanem
800 2133 932 2182 sentcntiae
952 2132 1063 2195 speciem
1082 2132 1109 2180 in
1128 2140 1250 2194 quattuor
1268 2147 1325 2180 rer·

328 2223 375 2272 bis.
394 2220 491 2283 reliquo
509 2223 625 2269 erutione
645 2222 770 2286 neglecta,
790 2239 900 2288 sequens
919 2240 965 2289 pro
984 2233 1117 2288 propter
1135 2224 1324 2272 Macedoni·

328 2329 399 2364 euru
420 2312 542 2362 bellum
562 2328 638 2362 curn
665 2317 766 2380 scripsit
783 2327 920 2381 propter
939 2315 1153 2366 Macedonici
1170 2317 1254 2365 belli
1275 2332 1325 2365 cn·

331 2421 413 2468 rom,
433 2405 537 2464 XLIII,
572 2410 601 2464 7,
630 2412 644 2455 8
676 2410 740 2457 mire
762 2411 953 2473 perturbatione
972 2411 1004 2457 ud
1024 2409 1151 2473 posterius
1169 2407 1323 2456 vocabulum

328 2509 487 2564 praevertens,
507 2499 551 2546 sed
570 2499 662 2561 prioris
679 2499 787 2550 formum
808 2502 1000 2563 gremmsticsm
1023 2511 1127 2558 tenens,
1146 2515 1179 2547 ex
1205 2499 1259 2548 his:
1281 2501 1323 2548 in·

329 2591 492 2653 terrogsti
511 2605 572 2639 non
593 2590 829 2640 infitiarentur
848 2591 945 2642 effecit:
965 2593 1112 2642 infitiari
1139 2607 1203 2640 non
1224 2592 1324 2640 inter·

328 2691 538 2746 tegmentum
566 2683 642 2742 XLI,
675 2689 719 2744 18,
752 2685 850 2734 lmIre
873 2687 1076 2735 ndooutrurism
1094 2686 1227 2734 notionem
1250 2684 1324 2732 eber·

329 2791 396 2834 rens,
415 2775 536 2824 adiuncto
564 2777 617 2826 ulio
650 2791 749 2833 errore,
771 2793 818 2842 pro
846 2779 1038 2842 priusquam
1070 2778 1325 2841 digrederentur

328 2867 429 2931 scripsit
459 2881 549 2930 quum
576 2872 868 2930 congrederentur.
920 2869 1033 2920 Casuum
1064 2869 1151 2919 Iornris
1173 2881 1276 2916 summu
1294 2865 1324 2912 li-

329 2959 413 3007 eentin
430 2962 580 3024 permutetis
599 2961 659 3016 (etsi
682 2963 771 3010 eodem
791 2965 902 3028 pertinet
921 2962 1019 3021 XLIII,
1045 2967 1084 3019 14,
1105 2963 1133 3022 2)
1152 2958 1224 3016 XLI,
1247 2963 1287 3016 1⁹,
1306 2964 1321 3004 8

328 3067 374 3115 pro
391 3051 475 3100 haud
494 3067 608 3114 magno
627 3063 747 3103 conatu
767 3056 888 3120 seriptum
908 3061 947 3103 est
965 3053 1051 3102 hsuel
1073 3066 1206 3115 mugnus
1228 3065 1324 3099 cons·

329 3151 380 3192 tus
398 3153 424 3192 et
441 3142 523 3202 LXII,
544 3149 612 3204 sul
636 3143 667 3197 P.
687 3145 849 3202 Licinius,
863 3144 1048 3195 &Cassius
1066 3159 1112 3208 pro
1131 3145 1160 3193 P.
1181 3143 1322 3198 Licinio,

328 3235 359 3287 Ο.
376 3235 503 3295 Cassio,
522 3251 554 3286 ne
569 3237 765 3300 gurgitibus
785 3237 868 3286 iecit
886 3253 932 3302 pro
961 3237 1109 3300 gurgites
1128 3231 1323 3290 iecitXLIV,

329 3327 361 3388 8,
394 3333 571 3390 θηηωοτεηιῑ
601 3327 720 3386 (XLIV,
750 3332 780 3386 9,
803 3331 816 3376 7
836 3343 993 3392 procurre
1012 3345 1058 3394 pro
1076 3326 1323 3393 procurrebant

330 3421 462 3469 omittendi
483 3421 584 3486 culpem
604 3421 697 3481 hubet;
719 3419 750 3468 de
768 3419 892 3482 singulari
912 3422 1023 3485 quodum
1041 3435 1125 3469 errore
1143 3417 1251 3483 pessime
1271 3416 1324 3465 Ior-

329 3526 377 3561 rnoe
403 3521 491 3562 notem
517 3529 551 3562 ur
578 3513 663 3562 verbis
681 3512 771 3560 uotiuis
794 3513 953 3562 adscribendi
972 3513 1056 3562 dicem
1086 3493 1324 3568 euXLV‚'s,1s).

330 3605 420 3667 Longe
448 3605 558 3668 plurIms
588 3604 680 3652 horum
707 3613 733 3651 et
761 3594 855 3653 slmilie
879 3605 955 3653 tacite
975 3604 1117 3653 emendavit
1135 3601 1260 3666 Gryneus
1278 3614 1324 3649 nec

327 3705 388 3746 unte
408 3707 496 3747 nostre
512 3707 629 3760 tempore
647 3696 792 3754 sciebatur,
821 3697 847 3744 iu
878 3697 966 3746 codice
996 3697 1071 3746 sliter
1100 3704 1177 3759 atque
1201 3695 1325 3743 ineditis

327 3805 391 3840 etse.
427 3787 521 3839 Ceters
542 3801 644 3851 quoque
675 3788 822 3837 communie
842 3802 955 3836 errorum
980 3801 1089 3850 genere,
1114 3789 1184 3837 reiut
1201 3787 1325 3836 termine·

325 3883 425 3932 tionum
443 3881 475 3931 od
493 3881 609 3945 proxime
625 3881 906 3940 nceommodetioneur,
926 3879 1005 3930 etiem
1024 3881 1051 3928 iu
1070 3879 1120 3928 hoc
1145 3879 1233 3929 codiee
1252 3893 1326 3943 repe·

327 3974 378 4033 riri,
397 3973 462 4022 nihil
482 3985 547 4036 opus
563 3981 604 4021 est
624 3972 804 4022 demonstrari.

276 4058 300 4124 ¹)
327 4063 401 4112 Alius
421 4065 590 4126 genuisset,
620 4064 690 4128 quod
716 4063 847 4114 nonnullis
865 4063 930 4114 loeis
943 4065 1056 4114 maxime
1074 4065 1100 4113 iu
1117 4063 1183 4116 libre
1200 4064 1264 4114 XLI
1284 4065 1327 4126 (ut
