2822 4648
307 257 363 307 Lib.
382 255 430 305 IX.
779 255 834 314 180

270 461 375 518 quem
405 441 448 498 ab
475 439 616 514 equite,
652 449 808 497 retractum
840 458 875 496 co
898 457 961 498 esse
994 441 1108 499 hoste.
1158 441 1197 498 Et
1217 457 1344 515 prorsus

270 547 401 606 abundat
424 540 584 619 hoste.)¹)

354 651 426 728 Cap.
451 653 500 719 26,
530 653 545 707 7
581 649 642 725 (ubi
664 649 761 724 agitur
782 651 818 708 ds
841 651 962 708 occultis
984 651 1145 727 principum
1169 648 1342 725 Campano·

269 777 335 816 rum
360 756 607 817 coniurationibus
631 764 660 812 st
686 753 721 816 O.
750 757 856 814 Minnio
887 758 926 814 ob
953 775 1018 814 eam
1053 773 1170 813 causum
1195 755 1346 812 dictatore

271 863 377 932 dirici:
399 863 534 936 Ingens
549 869 629 917 erat
647 861 890 938 magistratus
912 863 989 920 eius
1008 861 1187 932 (dictaturae)
1202 870 1342 925 terror:

270 970 397 1042 itaque
429 967 507 1023 sive
539 967 648 1023 timor
693 983 755 1022 seu
794 967 1032 1024 conscicntiae
1074 967 1129 1022 vis
1162 965 1346 1023 Calavios

271 1073 399 1132 Ovium
421 1071 653 1146 Noviumque
678 1090 777 1128 —sa
805 1073 931 1148 capita
954 1071 1229 1130 coniurationis
1258 1071 1342 1128 fue·

270 1188 371 1247 rant,
394 1209 430 1218 -
453 1177 668 1252 priusquam
693 1177 972 1234 nominarentur
993 1177 1087 1252 apud
1110 1177 1344 1248 dictatorem,

271 1301 367 1340 mors
388 1283 481 1340 haud
504 1281 612 1338 dubie
635 1281 677 1338 ab
693 1281 786 1357 ipsis
801 1283 1122 1340 conscitaiudicio
1138 1283 1347 1338 subtraxit.

271 1387 368 1446 Sensit
385 1387 563 1459 Gronovius,
585 1386 768 1444 incommode
783 1398 811 1444 et
832 1407 923 1462 prave
946 1388 1131 1446 nominativis
1150 1387 1206 1444 iilis
1229 1388 1345 1446 timor

273 1525 309 1534 -
335 1493 569 1550 conscientiae
592 1493 648 1549 vis
679 1492 855 1568 supperaddi
877 1493 980 1550 deinde
1008 1493 1106 1564 alium,
1130 1511 1240 1560 mors;
1267 1511 1341 1550 nam

270 1598 295 1654 si
318 1599 419 1656 Livius
441 1599 515 1656 duas
542 1599 607 1656 illus
629 1607 769 1673 tanquam
792 1597 904 1672 specics
930 1598 1076 1656 communi
1097 1597 1198 1656 mortis
1221 1599 1345 1655 nornine

270 1721 323 1777 pcr
352 1703 565 1778 appositionem
596 1703 696 1760 addito
728 1703 972 1777 comprehendere
993 1703 1140 1772 voluisset,
1162 1704 1191 1760 in
1213 1705 1341 1761 eundem

270 1807 419 1863 sententiae
451 1807 547 1865 locum
586 1807 749 1864 necessario
792 1807 962 1865 coniecisset
993 1819 1022 1866 ct
1053 1809 1094 1866 sic
1126 1809 1339 1866 coniunxisset:

270 1909 481 1986 priusquam
525 1912 808 1970 nominarentur
847 1913 941 1987 apud
983 1913 1217 1984 dictatorem,
1258 1914 1342 1972 sive

271 2016 379 2072 timor
402 2017 480 2074 sinc
502 2017 739 2075 conscientie
763 2017 833 2086 vis,
853 2037 947 2075 mors
970 2021 1124 2076 certeab
1146 2019 1237 2094 ipsis
1253 2039 1340 2077 con-

268 2123 366 2180 scita
384 2123 524 2180 iudicio
546 2122 745 2180 subtraxit.
775 2123 853 2179 Nam
869 2131 967 2179 certe
983 2131 1043 2179 tum
1060 2123 1210 2181 dicendum
1225 2123 1338 2194 fuisset,

269 2237 301 2284 ut
315 2226 535 2302 significaretur,
557 2228 627 2284 nihil
645 2228 682 2284 ad
701 2247 762 2284 rem
777 2228 930 2303 pertinere,
953 2237 1048 2285 utrum
1072 2227 1187 2301 fuisset3
1209 2250 1286 2288 nunc
1308 2233 1337 2289 id

268 2341 381 2390 tentum
412 2333 494 2402 dicit,
525 2351 582 2390 non
615 2333 735 2390 dubium
757 2351 829 2404 esse,
859 2334 927 2409 quin
950 2333 1114 2391 voluntaria
1136 2354 1215 2393 mors
1238 2335 1335 2394 iuuerit.

268 2439 328 2497 Sed
370 2439 488 2496 omnino
526 2439 613 2496 timor
651 2447 679 2496 et
719 2439 901 2496 conscientiae
936 2440 997 2508 ris,
1044 2440 1096 2496 etsi
1133 2441 1233 2497 mortis
1269 2451 1338 2498 sunt

268 2564 374 2616 causae,
397 2543 509 2620 species
532 2554 629 2600 tumen
651 2545 753 2601 mortis
776 2564 833 2602 non
855 2554 922 2602 suut
943 2563 995 2602 ncc
1010 2555 1132 2620 possunt
1155 2547 1196 2602 sic
1217 2549 1335 2622 apposi-

268 2651 346 2708 tione
368 2669 433 2708 cum
456 2648 557 2706 mortis
579 2647 696 2706 nomine
717 2650 862 2726 coniungi.
911 2649 1064 2708 Facillime
1086 2661 1129 2708 est
1156 2653 1336 2720 emendati03

267 2775 336 2812 uum
366 2775 404 2812 ex
434 2755 461 2812 E
490 2755 533 2822 (in
556 2754 807 2828 couscientiaej
835 2755 999 2813 iaciendum
1033 2756 1066 2825 ii,
1104 2767 1245 2831 preterea
1274 2775 1336 2814 unu

266 2861 363 2918 littera
384 2860 525 2916 mutanda
547 2860 571 2932 (t
591 2877 645 2934 pro
668 2861 710 2932 s):
738 2861 886 2935 Itaque,
919 2860 997 2917 sive
1019 2861 1127 2918 timor
1154 2879 1215 2918 seu
1248 2881 1336 2919 con-

267 2965 424 3022 scientia
445 2965 531 3034 tuti,
555 2962 787 3022 Calavios-
804 2983 897 3021 mors
914 2998 952 3006 -
974 2965 1113 3023 iudicio
1135 2967 1334 3024 subtraxit.

268 3070 395 3138 (Eodem
426 3069 520 3145 capite
550 3073 565 3138 ξ
592 3072 628 3125 15
661 3069 690 3125 in
717 3087 750 3125 ro
780 3069 886 3144 pusilla
912 3071 1047 3148 indignor
1067 3081 1163 3128 tamen
1185 3072 1336 3129 Weissen-

266 3175 400 3232 bmnium
424 3185 452 3231 et
474 3173 625 3230 Hertzium
655 3203 681 3213 -
708 3192 777 3230 nem
800 3174 1016 3234 Alschefskium
1039 3195 1096 3234 non
1119 3195 1258 3244 numero,
1294 3209 1336 3222 -

265 3279 373 3337 oblitos
397 3297 460 3335 esse
483 3278 652 3352 quoniam
676 3278 819 3353 quidem
841 3299 983 3355 nusquam
1006 3283 1078 3354 diei,
1110 3281 1164 3338 nisi
1196 3279 1336 3338 coniunc-

265 3383 360 3454 tione,
400 3401 464 3459 quae
498 3383 540 3440 sic
575 3383 688 3460 (addito
723 3384 878 3458 quidem)
911 3386 1101 3461 insigniatur,
1139 3387 1233 3462 primo
1265 3385 1333 3442 loco

265 3509 330 3547 cum
366 3490 494 3564 pondere
530 3487 644 3564 posita,
686 3489 748 3546 sed
786 3489 956 3563 quoniam
998 3490 1139 3565 quidem
1174 3491 1331 3549 barbarum

283 3747 308 3815 ¹)
335 3749 398 3815 Cup.
418 3757 460 3811 22,
480 3757 495 3801 3
517 3767 621 3816 prorsus
639 3751 744 3814 defugio
763 3753 945 3814 testimonium,
964 3754 996 3802 nd
1012 3755 1080 3816 quod
1093 3770 1108 3802 a
1121 3751 1330 3803 Weissenboruio

335 3844 417 3902 citor,
438 3843 645 3908 Gronoviumqne
670 3858 765 3908 sequor
790 3845 955 3894 scribentum:
989 3846 1018 3894 id
1052 3851 1175 3894 tantum
1202 3839 1329 3890 bollum

333 3935 465 3994 ducerer
484 3935 592 3986 sicerum
612 3951 644 3984 ne
663 3938 779 3986 umbram
799 3938 900 4002 quidem
920 3951 985 3986 rcrae
1005 3937 1136 3987 sententie
1154 3934 1239 3982 hebet
