2800 4646
559 268 631 324 223«
932 265 990 316 Lib.
1008 265 1083 315 XXI.

52 461 164 510 tante
194 451 354 510 hostium
376 449 528 508 classem
550 449 677 512 simili.
712 451 846 526 ltaque
881 460 934 511 cet
989 452 1120 510 Primam

53 567 205 634 appnret,
237 576 352 622 omnem
382 575 481 616 curam
506 555 727 632 cautionemque
755 556 785 613 in
808 557 881 614 duas
901 567 1000 632 partes
1020 558 1120 632 dividi,

57 683 189 738 quarum
211 663 304 721 altera
324 663 468 739 pertineat
494 661 532 718 ad
552 671 664 720 celeres
686 663 838 734 civitatee,
865 665 959 722 altera
980 664 1019 722 ad
1041 664 1119 740 Lily·

56 772 175 840 baeum,
197 770 247 828 nbi
268 777 375 845 pretor
395 768 459 846 ipse
484 786 530 826 ras
552 768 787 840 administrabat3
809 770 912 828 deinde
936 767 1120 828 manifestum

55 889 116 948 est,
151 877 254 934 eirca
283 873 455 932 civitatee
490 875 593 932 missos
614 875 728 952 legatos
755 875 943 951 tribunosque
964 875 1035 946 dici,
1070 875 1121 933 illa

57 994 159 1042 autem
182 989 341 1058 praetore
363 998 381 1041 a
403 979 497 1037 uliano
519 981 584 1038 loco
611 981 720 1038 inserta
742 1001 824 1054 esse,
847 1002 935 1057 quum
958 993 1010 1040 aut
1030 1002 1049 1039 a
1070 983 1120 1042 Li·

56 1091 107 1148 vio
130 1090 243 1165 scripta
263 1089 381 1147 omnino
403 1109 461 1148 non
489 1095 585 1146 essent
608 1093 663 1162 (-
685 1106 751 1145 nem
775 1107 793 1146 u
815 1099 939 1164 proetore
960 1090 1021 1148 haec
1041 1087 1121 1148 tacta

56 1213 133 1264 esee,
157 1203 274 1270 poterat
295 1214 331 1252 ex
353 1195 588 1272 superioribuset
609 1193 718 1268 exipsa
739 1215 771 1252 re
792 1194 912 1271 intelligi
921 1193 973 1270 -)
996 1205 1047 1252 aut
1067 1213 1119 1270 po·

59 1301 117 1358 tius
141 1319 162 1357 a
182 1299 302 1360 librario
325 1320 379 1360 suo
400 1301 465 1358 loco
487 1299 697 1377 pretermissa,
725 1301 802 1376 quod
824 1321 915 1378 genus
933 1300 1069 1376 frequens
1090 1301 1120 1358 in

59 1407 116 1464 hec
138 1407 249 1465 decade
271 1427 334 1466 esee
355 1416 469 1466 constat
494 1407 568 1476 (vid.
591 1406 630 1463 ud
652 1405 758 1476 XXII,
777 1409 805 1479 2,
831 1409 872 1480 6).
918 1408 991 1465 Post
1008 1407 1120 1466 tribu-

61 1514 172 1588 nique
195 1491 335 1572 excidisse
357 1513 418 1590 qui
439 1511 680 1589 pervagatissimo
703 1530 819 1585 errore,
851 1513 910 1572 iam
941 1523 1008 1570 unte
1028 1522 1120 1571 artem

59 1620 302 1696 typographicam
324 1619 470 1678 inventam
493 1619 666 1676 intellectum
698 1627 751 1679 est.
804 1619 918 1677 Deinde
948 1629 977 1676 et
1006 1638 1058 1694 per
1089 1638 1121 1677 se

60 1729 305 1798 (commemorata
324 1725 384 1782 iem
403 1724 542 1782 Hieronis
564 1717 778 1795 admonitione,
807 1736 839 1783 ut
858 1726 996 1785 AEmilius
1019 1725 1120 1802 Lily·

62 1831 173 1888 baenm
195 1829 302 1888 firmo
323 1830 494 1908 presidio
516 1828 670 1906 teneret)
692 1831 777 1888 nimis
799 1831 874 1890 nude
896 1832 1001 1890 dicitur
1018 1832 1119 1909 Lily·

62 1937 174 1994 bream
206 1938 321 1996 teneri
355 1945 384 1994 et
415 1935 453 1993 ad
473 1937 535 1993 haec
561 1935 652 1992 verba
675 1937 839 1994 necessario
862 1937 1047 2014 adiungenda
1069 1937 1121 1995 ali·

61 2061 122 2116 quo
155 2041 243 2099 modo
275 2042 325 2100 illu
354 2051 422 2100 sunt
459 2049 676 2117 apparatum
707 2041 809 2110 belli,
849 2043 989 2118 qnoniam
1026 2043 1122 2120 inepte

62 2147 190 2204 edictum
223 2148 347 2224 proponi
378 2148 482 2206 dicitur
508 2146 570 2204 eive
591 2147 634 2204 ad
655 2156 823 2222 paratum
846 2147 936 2206 belli
965 2147 1121 2224 (vocabulo

62 2271 121 2310 uon
144 2253 268 2312 Liviana
291 2272 344 2311 nec
372 2253 457 2312 huius
479 2253 584 2328 aetetis)
616 2253 678 2312 sive
713 2255 756 2312 ed
792 2263 1010 2331 apparatum
1032 2254 1122 2312 belli

60 2360 113 2432 (-
146 2369 268 2434 utroquo
305 2361 380 2418 enim
419 2360 560 2418 correctio
600 2369 712 2418 tentete
747 2371 792 2418 est
821 2360 893 2436 -l,
944 2379 1121 2435 quamquam

63 2463 151 2521 edicti
172 2465 332 2540 propositio
352 2485 422 2542 pars
444 2475 488 2524 est
507 2467 584 2524 illiue
606 2477 774 2543 apparatus.
839 2467 944 2540 Itaque
973 2475 1023 2522 aut
1050 2465 1121 2524 seri·

62 2569 203 2628 bendum:
227 2573 422 2649 Lilybaeum
445 2572 563 2629 teneri
584 2582 764 2648 apparatu
792 2572 885 2630 belli
909 2579 960 2628 aut
981 2571 1054 2628 alins
1076 2570 1120 2628 in·

62 2675 190 2734 finitivus
225 2677 321 2753 aptior
350 2677 537 2753 reperiendus
570 2681 619 2746 (et
651 2687 734 2735 ante
765 2677 886 2736 omnia
923 2677 1121 2754 Lilybteum

63 2793 232 2858 strepere
253 2792 434 2859 apparatu
456 2782 569 2858 belli),
589 2782 687 2842 formo
708 2795 806 2842 tamen
827 2783 909 2842 verbi
929 2782 1008 2840 nullo
1032 2781 1120 2841 modo

65 2889 216 2957 mntendn;
245 2887 403 2946 rectissime
429 2890 504 2946 enim
532 2909 598 2947 cum
631 2891 680 2948 illo
703 2899 739 2947 et
760 2889 862 2947 missi
880 2888 997 2965 legati
1019 2887 1069 2964 (de
1089 2907 1120 2948 re

65 2993 152 3051 semel
172 2991 266 3064 iacta)
288 2994 470 3070 coniungitur
492 2995 649 3054 infinitivus
672 2995 826 3054 historicus
847 2994 884 3052 de
904 3004 980 3052 stetu
1003 3004 1032 3052 et
1046 2993 1121 3054 facie

66 3119 158 3158 rerum
181 3099 300 3175 Lilybaei
332 3098 445 3159 effecta.
498 3102 576 3159 Tum
608 3119 678 3158 vero
702 3101 790 3179 plene
818 3111 927 3159 certum
949 3113 1010 3166 est,
1042 3101 1121 3177 quod

70 3205 125 3262 inm
153 3205 320 3264 recentioris
346 3207 439 3264 aetatis
466 3207 597 3266 codicum
622 3217 801 3266 correctores
827 3207 1043 3278 intellexerant,
1065 3209 1121 3266 hae

67 3312 219 3370 sentent-ia:
241 3313 300 3370 ubi
320 3312 460 3388 signnm
485 3315 610 3372 datum
633 3324 742 3384 esset,
761 3333 803 3372 ne
828 3321 882 3372 cet.
902 3314 1041 3372 contineri
1062 3334 1120 3373 non

68 3417 150 3476 edicti
170 3427 297 3495 purtem,
326 3419 377 3476 sed
405 3419 548 3479 declarari
573 3420 658 3479 edicti
686 3421 723 3479 de
750 3421 849 3479 decem
872 3420 982 3478 dierum
1004 3421 1119 3480 cibariis

69 3523 155 3582 coctis
181 3523 346 3596 consilium
370 3545 457 3584 nemo
486 3527 562 3584 enim
590 3525 749 3604 imperator
770 3527 927 3604 seperatim
951 3524 1051 3595 edicit,
1083 3543 1119 3582 ne

71 3630 141 3704 quis,
162 3647 249 3706 quum
270 3631 382 3708 signum
405 3633 608 3709 proficiscendi
629 3633 749 3706 dederit,
771 3651 884 3692 moram
905 3629 995 3690 faciat
1018 3641 1046 3688 et
1065 3631 1119 3690 im·
1178 3667 1184 3676 ·

67 3736 174 3812 perium
195 3745 368 3810 contemnet,
391 3739 442 3796 sed
464 3735 553 3797 nien
575 3749 642 3796 ante
663 3748 879 3816 preparentur,
909 3756 974 3814 qne
997 3737 1036 3796 ad
1056 3755 1118 3796 mo·

67 3861 127 3900 rem
148 3841 302 3900 tollendam
324 3843 496 3919 pertineant.
538 3846 693 3904 Postremo
715 3853 875 3921 apparatus
896 3843 981 3916 belli,
1010 3844 1060 3920 qui
1081 3844 1119 3904 ud

67 3949 155 4025 ipsum
176 3949 276 4007 urbem
299 3949 457 4027 Lilybeum
480 3951 662 4028 pertinebat,
697 3949 761 4008 due
787 3951 940 4028 precipue
971 3960 1069 4028 partes
1091 3959 1119 4009 et

67 4054 196 4130 exempla
221 4073 240 4112 a
263 4056 348 4114 Livio
377 4065 538 4134 ponuntur,
565 4057 691 4128 cibaria,
728 4066 760 4114 ut
782 4075 872 4115 neves
898 4055 1029 4116 celeriter
1050 4075 1117 4116 con·
