2822 4648
584 279 638 334 12'!
979 275 1035 326 Lib.
1055 276 1087 324 V.

68 459 174 532 Quaeri
197 460 273 518 enim
295 459 430 530 debebat,
452 457 727 516 commit-tendamus
755 467 844 528 esset,
866 467 912 528 ut,
937 478 1023 534 quam
1062 459 1141 518 Galli

69 568 176 624 urbem
200 577 329 623 evertere
351 565 521 640 potuissent,
543 563 663 620 eandem
686 565 812 622 Romani
833 565 957 640 posteris
977 565 1142 623 viderentur

69 671 228 728 restituere
242 690 301 728 non
322 671 453 746 potuisse
467 671 536 740 (hac
548 668 660 726 forma:
682 670 891 728 EtRomani
915 669 1143 726 videbuntur

69 777 224 833 Romam
248 777 449 834 restituere
470 794 539 832 non
567 775 872 849 potuissc,quam
901 773 1005 834 Galli
1039 793 1142 832 ever·

69 881 220 938 terunt?
251 891 283 938 ut
309 882 447 938 iudicium
482 880 661 955 posteritatis
694 879 730 936 de
751 881 949 938 Romanorum
973 879 1143 955 impotentia

72 1006 142 1044 cum
165 987 320 1046 Gallorum
350 985 430 1042 facto
458 995 630 1059 comparata
662 995 729 1042 ante
742 985 841 1040 oculos
854 984 1037 1061 poneretur);
1068 1005 1143 1042 nunc

72 1091 219 1150 Camillus
240 1093 414 1166 interrogat,
444 1090 625 1148 credibilisne
652 1089 690 1145 sit
717 1107 763 1148 res
786 1100 866 1146 certa
887 1099 916 1147 ct
937 1090 1029 1160 lecta,
1055 1109 1142 1165 quum

73 1199 200 1256 alteram
227 1199 288 1256 fieri
320 1215 378 1252 non
411 1197 541 1271 potuisse
569 1195 727 1268 aliquando
759 1195 867 1269 posteri
894 1195 1048 1252 iudicaturi
1076 1195 1142 1252 sint.

76 1301 139 1359 Sed
161 1301 244 1358 solva
267 1319 313 1358 res
336 1311 380 1357 est
398 1301 620 1374 emendatioque
642 1309 701 1358 tam
724 1300 895 1370 manifesta,
918 1311 950 1358 ut
976 1300 1085 1358 nullum
1107 1301 1145 1358 sit

80 1407 189 1464 certius
232 1407 434 1464 documentum
478 1407 585 1464 codicis
624 1406 773 1482 archetypi
814 1409 851 1464 eb
889 1406 987 1480 aliquo
1019 1405 1144 1476 homine,

75 1513 128 1587 qui
162 1512 288 1568 oscitans
311 1513 401 1568 verba
423 1513 638 1586 sententiasque
660 1511 736 1568 mole
758 1512 938 1586 copulasset,
966 1511 1143 1585 interpolati.

76 1619 159 1676 Nam
182 1637 271 1692 quum
297 1617 397 1674 Livius
425 1617 588 1692 scripsisset
614 1616 766 1674 notissima
787 1616 984 1691 interrogandi
1007 1627 1035 1673 et
1059 1633 1144 1690 argu·

74 1725 166 1782 menti
180 1723 368 1780 corscludendi
389 1721 499 1780 forms:
523 1723 568 1780 Et
593 1722 694 1780 Galli
716 1723 864 1780 Romam
888 1731 1053 1778 evertere
1080 1740 1144 1795 po·

72 1839 243 1899 tuerunt,
275 1830 428 1886 Ronrani
457 1829 658 1886 restituere
687 1846 756 1884 non
787 1828 1011 1884 videbuntur
1039 1839 1144 1902 potu·

74 1935 173 1992 isse?
204 1935 252 1992 ille
279 1936 384 2005 homo,
415 1934 651 2009 interrogationis
678 1932 799 2008 duplicis
822 1950 960 1990 connexae
982 1934 1146 2004 immemor,

74 2061 183 2116 quam
221 2040 342 2097 addidit.
398 2039 543 2108 (Gramm.
573 2040 640 2096 Lat.
664 2040 767 2108 §t383
790 2037 933 2095 Emendd.
956 2037 1016 2096 Cic.
1047 2039 1145 2099 libror.

76 2145 186 2222 philos.
209 2165 237 2220 p.
262 2149 300 2201 40
324 2145 402 2218 sqq.)

166 2249 241 2326 Cap.
275 2255 330 2320 54,
362 2252 379 2306 3
413 2249 455 2322 (in
484 2249 586 2306 eadem
609 2249 767 2326 orationem
795 2247 972 2322 Equidem
1001 2247 1147 2306 fatebor

79 2357 200 2426 robis,
222 2356 292 2413 etsi
314 2355 430 2412 minus
453 2354 596 2412 iniuriae
618 2361 750 2412 vestrae
771 2373 874 2428 quam
897 2372 980 2409 mese
1003 2353 1146 2410 celemi-

80 2463 174 2519 tatis
196 2461 404 2519 meminisse
424 2460 541 2516 iuvat:
572 2479 677 2534 quum
700 2460 885 2528 abessem,
915 2458 1146 2532 quotiescun-

80 2587 151 2641 que
172 2567 295 2642 patria
316 2567 351 2623 in
374 2573 527 2622 mentem
549 2565 707 2636 veniret,
738 2566 810 2620 hsce
839 2562 958 2620 omnia
983 2580 1146 2619 occurre-

80 2675 173 2730 bant
194 2681 246 2730 etc.
296 2671 410 2728 Vitiose
440 2670 606 2746 comparari
626 2670 736 2726 iniuria
757 2669 858 2744 populi
880 2678 908 2724 et
931 2667 1047 2726 Camilli
1068 2667 1147 2725 esla-

81 2779 192 2836 mitatis
223 2776 409 2846 memoriam,
444 2795 532 2849 quum
564 2776 605 2832 ita
626 2776 687 2832 haec
709 2775 767 2831 duo
791 2774 944 2830 coniuncta
960 2785 1055 2830 essent
1075 2792 1147 2832 uns-

80 2903 140 2958 que
161 2904 202 2952 re,
225 2883 322 2952 exilio,
346 2882 574 2948 continuentur,
596 2893 628 2937 ut
654 2881 828 2938 cadamitetis
859 2879 1027 2936 memoriam
1049 2897 1148 2936 neces-

80 2988 162 3044 sario
184 2985 294 3044 iniuriae
316 2987 511 3056 comitaretur,
536 2986 705 3044 Gronovius
729 2985 891 3060 perspexit3
918 3003 1012 3059 neque
1036 2985 1150 3044 Dukeri

81 3091 229 3162 defensio,
255 3111 273 3148 a
295 3111 353 3166 qua
374 3092 627 3149 Weissenbomius
663 3111 722 3148 non
744 3091 879 3161 discedit,
911 3089 1027 3148 suflicit.
1068 3092 1148 3148 Nam

82 3209 278 3274 preterquam
302 3198 379 3272 quod
402 3217 446 3268 ea,
469 3217 557 3272 quem
579 3199 673 3254 inesse
695 3197 765 3268 vult,
787 3197 938 3266 sententia,
960 3209 993 3252 ut
1010 3194 1149 3254 Camillus

82 3323 102 3360 a
124 3303 299 3360 calamitatis
322 3302 477 3372 memoria,
508 3321 595 3376 quum
617 3301 718 3358 tollere
739 3311 881 3378 nequeat,
904 3301 1033 3372 iniuriae,
1055 3319 1149 3376 quan·

81 3419 144 3466 tum
166 3409 268 3484 possit,
289 3407 439 3482 seiungere
460 3407 560 3463 conari
580 3407 701 3476 dicatur,
722 3409 767 3465 his
785 3408 881 3465 verbis
892 3411 984 3476 (meae
1004 3405 1149 3464 calami·

83 3515 175 3572 tatis
198 3514 407 3571 meminisse
429 3510 544 3586 iuvat)
568 3513 772 3588 comprehendi
795 3532 853 3569 non
869 3521 973 3587 potest,
996 3531 1054 3568 non
1072 3522 1150 3568 recte

87 3633 181 3678 totum
203 3621 259 3676 hoc
282 3640 335 3694 per
359 3619 427 3675 etsi
450 3617 622 3686 adnectitur;
653 3638 688 3675 ee
715 3619 790 3676 enim
822 3616 965 3692 particula
997 3617 1149 3691 significat,

87 3724 243 3782 Cantillum
268 3725 385 3782 omnino
408 3723 486 3781 exilii
509 3723 678 3781 memoriam
701 3741 759 3782 non
782 3723 904 3780 libenter
914 3732 1052 3798 repetere.
1085 3722 1149 3778 Iam

85 3850 174 3906 quum
196 3831 226 3886 in
248 3831 335 3888 MRP
357 3830 395 3886 sit
417 3848 498 3886 mere
521 3828 772 3891 calamitatis.
799 3829 827 3884 in
851 3829 945 3886 HlLl
973 3826 1074 3884 ceteris
1096 3845 1149 3884 ca·

84 3936 269 3994 lumitatis
291 3955 382 4006 ntaae,
405 3935 490 3992 valde
512 3933 659 4009 suspicor,
686 3953 846 4008 pronomen
873 3933 951 3990 mala
980 3951 1067 3989 marm
1098 3932 1150 3988 ad·

88 4043 193 4100 icctum
220 4059 297 4108 esse,
327 4059 415 4114 quum
438 4038 539 4095 Livius
562 4040 602 4096 sic
625 4039 799 4114 scripsisset:
828 4037 898 4096 etsi
925 4038 1041 4096 minus
1061 4037 1147 4096 iniu-
