2810 4644
596 305 651 360 291
958 301 1016 354 ms.
1035 302 1123 354 XXV.

92 485 237 561 accipias;
270 503 364 559 neque
396 484 463 541 addi
498 492 532 540 ει
563 485 592 540 in
624 485 760 559 proximo
791 485 930 542 orationis
959 487 1090 544 membro
1113 485 1158 562 (et
1250 563 1254 570 ⁴

91 589 199 648 fossa
219 591 361 666 ingens)
383 599 497 665 potest3
527 591 590 647 hee
620 590 695 648 enim
717 591 844 665 partium
877 590 973 665 operis
1004 592 1158 668 descriptio

93 715 130 753 ex
151 715 237 772 raquo
268 698 313 772 (et
334 726 374 738 -
393 695 440 771 et)
459 695 588 771 generali
610 695 707 770 operis
730 695 933 770 significationi
955 697 1086 772 copulari
1109 717 1159 755 ne·

93 802 164 876 quit.
212 803 387 860 Tollendum
409 809 453 858 εει
474 809 508 857 ει
528 810 628 858 uatum
655 821 691 860 ex
714 810 845 858 extrema
866 800 963 858 littera
976 802 1056 860 vocis
1077 803 1159 861 inde

94 909 165 980 (vid.
188 909 226 964 ad
246 909 367 976 XXVI,
391 911 439 975 lu,
464 901 554 975 17).¹)
594 907 756 981 Aliquanto
778 905 855 962 infra
877 904 909 984 (d
936 902 997 983 17),
1019 908 1073 964 ειεί
1095 927 1159 982 quae

92 1015 142 1070 via
164 1034 183 1069 a
204 1022 290 1088 portu
306 1014 344 1070 ad
357 1032 439 1070 mare
453 1013 625 1069 transmissa
649 1021 701 1082 est,
724 1013 825 1069 eadem
847 1012 1022 1093 plerumque
1040 1013 1101 1072 iure
1123 1014 1158 1071 in

92 1129 236 1193 portum
261 1137 279 1176 a
301 1119 391 1176 mari
412 1097 635 1176 transmissa
656 1117 718 1194 (vel
739 1117 837 1192 potius
859 1117 902 1173 ad
923 1119 1079 1193 portum)
1102 1119 1159 1177 dici
1195 1179 1200 1186 ,

91 1233 198 1298 potest,
238 1243 324 1282 nemo
345 1235 443 1282 temen
465 1223 550 1281 facile
571 1224 614 1280 its
638 1223 784 1299 appellat,
818 1241 907 1298 quum
930 1223 1026 1297 agitur
1048 1225 1084 1280 de
1106 1245 1159 1300 op-

91 1328 271 1402 portunitate
293 1348 382 1387 naves
410 1349 446 1386 ea
476 1328 525 1386 via
558 1337 681 1404 eportu
703 1327 733 1384 in
760 1346 841 1384 mare
862 1327 1005 1385 trahendi.
1054 1329 1159 1403 Itaque

92 1453 183 1507 quum
205 1434 234 1490 in
259 1436 285 1491 P
307 1435 467 1519 ceterisque
485 1433 547 1490 fere
567 1433 716 1492 codicibus
738 1433 894 1490 scribatur:
918 1450 993 1507 quar
1019 1433 1057 1490 in
1079 1453 1158 1509 por·

92 1547 128 1594 tu
236 1539 277 1594 ad
300 1559 411 1609 mare,
452 1559 600 1615 quumque
632 1541 710 1615 apud
743 1538 898 1614 Polybium
926 1538 976 1595 sit:
1011 1538 1157 1617 φέρουσα

92 1632 129 1702 ἐκ
156 1625 220 1704 adri
245 1641 379 1723 λιμένος
414 1645 463 1713 εἰς
492 1637 557 1725 τήν
590 1647 649 1717 ἔξω
672 1634 869 1713 θάλατταν,
908 1654 985 1701 reete
1021 1644 1158 1721 Sigonius

91 1749 180 1805 scribi
202 1749 306 1806 voluit:
341 1770 417 1826 quoe
450 1771 465 1812 ε
496 1752 533 1825 (is
556 1752 671 1825 quidem
694 1751 749 1826 ox)
779 1759 886 1826 portu
923 1796 951 1808 ..
982 1751 1026 1808 ad
1047 1770 1156 1808 mare.

92 1853 190 1927 Quum
215 1873 230 1916 a
255 1865 321 1930 post
343 1875 417 1931 quae
438 1857 603 1926 excidisset,
626 1855 755 1912 additum
778 1867 822 1913 est
842 1856 887 1916 in.

177 1959 250 2036 Cap.
276 1963 322 2032 12,
346 1967 378 2020 4:
418 1963 471 2020 Ex
493 1961 600 2019 huius
628 1960 760 2018 Marcii
794 1961 896 2033 (vatis)
920 1961 1060 2019 duobus
1082 1981 1158 2020 car·

91 2067 251 2123 minibus
285 2067 439 2125 alterius
472 2075 558 2145 post
590 2086 662 2124 rem
696 2075 813 2124 actam
844 2067 934 2124 editi
965 2085 1042 2124 cum
1074 2077 1157 2124 reto

91 2173 303 2230 auctoritas
341 2185 470 2232 eventu
507 2173 615 2230 alteri
656 2191 816 2247 quoque,
861 2173 964 2230 cuius
1001 2174 1156 2231 nondum

90 2289 238 2355 tempus
261 2289 433 2350 venerat,
456 2277 644 2338 adferebat
664 2277 783 2338 fidem.
843 2279 948 2353 Neque
971 2279 1156 2336 autoritas

90 2403 168 2441 curn
193 2393 323 2440 eventu
341 2394 418 2442 recte
441 2403 495 2461 pro
518 2383 690 2440 auctoritate
718 2391 821 2439 eventu
845 2383 1017 2440 confirmata
1039 2385 1157 2459 ponitur

89 2509 185 2565 neque
207 2501 311 2547 ratus
333 2499 485 2546 eventus
513 2489 572 2546 ullo
598 2489 732 2564 exemplo
764 2509 801 2545 ex
823 2489 943 2546 minima
965 2499 1049 2563 parte
1070 2489 1156 2547 simili

90 2595 206 2664 dicitur,
230 2595 400 2667 (auctoritas
421 2595 541 2652 alieuius
557 2603 622 2652 rata
644 2613 708 2651 esse
724 2603 753 2651 et
771 2593 874 2651 haberi
890 2593 1009 2668 potest)
1035 2593 1155 2669 ipseque

88 2701 247 2757 verborum
271 2701 344 2757 ordo
366 2700 558 2776 suspicionem
573 2701 669 2758 mendi
691 2699 772 2757 iacit.
816 2700 864 2757 Ex
885 2707 1050 2756 cumrato
1074 2717 1154 2755 auc-

87 2805 228 2862 toritas
250 2815 380 2863 eventu
415 2805 491 2862 ellici
520 2804 648 2862 videtur:
684 2806 912 2864 coroborata
947 2804 1155 2862 auctoritas

88 2919 225 2969 eventu
248 2913 310 2984 (aut
332 2911 577 2984 confirmata).

175 3016 250 3092 Cap.
278 3018 330 3087 13,
363 3019 398 3073 10
428 3014 477 3092 (de
502 3017 656 3074 Hannonis
679 3017 791 3084 castris,
826 3017 856 3072 in
890 3035 954 3091 quae
984 3016 1042 3072 duo
1076 3015 1155 3072 milia

87 3123 289 3198 plaustromm
319 3130 348 3178 et
376 3121 523 3179 incondita
553 3121 639 3178 turba
670 3123 819 3179 hominum
850 3131 990 3180 venerant
1022 3121 1060 3178 ad
1092 3121 1155 3178 fru-

87 3236 219 3284 mentum
256 3226 388 3302 Capuam
425 3225 654 3307 deyehendum):
691 3205 897 3285 castrorum
934 3225 1086 3284 formam
1121 3238 1155 3283 ει

86 3334 286 3390 militarem
303 3333 464 3389 ordinem
486 3332 663 3389 immixtis
687 3331 898 3406 agrestibus
921 3331 969 3387 iis
985 3331 1154 3388 externis

86 3439 285 3497 sublatum.
326 3438 377 3495 Iis
399 3439 424 3494 si
439 3439 476 3494 ad
493 3447 590 3494 cestra
604 3435 736 3504 retertur,
759 3445 791 3492 ut
805 3437 1008 3506 concedamus,
1024 3447 1154 3511 agrestes

106 3616 129 3681 ¹)
158 3621 227 3683 §10
246 3620 349 3670 omissis
377 3620 475 3684 aliquot
498 3621 589 3670 litteris
612 3629 700 3668 natum
724 3629 762 3667 εει
781 3626 925 3666 monstram
946 3617 1095 3667 locutionis:
1127 3620 1153 3668 ir

161 3709 241 3758 linis
273 3709 457 3760 Hannibali
488 3712 552 3762 fuit
588 3727 694 3760 arcem
722 3724 919 3775 oppugnare.
969 3711 1057 3772 Longo
1084 3710 1154 3760 aliud

161 3809 210 3849 cst:
229 3800 329 3851 labor
347 3812 398 3852 εει
416 3803 543 3861 faeere,
569 3803 618 3852 boo
637 3811 676 3852 est
694 3801 806 3860 difficile,
826 3801 910 3848 aliud:
930 3802 956 3852 is
975 3803 1056 3852 sinis
1075 3803 1153 3852 mihi

160 3901 210 3940 est
229 3891 349 3942 lacere.
398 3893 481 3942 Multo
507 3897 612 3959 pravius
637 3901 799 3959 comparatur
817 3893 897 3942 illud:
930 3893 1048 3942 edendi
1073 3893 1154 3943 finis

159 3994 210 4035 est
237 3986 407 4036 desideria
431 3995 558 4036 ustura
582 3988 803 4050 restinguere,
837 3986 880 4034 ubi
909 3984 973 4034 nibil
997 3985 1081 4050 potuit
1106 3987 1153 4036 nisi

160 4078 370 4140 restinguere
389 4080 454 4138 dici,
474 4080 708 4142 restinguendi
730 4078 925 4128 vitiosissimum
944 4088 1019 4128 esset.

909 4191 952 4242 lt·
