2800 4646
258 245 314 297 laih
327 245 384 298 XL
757 252 816 308 464

256 441 312 490 tur.
365 433 479 492 Deinde
500 443 597 494 antem
618 433 720 494 Livius
756 433 783 507 (ξ
811 432 843 509 9)
872 435 1040 511 scripserat:
1072 435 1149 510 Qno
1182 435 1316 494 deinde

258 539 371 610 modo,
392 540 423 597 si
446 549 594 599 temeto
614 540 742 600 mortis
772 539 964 600 credebam
993 559 1137 602 coenem
1168 541 1316 600 vitasse

257 665 384 716 meam,
414 665 482 704 non
513 647 702 706 abeodem
724 657 817 704 metu
851 647 1147 706 nominationem
1168 667 1333 724 quoqne.

257 753 458 810 vitaturum
483 751 759 810 existimabam?
811 751 918 810 Editur
943 752 1107 810 evitasse
1135 762 1165 810 et
1191 752 1316 810 evita·
1385 791 1386 818 r

257 865 389 926 turum,
426 865 519 915 ortum
547 859 603 915 hoo
630 876 667 915 ex
693 857 888 933 geminatione
908 858 1010 918 litteren
1031 877 1064 926 e,
1096 857 1166 915 illud
1189 877 1228 916 sx
1248 859 1315 917 hoo.

257 961 338 1019 Metu
359 962 433 1020 enim
454 962 579 1022 vitamne
600 981 656 1034 res,
678 982 752 1040 ques
773 964 951 1040 periculosae
971 963 1035 1020 foro
1056 971 1212 1038 putamus,
1238 963 1316 1040 ingi-

257 1086 378 1144 mnsqne
410 1086 505 1144 neque
534 1069 570 1126 iis
599 1087 652 1126 nos
674 1070 895 1141 committimus;
927 1089 963 1127 ea
983 1070 1125 1140 cautione,
1147 1070 1173 1127 si
1194 1069 1314 1128 fortuna

255 1173 345 1244 iuvat,
367 1173 461 1250 ipsum
482 1174 590 1234 mulum
612 1175 754 1234 evitemus
775 1186 804 1234 et
824 1175 986 1252 effugimus.

338 1277 531 1355 Cap.14‚8
568 1280 610 1354 (in
642 1281 745 1339 sadem
767 1281 927 1358 orationeJ:
963 1283 1039 1340 Hoo
1071 1282 1163 1340 enim
1195 1283 1316 1340 videri

255 1383 319 1456 vis,
340 1404 409 1444 non
430 1386 538 1458 illud,
575 1387 669 1462 qnod
691 1385 857 1445 fatentur
878 1397 913 1446 et
932 1387 1051 1464 palam
1072 1396 1134 1447 est.
1188 1387 1237 1446 Et
1255 1389 1315 1446 sni

255 1508 292 1548 se
323 1491 448 1548 tuendi
477 1511 610 1551 caussa
643 1493 844 1568 sumpsisse
877 1495 1010 1552 dieunt.
1070 1493 1118 1553 Sio
1138 1494 1315 1551 reoentiores

254 1595 473 1672 interpnngunt;
495 1618 563 1657 nam
585 1616 675 1674 quum
693 1609 780 1656 antea
793 1601 854 1658 hnc
866 1600 1112 1658 continuarentur:
1134 1609 1168 1656 et
1188 1599 1313 1675 palam

255 1709 322 1772 est,
348 1713 382 1758 et
492 1704 635 1772 dieunt,
662 1703 830 1762 Gronovius
862 1712 890 1761 et
919 1706 969 1764 alii
1001 1717 1035 1763 et
1065 1715 1152 1781 atquo
1185 1705 1314 1763 dicunt

255 1806 317 1864 tolli
337 1807 498 1866 voluerant.
546 1808 604 1868 Sed
630 1808 661 1866 in
682 1809 733 1867 illa
754 1829 869 1885 qnoque
889 1811 1118 1888 interpunctione
1138 1820 1174 1868 et
1194 1829 1314 1888 prorsus

254 1931 420 1988 perversum
453 1923 503 1973 est.
557 1913 653 1974 Seribi
683 1915 781 1973 debet:
814 1917 848 1978 di
880 1917 935 1974 sni
967 1936 1005 1975 se
1039 1917 1166 1974 tuendi
1202 1935 1314 1976 eausa

254 2019 464 2095 sumpsisse
485 2020 624 2093 dicunt;
647 2030 747 2080 reots
768 2041 810 2078 an
832 2041 1021 2098 perperam
1045 2023 1220 2094 fecerint,
1242 2021 1313 2098 ipsi

255 2125 308 2183 sni
330 2124 421 2184 faeti
442 2127 620 2185 rationem
643 2128 806 2186 reddent.
858 2127 1037 2186 vocularum
1069 2138 1103 2186 et
1130 2137 1158 2186 et
1179 2129 1212 2186 oi
1232 2147 1312 2186 oom-

255 2240 431 2290 mntatarum
451 2232 584 2308 exempla
603 2243 631 2290 ot
645 2233 713 2290 alibi
735 2250 825 2308 supra
845 2233 945 2291 notavi
966 2243 996 2291 et
1019 2233 1057 2291 ad
1079 2234 1200 2304 XXVI,
1220 2235 1271 2304 22,
1295 2239 1310 2290 7

256 2337 336 2413 (ann.
358 2333 630 2416 xxlv‚s,15).¹)

339 2442 411 2521 Cap.
446 2447 496 2516 15,
528 2447 540 2502 l
566 2446 633 2501 et2
663 2444 705 2517 (in
738 2444 839 2501 eadem
859 2443 1003 2502 Demetrii
1031 2444 1188 2520 oratione):
1218 2444 1312 2518 Quin

247 2531 304 2622 tn,
325 2549 464 2608 omissa
484 2549 557 2607 ista
577 2558 759 2608 nocturna
780 2547 922 2620 fabula,
943 2550 986 2608 ad
1007 2551 1060 2623 id,
1075 2550 1176 2627 ·qnod
1198 2551 1312 2621 doles,

254 2655 348 2729 quod
368 2655 545 2713 invidiam
566 2654 649 2733 urit,
670 2655 897 2712 reverteris?
939 2655 1009 2714 Cur
1033 2675 1180 2731 usquam
1209 2657 1312 2732 regni

252 2761 310 2819 tui
330 2763 465 2819 mentio
487 2759 540 2832 fit,
561 2759 744 2819 Demetri?
788 2759 862 2818 Cur
889 2761 1035 2837 dignior
1054 2762 1173 2838 patris
1195 2761 1311 2820 fortu-

253 2886 302 2926 noe
333 2885 527 2926 successor
556 2867 774 2943 quibusdam
808 2867 947 2924 videris
979 2887 1083 2944 quam
1112 2867 1197 2944 ego?
1241 2867 1313 2926 Cur

253 2992 347 3050 spem
367 2992 478 3030 meam
576 2973 722 3031 dubiam
750 2984 784 3030 et
804 2973 1001 3032 sollicitam
1023 2974 1135 3033 iacis?
1178 2975 1310 3034 Primum

251 3078 413 3136 necessario
436 3099 452 3136 o
470 3077 555 3137 codd.
577 3096 682 3136 novem
704 3079 938 3139 Drakenborchii
968 3082 1019 3151 (de
1041 3083 1074 3140 M
1094 3083 1219 3155 tacetur)
1240 3080 1310 3138 sori·

252 3185 375 3243 bendum
397 3184 560 3255 invidia,
582 3183 711 3242 ablativo
733 3203 817 3262 oasn3
844 3205 937 3263 neque
967 3188 1041 3246 enim
1074 3188 1166 3246 uritur
1190 3186 1310 3256 invidia,

251 3290 302 3349 sed
322 3291 482 3350 incenditur
509 3299 539 3347 et
568 3289 775 3360 inflammatum
806 3291 872 3367 ipsa
893 3295 958 3352 urit.
1014 3294 1129 3352 Deinde
1159 3311 1219 3350 non
1248 3294 1309 3350 sine

251 3415 340 3456 causa
372 3396 539 3457 Gronovius
567 3396 684 3454 haesisss
716 3396 831 3455 videtur
859 3399 893 3456 in
919 3399 969 3458 illo
990 3400 1091 3475 regni
1118 3399 1186 3470 tni;
1231 3398 1309 3474 qnod

250 3513 283 3561 ut
312 3502 488 3578 intelligatur
518 3504 555 3561 de
590 3502 687 3560 futuro
720 3513 749 3560 et
777 3515 893 3580 sperato
916 3505 1058 3563 Demetrii
1090 3523 1198 3581 regno,
1234 3523 1307 3581 pras-

250 3619 381 3683 terquam
404 3609 483 3682 quod
504 3609 608 3666 durum
630 3617 683 3678 est,
704 3609 789 3667 nimis
811 3618 911 3686 aperte
934 3621 962 3669 et
986 3630 1051 3669 oum
1073 3609 1233 3669 offensione
1253 3629 1307 3668 no·

250 3712 391 3784 minetur,
427 3714 506 3787 qnod
527 3713 630 3771 deinde
652 3715 807 3774 verborum
829 3717 1001 3792 ambagibus
1023 3717 1200 3793 significatur
1229 3717 1306 3792 (pe-

268 3957 293 4024 ¹)
320 3964 443 4013 Extremo
464 3964 546 4026 sapite
564 3963 592 4026 (ᾖ
618 3961 661 4027 11)
680 3963 812 4013 evasuri
837 3962 971 4014 inerunt
987 3980 1034 4030 pro
1052 3965 1177 4014 inerint
1193 3963 1305 4014 seriben-

320 4049 380 4097 dum
399 4063 455 4098 esse
473 4049 526 4097 dixi
545 4047 594 4112 Op.
612 4048 640 4097 11
658 4064 685 4113 p.
704 4053 755 4099 228
773 4057 925 4114 mortuaque
943 4060 983 4101 ert
999 4051 1230 4102 Weissenborniua.
