2822 4648
308 294 363 343 Lib.
383 293 430 342 1v.
781 299 836 352 100

273 479 367 547 dam:
403 497 469 534 nam
502 481 650 556 aspiratur
681 480 717 537 ad
748 497 828 554 spem
852 480 973 536 alieuius
991 478 1032 533 rei
1054 481 1277 554 consequendas:
1306 501 1346 537 ea

273 604 320 642 res
343 595 405 641 erat
434 585 601 642 consulatus
635 587 710 642 inter
731 594 885 659 utrumque
915 584 1043 640 ordinem
1066 585 1184 657 partitio
1219 587 1282 642 sive
1310 588 1343 643 in

272 699 385 765 partem
408 693 574 762 revocatio:
598 691 650 751 cfr.
674 692 729 751 Vl.
754 695 802 760 40,
828 693 881 748 ts:
904 691 937 746 in
961 709 1149 746 commune
1181 693 1343 747 honores

271 815 417 866 vocare:
442 797 514 866 vll,
538 799 587 866 22,
611 799 644 852 tt:
664 815 851 852 censuram
873 797 908 852 in
931 803 1070 870 partem
1093 812 1235 853 vocare.
1265 797 1343 856 San-

272 912 351 958 serat
372 904 548 977 pravitatem
571 905 659 960 homo
683 902 786 958 Latina
807 920 910 976 parum
934 900 1036 956 doetus
1058 910 1086 955 ct
1108 903 1157 974 qui
1179 920 1255 976 saepe
1277 911 1343 959 tur-

270 1008 345 1084 piter
368 1017 452 1074 erret,
474 1008 525 1064 sed
550 1025 635 1064 sensu
657 1007 802 1062 communi
825 1025 882 1061 non
906 1022 1027 1071 carens,
1048 1005 1213 1076 Douiatius,
1236 1007 1292 1076 eui,
1307 1017 1342 1063 ut

271 1114 390 1188 opinor,
420 1132 478 1169 nou
506 1113 655 1168 nominato
685 1111 939 1168 Weissenbornius
967 1119 1034 1184 post
1065 1110 1341 1170 Drakenborchium

270 1220 449 1294 respondens
464 1221 526 1275 hrec
549 1218 699 1292 ascripsit:
725 1219 809 1286 „Nur
829 1237 887 1274 von
910 1217 961 1272 der
982 1215 1135 1290 Hoffnung
1156 1217 1264 1274 konnte
1287 1239 1342 1276 re-

270 1343 403 1381 vocare
431 1335 535 1400 gesagt
560 1323 694 1392 werden,
725 1324 764 1379 da
793 1323 847 1378 das
869 1320 1011 1378 Consulat
1029 1321 1132 1377 immer
1152 1324 1227 1379 noch
1249 1323 1341 1381 allein

269 1431 325 1486 den
350 1431 511 1487 Patrieiern
533 1431 684 1505 gehdrte“.
728 1428 820 1501 Quasi
847 1445 917 1484 vera
942 1427 1103 1502 aspiremus
1122 1426 1160 1482 ad
1182 1445 1262 1500 spem
1287 1445 1340 1485 eo-

268 1555 346 1604 rum,
375 1555 439 1610 quse
472 1537 530 1592 iam
559 1536 636 1604 sint,
669 1553 703 1590 ac
730 1553 788 1590 non
812 1533 848 1588 ad
871 1551 987 1600 eorum,
1016 1551 1080 1606 quae
1110 1531 1237 1588 nondum
1266 1533 1337 1593 sint.

269 1643 388 1716 Itaque,
413 1642 531 1716 opinor,
554 1641 677 1716 posthac
699 1658 757 1694 non
780 1638 921 1694 dicemus:
946 1639 998 1694 Ich
1022 1657 1106 1712 wege
1128 1639 1203 1695 mich
1226 1659 1261 1694 zu
1285 1641 1340 1696 der

269 1747 420 1821 Hoffnuug
441 1765 475 1802 zu
498 1747 622 1802 erheben
638 1745 683 1801 ein
706 1747 779 1802 Amt
800 1764 834 1799 zu
858 1743 997 1808 erhalten,
1018 1745 1083 1800 sed:
1105 1745 1338 1820 ichwegemirh

268 1872 331 1908 zum
349 1852 489 1909 Erhalten
511 1851 562 1906 der
583 1848 737 1924 Hoffmmg
761 1849 839 1905 eines
861 1849 965 1904 Amtes
983 1869 1017 1906 zu
1027 1851 1150 1907 erheben
1162 1850 1216 1912 tad
1235 1869 1337 1925 spem

268 1957 424 2014 muneris
446 1956 736 2030 consequendam
760 1954 939 2029 aspirare,
959 1973 1018 2010 non
1033 1956 1077 2011 ad
1100 1975 1195 2030 spem
1217 1975 1337 2013 mune·

267 2063 317 2118 ris
340 2059 613 2136 consequendi).
662 2061 782 2116 Miseret
809 2077 855 2114 me
879 2059 1007 2116 inanium
1032 2061 1219 2134 argutiarum.
1268 2065 1336 2137 Ap-

266 2177 358 2243 paret,
381 2166 495 2222 Livium
518 2167 680 2241 scripsisse:
703 2165 746 2221 ad
768 2183 867 2240 spent
889 2165 1107 2222 consulatus
1130 2165 1166 2221 in
1189 2175 1334 2240 partem

267 2274 489 2342 revocandi,
512 2272 703 2347 gerundivum
726 2281 821 2328 autem
844 2288 935 2344 prave
947 2271 1197 2328 accommodatum
1214 2291 1279 2329 esse
1294 2275 1333 2330 ad

265 2381 431 2456 proximum
453 2379 664 2435 substantivum
679 2379 847 2452 (partem3
869 2374 1217 2452 cfaprooem.p.10sq.).
1241 2379 1335 2434 Pror-

266 2503 314 2541 sus
337 2485 438 2542 eodcm
461 2485 548 2540 modo
571 2483 619 2539 lib.
643 2483 805 2548 xxvffl,
829 2483 884 2550 33,
916 2483 951 2536 16
975 2479 1109 2536 librarius
1139 2481 1248 2537 codicis
1271 2483 1335 2540 Pu·

265 2592 368 2660 teanei,
391 2609 479 2665 quum
502 2588 684 2646 scribendum
707 2597 799 2644 esset:
823 2586 865 2642 ad
887 2595 1030 2661 partem
1051 2603 1176 2661 pugnae
1198 2606 1334 2662 capes·

265 2699 428 2766 scudem,
472 2694 601 2768 scripsit:
640 2693 682 2748 ad
712 2703 854 2767 partem
886 2710 1014 2766 pugnae
1046 2690 1331 2766 capessendae1).

284 2975 307 3036 ¹)
335 2978 414 3041 Apud
432 2975 515 3025 Cicer.
546 2991 593 3040 pro
611 2977 687 3024 domo
706 2979 748 3032 ³2,
767 2977 798 3021 st
820 2975 914 3021 editur:
942 2975 980 3020 ud
1008 2973 1236 3036 sempiternam
1271 2991 1334 3022 me-

335 3069 468 3138 moriam
502 3068 675 3131 temporie:
705 3067 789 3130 inepte
816 3067 931 3114 abundat
958 3065 1130 3128 temporis:
1166 3067 1210 3114 sed
1238 3067 1332 3117 Cicero

334 3162 482 3224 scripserat:
518 3163 557 3210 ad
589 3159 785 3222 sempiterni
816 3159 1000 3206 memorium
1040 3159 1203 3220 temporis.
1250 3161 1332 3224 Apud

333 3253 470 3302 Platonem
490 3257 532 3316 (ut
549 3253 627 3300 etiam
647 3250 764 3300 Graecum
784 3251 930 3315 exemplum
950 3251 1058 3315 ponam)
1077 3252 1108 3298 dc
1127 3249 1228 3310 legibus
1240 3251 1262 3310 1,
1278 3257 1331 3300 633

333 3345 503 3394 Bscribitur:
523 3341 562 3396 ἔτι
584 3343 678 3395 τοίνυν
696 3339 793 3394 καὶτὸ
814 3339 946 3408 τέταρτον
965 3340 1045 3408 ἔγωγε
1064 3337 1203 3410 πειρῴμην
1230 3336 1267 3394 ἂν
1287 3341 1332 3395 λε’·

334 3453 405 3504 γαν,
433 3433 465 3489 τὸ
488 3435 550 3502 περλ
574 3432 624 3496 τὰς
643 3430 820 3502 καρτερήσεις
837 3435 893 3486 τῶν
912 3430 1071 3500 ἀλγηδόνων
1090 3429 1161 3486 πολὺ
1179 3431 1245 3500 παρ’
1263 3431 1332 3502 ἡμῖν

333 3525 493 3598 γιγνόμενον
513 3527 541 3580 iv
565 3547 594 3580 τε
613 3532 674 3588 ταῖς
695 3523 766 3592 πρὸς
786 3523 920 3594 ἀλλήλους
938 3530 999 3586 ταῖς
1019 3523 1095 3592 χερσὶ
1112 3522 1215 3592 μάχαις
1233 3525 1280 3579 καῖ
1300 3527 1331 3581 ἐν

334 3617 473 3688 ἁρπαγαῖς
491 3620 545 3673 erni
565 3619 613 3673 ὁιῖι
632 3621 741 3672 πολλῶν
760 3621 869 3686 πληγῶν
895 3615 1026 3671 ἑκάστοτε
1043 3615 1218 3685 γιγνομὲνων.
1256 3620 1330 3670 Nihil

332 3717 443 3780 apertius
461 3731 538 3778 quam
558 3717 679 3780 scriptum
699 3713 859 3762 oiimiuisse:
879 3707 908 3764 dv
927 3707 1065 3778 ἁρπαγαῖς
1082 3708 1137 3762 τισλ
1156 3707 1204 3762 διὰ
1218 3713 1330 3764 πολλῶν

334 3809 441 3874 πληγῶν
469 3804 599 3860 ἑκάστοτε
626 3801 805 3872 γιγνομέναις.
853 3805 910 3856 Νοο
939 3807 1023 3856 minus
1053 3815 1183 3871 apertum,
1211 3805 1327 3854 ciusdem

333 3901 417 3963 operis
438 3899 504 3948 libro
525 3897 552 3947 11
572 3915 596 3962 p.
619 3901 666 3946 657
685 3898 706 3944 B
727 3897 888 3947 scribendum
908 3913 974 3946 esse:
995 3893 1031 3957 ῶς
1054 3916 1069 3963 η
1088 3899 1136 3964 τῆς
1157 3891 1261 3964 ἡδονῆς
1281 3895 1329 3948 καὶ

333 3989 419 4057 λύπης
447 3987 557 4057 ζήτησις
575 3991 625 4042 τοῦ
657 3991 738 4059 καινῇ
757 3991 846 4057 ζητεῖν
872 3986 916 4042 cisi
933 3991 1051 4060 μουσικῇ
1069 3991 1205 4057 χρῆσθαι,
1227 3987 1329 4056 σχεδὸν

332 4079 366 4134 οὐ
384 4081 502 4150 μεγάλην
528 4079 592 4133 τινὰ
612 4073 731 4147 δύναμιν
749 4079 812 4148 Ιἔγει
830 4077 901 4146 πρὸς
918 4078 950 4133 τὸ
970 4080 1137 4146 διαφθεῖραι
1157 4079 1208 4149 τὴν
1227 4085 1327 4136 καθιε-
