2820 4646
254 237 310 288 Lib.
325 237 408 288 XLV.
755 241 813 299 592

253 423 416 482 ordinem
439 423 549 482 edere
571 423 740 497 (angeben),
784 423 819 480 In
843 421 942 482 codice
964 431 1020 480 est:
1042 425 1087 482 Et
1109 427 1218 484 aliter
1241 428 1317 486 edi-

254 541 322 589 tus.
373 528 562 590 Scriboudum
586 527 713 586 videt-ur:
736 529 781 588 Et
804 529 879 588 alia
900 528 1074 590 traditur.
1127 533 1174 590 Ex
1195 534 1320 592 aliatr

253 647 347 695 ertum
370 637 487 694 aliter.
542 637 636 702 (Ante
669 635 871 711 Kreyssigium
903 633 1097 693 scribebatur:
1130 637 1175 696 Et
1201 640 1320 698 aliter

251 743 423 804 traditur.
468 741 606 802 Senserat
627 740 772 817 Grynaeus
793 741 976 798 insolentiam
999 742 1028 798 iu
1052 743 1154 802 edendi
1179 747 1296 820 verbo.)

335 848 409 926 Cnp.
434 853 461 922 2,
484 851 519 906 3:
544 847 675 923 Legati
698 846 729 923 (a
751 847 786 908 L.
811 846 935 904 AEmilio
955 848 1074 906 consule
1091 851 1220 910 victorias
1241 871 1319 910 nnn·

251 955 283 1014 tii
306 956 398 1029 missi)
505 955 540 1012 in
561 954 678 1012 iorum
701 953 744 1009 ad
766 953 931 1010 tribunal
952 967 1208 1031 perrexerunt.
1243 959 1318 1017 Plu·

251 1079 286 1118 ra
306 1071 389 1118 erant
409 1061 439 1118 in
471 1061 537 1119 fore
570 1058 736 1119 tribunalia.
794 1057 910 1118 Codex:
941 1060 976 1118 in
1013 1059 1129 1119 iorum
1163 1073 1201 1120 at
1233 1067 1317 1124 urbi

251 1177 503 1243 perrexerunt.
547 1168 610 1224 Aut
631 1165 674 1222 ad
697 1175 888 1241 pretorem
909 1168 1085 1226 urbanum
1110 1165 1314 1245 (adprurb.

251 1283 301 1330 aut
323 1274 365 1330 ad
387 1269 566 1349 trib[unal
598 1269 783 1349 pretoria]
812 1273 886 1330 urb.
905 1273 1026 1331 Livium
1050 1275 1208 1351 scripsisse,
1230 1277 1315 1335 intel-

250 1378 347 1454 ligitur
369 1399 385 1437 e
407 1399 430 1440 c.
453 1384 503 1450 ld,
526 1383 557 1436 4:
580 1378 610 1434 is
632 1378 777 1450 (Prusias)
874 1379 918 1436 ad
940 1379 1058 1438 sorum
1080 1401 1099 1438 a
1120 1394 1230 1458 porta
1252 1385 1314 1442 tri·

250 1485 434 1560 bunalque
456 1487 491 1560 Q.
514 1483 636 1544 Cassii
658 1484 829 1558 praetoris
850 1487 1028 1561 perrexit;
1050 1506 1118 1545 nam
1141 1488 1177 1562 Q.
1192 1487 1314 1548 Cassius

250 1591 390 1648 urbanam
413 1591 639 1650 iurisdictionem
660 1591 797 1647 babebat.
845 1589 910 1649 Lib.
938 1593 1075 1664 XXVII,
1097 1598 1144 1664 50,
1169 1597 1186 1652 9
1210 1595 1315 1654 litterae

250 1697 383 1755 dicuntur
414 1717 478 1774 per
510 1697 627 1754 iorum
660 1696 702 1752 ad
733 1695 899 1753 tribunal
922 1699 1090 1774 praetoris
1112 1700 1194 1757 late
1231 1701 1312 1770 (Put.

249 1803 413 1860 tribunal
436 1803 615 1880 perlatae);
637 1803 779 1860 urbanum
803 1801 923 1879 intelligi
934 1804 1033 1862 Livius
1056 1806 1157 1876 voluit,
1178 1807 1235 1864 nisi
1260 1827 1312 1864 ex-

250 1909 319 1966 cidit
340 1911 414 1966 urb.
500 1907 594 1966 Paulo
616 1918 684 1984 post
720 1913 748 1978 (ξ
781 1907 811 1982 5)
845 1906 934 1984 legat-i
964 1911 1133 1985 exposuisse
1167 1912 1313 1984 dicuntur,

250 2033 352 2090 quam
375 2033 448 2072 cum
471 2013 599 2090 paucis
620 2033 685 2072 rex
706 2012 875 2090 fugisset.
931 2015 1000 2074 Non
1030 2017 1187 2076 admodum
1215 2019 1314 2095 placet

248 2120 309 2177 haec
330 2119 485 2195 paucitatis
506 2119 615 2178 mentio
637 2119 767 2178 subiecta
788 2120 922 2196 proxime
943 2120 1015 2178 illis:
1049 2141 1153 2197 quam
1177 2143 1311 2200 pauco·

248 2245 323 2284 rum
348 2227 500 2284 militum
531 2226 680 2283 iectura
709 2235 814 2284 tenta
844 2227 1003 2284 hostiurn
1030 2241 1177 2305 strages
1200 2229 1310 2288 facta.

248 2333 362 2393 Codex:
384 2351 487 2408 quam
510 2331 618 2407 pauci
640 2350 704 2389 rex
729 2331 902 2408 fugisset
947 2332 1069 2409 Opinon,
1086 2335 1200 2392 Livium
1217 2336 1312 2412 scrip·

226 2441 332 2498 'sisse:
364 2458 466 2515 quam
499 2439 632 2520 pauide
663 2457 727 2495 rex
761 2438 931 2514 lugisset.
992 2441 1069 2498 Tum
1102 2443 1179 2511 59,
1201 2442 1252 2498 ubi
1274 2442 1311 2498 de

247 2545 314 2604 belli
336 2563 407 2602 cura
428 2555 457 2602 et
478 2555 625 2620 apparatu
646 2544 755 2601 omisso
777 2543 942 2620 exponitur,
980 2547 1041 2604 baee
1062 2547 1209 2623 leguntur:
1242 2549 1311 2605 Na-

247 2670 319 2722 vae,
342 2669 416 2726 quse
437 2651 472 2708 in
495 2651 624 2709 Tiberi
647 2659 784 2727 paratae
805 2651 1311 2727 instructaquestabantmt,

246 2758 276 2815 si
297 2778 361 2816 rex
382 2768 508 2834 posset
529 2757 722 2827 resistere,
744 2757 778 2814 in
795 2757 1049 2814 Macedoniam
1064 2759 1312 2826 mitterentur,

246 2863 396 2921 subduci
420 2873 453 2920 et
474 2863 510 2931 iu
530 2862 732 2920 navalibus
754 2862 936 2920 collocari
1043 2863 1197 2940 placuit.
1245 2864 1312 2922 Nec

246 2969 344 3044 regis
375 2968 491 3025 nomine
523 2976 582 3025 tam
619 2969 696 3025 nude
718 2969 844 3026 Perseus
875 2969 922 3026 hic
943 2969 1098 3044 significari
1125 2978 1258 3046 poterat,
1280 2971 1311 3026 in

245 3073 386 3150 proximis
407 3092 465 3130 non
487 3083 751 3144 commemoratus,
784 3093 837 3132 nec
857 3075 1057 3146 resistere,
1085 3076 1189 3134 nedum
1212 3076 1311 3132 resi·

245 3189 341 3239 storo
363 3187 488 3256 posset
511 3189 610 3255 aptum
634 3189 678 3237 est
705 3179 741 3236 ad
765 3180 904 3238 maiorem
926 3181 994 3239 belli
1016 3182 1121 3239 molem
1143 3191 1171 3238 et
1193 3181 1311 3256 pericu·

244 3287 304 3344 lum
327 3285 565 3362 significandum,
599 3295 650 3343 aut
671 3287 790 3344 omnino
811 3287 841 3343 in
869 3287 924 3344 hac
945 3305 977 3344 re
1000 3288 1047 3360 (de
1069 3287 1218 3362 sequendis
1242 3287 1312 3344 belli

245 3393 368 3466 viribus)
391 3393 486 3451 locum
509 3393 606 3450 habet.
661 3393 697 3449 In
718 3391 817 3449 codice
848 3392 998 3450 scribiturz
1034 3393 1063 3450 si
1093 3411 1150 3450 res
1181 3403 1312 3468 posset

244 3499 432 3558 resistere.
476 3497 639 3574 Scripserat
656 3497 771 3554 Livius:
793 3497 825 3554 si
845 3515 902 3556 res
924 3517 1084 3574 poscere
1107 3499 1311 3557 videretur.

245 3605 374 3664 Primum
398 3623 617 3680 exposcere
640 3603 749 3662 iactum
772 3621 949 3680 poscere,
971 3615 1032 3663 tum
1056 3605 1166 3678 reliqua
1186 3611 1266 3660 nata.

328 3710 401 3787 Cap.
426 3713 454 3782 3,
478 3715 495 3768 5
515 3711 558 3784 (in
580 3710 714 3768 oratione
735 3709 943 3786 Agesipolidis‚
964 3711 1051 3787 legati
1067 3709 1205 3777 Rluodiil:
1220 3711 1311 3767 For-

244 3829 364 3875 tunam
386 3817 544 3893 perbeno
566 3816 719 3888 iecisse,
741 3818 907 3892 quando,
929 3815 1039 3874 finito
1062 3816 1172 3874 aliter
1194 3815 1311 3888 bello,

244 3922 462 3996 gratulandi
490 3923 562 3980 sibi
593 3923 634 3978 de
666 3921 828 3980 viatoria
860 3921 1010 3998 egregia
1035 3922 1211 3982 Romanis
1243 3943 1311 4000 op·

244 4027 510 4098 portunitatem
531 4027 706 4084 dedisset.
736 4027 1153 4104 Ineptehuiusmedilaustam
1176 4027 1311 4087 modeste
