2826 4640
597 276 656 332 545
912 312 914 317 s
1001 273 1058 324 Lib.
1076 274 1160 324 xm.

94 474 119 516 c.
144 458 188 525 9),
222 456 274 513 sed
295 454 326 512 id
346 453 452 530 ipsum,
483 453 563 529 quod
591 472 646 530 ego
678 454 756 529 apud
778 454 895 512 Livium
917 455 1026 516 cilicio:
1055 454 1160 540 δισχι-

94 556 189 629 ir'oue
221 555 468 628 πεντακοσίους
495 551 622 637 ἄνδρας
638 546 798 640 α’γαθούο
828 561 951 636 (equites
978 563 1159 639 peditesque)

93 655 271 729 eins'acews
302 663 359 728 aul
393 662 521 741 ζῶντος
549 657 675 733 ἄλλους
705 661 899 755 ἑξακοσίους
927 663 1053 748 ἔλαβεν
1075 669 1159 736 (utri-

93 789 188 847 usque
208 772 346 849 generis).

178 874 252 952 Cep.
277 879 326 948 ol,
349 880 385 936 3:
417 877 502 934 Huc
530 895 594 952 per
626 892 665 931 se
694 876 816 952 ample
841 877 1020 953 pleraque
1040 880 1159 938 multi·

93 981 238 1058 plicata
258 983 386 1041 verbis
407 980 524 1056 regis,
554 997 629 1055 quoe
651 979 694 1038 ed
716 981 924 1040 contionem
946 992 1079 1042 vocato
1102 1003 1159 1042 ex·

94 1087 215 1145 ercitu
243 1087 385 1149 hebuit.
441 1087 511 1144 Non
543 1085 737 1161 pleraque,
766 1086 818 1144 sed
848 1087 946 1144 omnia
976 1087 1039 1146 sine
1070 1089 1159 1150 dubio

94 1201 191 1250 aucte.
228 1190 344 1251 Codex:
366 1191 614 1268 emplerequae
635 1190 892 1268 multiplicata
925 1193 1050 1250 Duobus
1071 1194 1160 1271 igitur

94 1296 360 1356 adiectirisLioius
381 1315 451 1355 usus
472 1305 548 1354 oret:
570 1293 1006 1374 ample[prtecle]roque.
1049 1301 1158 1374 (Weis-

93 1402 266 1460 senbornius
287 1401 382 1461 minus
403 1411 481 1460 recte
503 1402 561 1458 duo
582 1398 899 1479 perticipiaeffeciul¹l
942 1403 1058 1462 Deinde
1080 1405 1108 1482 (ξ
1125 1405 1156 1481 5)

92 1508 124 1564 in
146 1507 313 1566 codioeest:
336 1508 458 1566 lectos
478 1507 513 1565 in
537 1517 696 1584 patrum,
718 1525 791 1565 non:
813 1507 935 1567 lectos
956 1511 992 1567 in
1013 1520 1156 1587 potrum

93 1631 294 1685 numerum:
316 1623 387 1690 puto
404 1613 519 1671 Livium
536 1612 641 1670 usitate
655 1611 823 1688 scripsisse:
838 1613 958 1672 lectos
973 1615 1007 1673 in
1022 1626 1157 1692 potres.

93 1718 191 1776 Penio
208 1720 312 1794 post&
333 1718 398 1788 8‚in
412 1717 514 1776 eedem
530 1717 662 1776 oratione
676 1717 907 1792 Persei)editur:
929 1723 1005 1778 Aut
1024 1723 1056 1780 si
1078 1723 1158 1781 acie

94 1824 294 1882 decernere
321 1822 464 1894 volent,
500 1823 648 1881 eundem
681 1841 806 1899 pugnus
833 1825 1021 1900 pedestris
1053 1845 1157 1884 eveu-

93 1939 167 1986 tum
192 1936 439 2005 exspectate,¹
459 1929 520 2003 qui
551 1929 715 2003 equitum
746 1929 782 1986 in
812 1931 1013 1988 certamine
1034 1931 1156 1993 fuerit.

93 2033 200 2108 Neque
235 2031 418 2090 coniunctivo
450 2033 480 2090 in
513 2035 732 2110 comparatione
759 2035 803 2093 rei
833 2055 927 2112 nuper
957 2045 1024 2093 ante
1058 2037 1157 2096 oculos

93 2137 224 2196 omnium
245 2148 335 2213 gestoe
357 2156 451 2212 neque
473 2137 572 2197 futuro
594 2149 698 2198 exacto
719 2140 801 2198 locus
822 2151 880 2211 est;
901 2141 1084 2200 scribendum
1105 2161 1157 2200 ne-

93 2243 223 2300 cessario
252 2253 310 2301 est:
341 2244 401 2318 qui
433 2287 462 2305 ..
492 2245 572 2303 fuit.
624 2245 762 2303 Erretum
795 2247 834 2303 cb
863 2263 987 2320 sequens
1009 2255 1051 2303 et.
1099 2246 1158 2306 Sed

92 2359 237 2428 praeterea
269 2349 355 2406 vuldo
387 2351 528 2426 suspicor,
559 2351 673 2409 Livium
710 2349 873 2426 scripsisse:
905 2351 965 2425 qui
998 2351 1158 2424 equitum

93 2456 311 2513 certaminis
331 2455 418 2531 luit,
441 2475 478 2514 ex
498 2476 527 2519 n
548 2467 643 2514 ortum
666 2473 730 2514 esse
745 2455 797 2526 in,
820 2454 923 2512 deinde
945 2455 1159 2516 certamine.

93 2559 237 2618 Extremo
252 2561 348 2636 cupito
370 2563 452 2634 (ΙΙ),
480 2562 530 2621 ubi
562 2561 727 2620 declaretur
756 2560 828 2618 situs
857 2559 975 2630 tumuli,
1009 2559 1047 2616 ed
1072 2577 1158 2634 quem

93 2665 222 2724 Perseus
243 2674 339 2724 cestre
369 2666 481 2743 posuit,
509 2677 538 2726 et
568 2667 697 2725 narratio
729 2665 766 2723 ed
795 2667 946 2724 Roruuuos
977 2663 1159 2736 transfertur,

94 2771 226 2847 vestigiis
245 2771 354 2830 codicis
385 2774 565 2844 (tumulus
587 2771 665 2847 hijo
688 2780 772 2830 cute
793 2779 975 2846 tempesto
999 2779 1054 2828 est
1075 2771 1159 2829 emi·

93 2886 159 2936 net
188 2877 310 2934 lurisae
340 2877 479 2935 medius
510 2879 639 2936 abesto
675 2895 757 2935 num
787 2895 858 2934 non
886 2877 1160 2936 abscondentes

96 2983 143 3041 ed
164 2983 250 3059 ripa
270 2983 404 3058 poenei
425 2983 492 3054 cet.)
521 2984 644 3042 obscure
674 2981 831 3059 significari
859 2981 974 3039 videtur
995 2982 1161 3042 huiusmodi

95 3087 238 3146 orationis
260 3085 372 3146 iorme:
403 3088 564 3146 tumulus
584 3088 643 3146 hic
665 3099 749 3146 ante
772 3089 911 3163 Tempe
932 3087 1075 3158 eminet,
1097 3089 1161 3146 Le·

17 3175 22 3186 ¹
94 3193 183 3250 risse
205 3191 253 3268 [et
275 3191 302 3270 ι]
325 3193 480 3265 medios;
502 3195 612 3252 abest
634 3227 647 3252 .
663 3227 676 3252 .
699 3189 882 3270 [Romani]
904 3209 973 3249 uon
995 3203 1049 3250 ete.
1093 3194 1161 3251 Me·

94 3297 193 3355 dium
227 3297 302 3356 enim
333 3299 491 3358 Lerissae
512 3309 547 3357 et
569 3297 741 3371 (Gonuiil
767 3297 908 3355 tumulum
931 3295 1032 3354 Livius
1054 3296 1163 3354 dixisse

94 3401 212 3460 videtur
233 3403 334 3462 οοᾶοιο
358 3405 465 3476 modo,
496 3423 554 3480 quo
577 3403 701 3464 Ovidius
722 3403 848 3461 locum
871 3400 1022 3460 medium
1044 3399 1162 3476 iuguli

94 3515 135 3566 ot
155 3506 299 3567 lacerti.
343 3509 402 3570 Sed
422 3528 469 3568 res
489 3509 601 3568 incerto
621 3517 674 3568 est

181 3610 256 3690 (lep.
279 3616 369 3685 oud
400 3615 441 3690 (in
471 3615 603 3674 oratione
625 3631 735 3685 eorum,
767 3614 817 3688 qui
837 3614 948 3671 Perseo
969 3611 1102 3680 suadent,
1130 3619 1163 3668 ut

95 3831 103 3837 -
114 3825 296 3836 ...η-ι...»-

114 3945 142 4012 ¹)
169 3949 217 4011 §l
245 3949 329 3999 dous
354 3984 362 4001 .
383 3981 390 3997 .
412 3949 498 3997 dono
530 3947 632 3996 dubet
658 3947 713 3994 iure
742 3943 972 3995 Drelcnborchius
1001 3943 1162 4008 improbarit

171 4041 325 4092 Tollendum
344 4040 435 4090 dona

126 4147 235 4187 lauvlutl
243 4149 339 4186 Russus.
348 4146 405 4185 brev.
931 4131 965 4176 ³5
