2800 4646
258 272 480 323 ummvm.
762 277 822 334 stt

258 457 422 520 Simul..
447 467 633 534 ostentat3
662 477 768 535 quum
798 458 895 516 levis
917 467 1102 516 armatura
1123 459 1198 518 tale
1218 477 1314 534 proe-

258 565 350 623 lium
379 563 560 634 ediderit,
593 564 680 639 quid
711 565 755 621 ab
776 563 987 639 legionibus
1091 564 1315 640 exspectari?

258 670 402 747 Exempla
424 671 591 730 adscribere
611 691 671 730 non
692 670 790 742 deoet;
812 670 838 726 si
860 670 925 746 quis
948 669 1077 744 requirit,
1098 681 1194 728 sumat
1215 689 1252 728 ex
1272 671 1315 740 iis,

257 795 322 852 quas
342 775 478 853 praecepti
501 777 691 836 confirmandi
713 793 803 833 causa
823 775 909 851 posui
931 775 987 852 Op.
1011 776 1067 834 Ac.
1090 777 1131 836 ΙΙ.
1153 795 1182 852 p.
1207 777 1275 836 213.

340 881 412 957 Cap.
437 885 497 953 23,
526 885 543 940 2
569 884 617 954 (de
638 880 735 942 Gallis
760 899 776 937 e
798 880 901 938 castris
922 881 1098 957 fugientibus
1121 891 1150 939 et
1172 899 1258 939 coeco
1283 881 1316 938 ti·

257 1007 337 1046 more
361 1007 414 1063 per
445 1007 519 1044 saxa
540 989 720 1054 ruentibus)=
752 987 884 1061 Itaque
911 986 1082 1062 plerique
1103 989 1316 1064 precipites

255 1113 319 1170 per
340 1103 477 1152 vastam
501 1093 735 1152 altitudinem
759 1092 928 1170 prolapsi
958 1101 1020 1150 eut
1040 1092 1233 1151 debilitati
1259 1113 1317 1151 ex-

257 1200 476 1258 animentur.
532 1199 696 1257 llidicnlam
717 1215 789 1256 vero
811 1197 1034 1268 distinctionem,
1058 1209 1089 1255 ut
1120 1199 1168 1256 alii
1189 1219 1244 1274 per
1266 1219 1314 1256 va·

255 1317 330 1364 stan
352 1303 531 1364 altitudinem
553 1305 684 1381 prolapsi
706 1305 824 1379 integris
845 1303 983 1362 membris
1015 1303 1065 1378 (-
1095 1304 1151 1361 hoc
1179 1305 1255 1362 enim
1281 1323 1316 1362 ex

255 1411 400 1470 contrario
429 1411 560 1486 sequitur
584 1410 637 1486 -)
660 1411 877 1482 exanimentur,
907 1410 957 1468 alii
975 1410 1037 1468 sine
1059 1410 1247 1486 prolapsione
1268 1429 1314 1468 ne

255 1518 315 1576 scio
337 1535 395 1592 quo
420 1517 507 1574 modo
530 1515 680 1574 debilitati.
714 1518 863 1592 Apparet,
885 1516 1002 1574 eosdem
1024 1515 1155 1574 homines
1177 1535 1231 1592 per
1244 1536 1315 1592 prro·

253 1623 352 1699 cipitia
378 1621 532 1699 prolapsos
568 1621 669 1679 fractis
706 1631 736 1678 et
767 1619 845 1680 elisis
871 1623 1008 1682 membris
1036 1621 1221 1680 exanimatos
1244 1641 1315 1679 esse

254 1728 445 1788 Scribendum
465 1729 554 1804 igitur
577 1739 639 1799 est,
661 1737 724 1785 aut
745 1727 874 1786 sublato:
902 1748 965 1805 per
985 1738 1127 1786 vastam
1150 1729 1314 1786 altitudi-

253 1853 329 1891 nem
350 1833 532 1909 prolapsi,
556 1833 747 1891 debilitati
770 1835 1043 1894 exanimantur.
1091 1835 1227 1892 Alterum
1248 1853 1314 1910 par·

252 1938 381 2014 tieipium
403 1938 613 2014 precedentem
635 1955 764 2008 censam,
796 1939 918 1998 altemrn
951 1943 1068 1999 modum
1103 1940 1144 1998 rei
1173 1940 1313 2015 significat

254 2043 568 2120 (prolabunturet
591 2042 783 2102 debilitati
816 2046 940 2121 exam).
982 2047 1095 2105 Eodem
1123 2046 1219 2121 capite
1240 2045 1313 2102 infre

253 2154 286 2221 (5
313 2150 371 2223 10),
392 2148 443 2206 ubi
465 2149 572 2206 editur:
595 2149 704 2207 armis
725 2150 885 2208 hostium
913 2153 948 2209 in
978 2171 1046 2210 uno
1068 2151 1312 2209 concrematis

249 2257 411 2324 cumulo,
452 2255 545 2330 magis
591 2255 719 2332 placeret
754 2273 823 2312 uuo
865 2256 1111 2315 concrematis
1155 2256 1313 2324 cumulo,

249 2361 357 2419 omissa
379 2359 600 2437 praepositione,
623 2379 688 2436 qum
709 2373 777 2437 post
797 2383 824 2425 ι
846 2361 983 2420 facillime
1010 2363 1079 2420 oriri
1100 2373 1218 2438 poterat
1240 2363 1312 2431 (vid.

249 2465 287 2522 ad
312 2467 349 2536 V,
375 2471 424 2534 tt,
448 2467 494 2540 6),
517 2477 550 2523 ut
570 2465 716 2524 ablativus
738 2466 855 2524 modum
879 2468 1056 2543 significaret
1081 2469 1153 2538 (ita,
1187 2477 1221 2524 ut
1242 2487 1312 2526 unus

249 2583 325 2628 esset
346 2572 504 2642 cumulus),
527 2571 772 2647 quemadmodum
794 2573 820 2642 I,
843 2577 898 2642 37,
923 2578 939 2630 5
963 2574 1062 2630 Livius
1083 2574 1212 2649 scripsit:
1234 2591 1312 2649 spo-

249 2675 311 2732 liis
336 2677 492 2735 hostium
521 2721 549 2738 ..
579 2677 724 2754 ingenti
746 2677 888 2734 cumulo
916 2680 1093 2738 accensis.

331 2779 405 2856 Cap.
431 2783 479 2852 26,
512 2787 528 2840 d
564 2784 606 2853 (in
630 2782 823 2858 descriptione
856 2784 929 2842 aciei
951 2785 1134 2852 Gallorumtr
1156 2787 1309 2844 Ariara-

247 2883 326 2940 this
348 2883 591 2962 Cappadoces
625 2899 660 2946 et
680 2889 796 2946 Morzi
827 2891 1039 2949 auxiliares
1062 2892 1097 2948 in
1120 2889 1210 2948 lavo
1234 2893 1309 2964 (cor-

247 2988 299 3062 un)
334 3001 511 3064 quattuor
551 2993 664 3052 terme
701 2994 837 3052 milium
877 3015 1060 3054 numerum
1100 2997 1307 3073 explebant

246 3093 344 3152 Pravo
372 3095 447 3152 inter
478 3116 579 3172 regum
619 3099 738 3158 nomina
766 3101 904 3176 copulata
925 3102 1117 3178 interponitur
1138 3103 1307 3160 adieetivum

246 3199 284 3256 ad
305 3201 512 3260 auxiliares
534 3204 695 3279 pertinens;
721 3225 816 3281 neque
844 3225 898 3282 pro
920 3209 1101 3266 substantivo
1124 3207 1306 3284 Cappado-

245 3323 305 3364 ces
333 3324 396 3364 esse
417 3317 528 3384 potest,
560 3310 699 3386 quoniam
732 3331 824 3388 prave
845 3313 887 3370 sic
909 3313 1093 3374 auxiliarium
1116 3314 1306 3390 appellatione

246 3409 436 3488 Cappadoces
474 3414 673 3478 excluduntur.
744 3418 844 3476 Livius
877 3418 1049 3494 scripserat:
1092 3419 1305 3478 Ariarathis

245 3515 477 3594 Cappadocis
499 3531 535 3577 et
555 3521 671 3580 Morzi
694 3524 913 3596 auxiliares,
954 3531 986 3582 ut
1007 3526 1076 3594 XL,
1101 3527 1149 3596 20,
1175 3531 1204 3582 l:
1235 3526 1305 3583 Eu·

245 3623 357 3681 menis
381 3637 415 3684 et
434 3625 651 3684 Ariarathis
674 3627 910 3706 Cappadocis
932 3641 966 3688 et
987 3631 1194 3688 Pharnacis
1220 3632 1304 3689 Pon·

244 3727 318 3786 tici.
362 3733 502 3790 Proxime
524 3741 591 3790 anto
613 3733 644 3808 (§
669 3736 699 3806 3)
721 3753 779 3792 ιιοιι
808 3735 1048 3808 locaverunt,
1079 3737 1131 3795 sed
1159 3737 1303 3794 locere·

243 3845 328 3891 rant
349 3855 368 3893 s
390 3837 474 3895 Livio
496 3838 635 3914 scriptum
647 3847 719 3914 puto
740 3841 826 3914 (inter
848 3843 1028 3900 tenebant
1047 3842 1302 3919 etexplebant).

243 3939 433 4014 Describitur,
448 3945 694 4018 quemadmodum
716 3945 774 4004 iam
797 3945 966 4006 instructam
979 3949 1107 4007 Manlius
1127 3950 1219 4008 eciem
1234 3947 1303 4008 Gal·
1368 4007 1369 4042 ,

241 4041 334 4101 lorum
356 4045 506 4104 invenerit.
1368 4043 1369 4061 Χ
