<?xml version="1.0" encoding="UTF-8"?>
<!DOCTYPE html PUBLIC "-//W3C//DTD XHTML 1.0 Transitional//EN"
    "http://www.w3.org/TR/xhtml1/DTD/xhtml1-transitional.dtd">
<html xmlns="http://www.w3.org/1999/xhtml" xml:lang="en" lang="en">
 <head>
  <title>
</title>
<meta http-equiv="Content-Type" content="text/html;charset=utf-8" />
  <meta name='ocr-system' content='tesseract 3.04.00' />
  <meta name='ocr-capabilities' content='ocr_page ocr_carea ocr_par ocr_line ocrx_word'/>
</head>
<body>
  <div class='ocr_page' id='page_1' title='image "./emendationesliv02madvgoog_0175.png"; bbox 0 0 2822 4648; ppageno 0'>
   <div class='ocr_carea' id='block_1_1' title="bbox 313 296 835 361">
    <p class='ocr_par' dir='ltr' id='par_1_1' title="bbox 313 296 835 361">
     <span class='ocr_line' id='line_1_1' title="bbox 313 296 835 361; baseline 0.006 -15"><span class='ocrx_word' id='word_1_1' title='bbox 313 296 370 346; x_wconf 80' lang='lat' dir='ltr'><strong>nu.</strong></span> <span class='ocrx_word' id='word_1_2' title='bbox 388 297 464 350; x_wconf 84' lang='lat' dir='ltr'><strong>vm.</strong></span> <span class='ocrx_word' id='word_1_3' title='bbox 779 305 835 361; x_wconf 81' lang='lat' dir='ltr'><strong>tto</strong></span> 
     </span>
    </p>
   </div>
   <div class='ocr_carea' id='block_1_2' title="bbox 272 483 1341 2042">
    <p class='ocr_par' dir='ltr' id='par_1_2' title="bbox 272 483 1339 771">
     <span class='ocr_line' id='line_1_2' title="bbox 272 483 1338 556; baseline 0.003 -17"><span class='ocrx_word' id='word_1_4' title='bbox 272 487 300 550; x_wconf 68' lang='grc' dir='ltr'><strong>(ξ</strong></span> <span class='ocrx_word' id='word_1_5' title='bbox 326 483 343 539; x_wconf 84' lang='lat'><strong>2</strong></span> <span class='ocrx_word' id='word_1_6' title='bbox 368 502 443 540; x_wconf 87' lang='lat' dir='ltr'><strong>eum</strong></span> <span class='ocrx_word' id='word_1_7' title='bbox 466 503 507 542; x_wconf 92' lang='lat' dir='ltr'><strong>eo</strong></span> <span class='ocrx_word' id='word_1_8' title='bbox 528 495 566 543; x_wconf 91' lang='lat' dir='ltr'><strong>ut</strong></span> <span class='ocrx_word' id='word_1_9' title='bbox 587 487 679 545; x_wconf 77' lang='lat' dir='ltr'><strong>aedes</strong></span> <span class='ocrx_word' id='word_1_10' title='bbox 702 517 741 528; x_wconf 90' lang='lat'><em>-</em></span> <span class='ocrx_word' id='word_1_11' title='bbox 766 494 876 556; x_wconf 85' lang='lat' dir='ltr'><strong>essct,</strong></span> <span class='ocrx_word' id='word_1_12' title='bbox 898 490 914 555; x_wconf 83' lang='lat'>§</span> <span class='ocrx_word' id='word_1_13' title='bbox 937 485 953 541; x_wconf 84' lang='lat'>8</span> <span class='ocrx_word' id='word_1_14' title='bbox 977 501 1052 540; x_wconf 91' lang='lat' dir='ltr'><strong>cum</strong></span> <span class='ocrx_word' id='word_1_15' title='bbox 1079 503 1119 540; x_wconf 89' lang='lat' dir='ltr'><strong>eo</strong></span> <span class='ocrx_word' id='word_1_16' title='bbox 1141 493 1178 541; x_wconf 84' lang='lat' dir='ltr'><strong>ut</strong></span> <span class='ocrx_word' id='word_1_17' title='bbox 1199 485 1338 542; x_wconf 84' lang='lat' dir='ltr'><strong>Antia-</strong></span> 
     </span>
     <span class='ocr_line' id='line_1_3' title="bbox 273 589 1339 668; baseline 0.005 -23"><span class='ocrx_word' id='word_1_18' title='bbox 273 589 372 646; x_wconf 87' lang='lat' dir='ltr'><strong>tibus</strong></span> <span class='ocrx_word' id='word_1_19' title='bbox 394 591 691 668; x_wconf 70' lang='lat' dir='ltr'><strong>permitteretur)</strong></span> <span class='ocrx_word' id='word_1_20' title='bbox 714 601 743 649; x_wconf 88' lang='lat' dir='ltr'><strong>et</strong></span> <span class='ocrx_word' id='word_1_21' title='bbox 764 593 877 650; x_wconf 89' lang='lat' dir='ltr'><strong>duobus</strong></span> <span class='ocrx_word' id='word_1_22' title='bbox 897 599 1038 668; x_wconf 73' lang='lat' dir='ltr'><strong>proterea</strong></span> <span class='ocrx_word' id='word_1_23' title='bbox 1059 589 1129 646; x_wconf 84' lang='lat' dir='ltr'><strong>locis</strong></span> <span class='ocrx_word' id='word_1_24' title='bbox 1152 589 1270 666; x_wconf 75' lang='lat' dir='ltr'>(XXX,</span> <span class='ocrx_word' id='word_1_25' title='bbox 1287 595 1339 662; x_wconf 81' lang='lat'><strong>10,</strong></span> 
     </span>
     <span class='ocr_line' id='line_1_4' title="bbox 274 693 525 771; baseline 0.008 -19"><span class='ocrx_word' id='word_1_26' title='bbox 274 695 428 768; x_wconf 84' lang='lat' dir='ltr'>XXXVI,</span> <span class='ocrx_word' id='word_1_27' title='bbox 452 693 525 771; x_wconf 78' lang='lat'><strong>5).¹)</strong></span> 
     </span>
    </p>

    <p class='ocr_par' dir='ltr' id='par_1_3' title="bbox 273 800 1341 2042">
     <span class='ocr_line' id='line_1_5' title="bbox 358 800 1341 877; baseline 0 -17"><span class='ocrx_word' id='word_1_28' title='bbox 358 800 431 877; x_wconf 84' lang='lat' dir='ltr'><strong>Cap.</strong></span> <span class='ocrx_word' id='word_1_29' title='bbox 457 805 503 872; x_wconf 87' lang='grc'><strong>15,</strong></span> <span class='ocrx_word' id='word_1_30' title='bbox 524 805 541 862; x_wconf 88' lang='grc'>8</span> <span class='ocrx_word' id='word_1_31' title='bbox 563 804 692 861; x_wconf 86' lang='lat' dir='ltr'><strong>Minucia</strong></span> <span class='ocrx_word' id='word_1_32' title='bbox 714 802 851 871; x_wconf 77' lang='lat' dir='ltr'><strong>Vestalis,</strong></span> <span class='ocrx_word' id='word_1_33' title='bbox 873 801 898 858; x_wconf 88' lang='lat' dir='ltr'><strong>si</strong></span> <span class='ocrx_word' id='word_1_34' title='bbox 920 801 1033 860; x_wconf 85' lang='lat' dir='ltr'><strong>codices</strong></span> <span class='ocrx_word' id='word_1_35' title='bbox 1053 801 1208 874; x_wconf 81' lang='lat' dir='ltr'><strong>sequimur,</strong></span> <span class='ocrx_word' id='word_1_36' title='bbox 1230 802 1341 860; x_wconf 88' lang='lat' dir='ltr'><strong>dicitur</strong></span> 
     </span>
     <span class='ocr_line' id='line_1_6' title="bbox 273 905 1337 985; baseline 0.004 -23"><span class='ocrx_word' id='word_1_37' title='bbox 273 907 359 963; x_wconf 87' lang='lat' dir='ltr'><strong>viva</strong></span> <span class='ocrx_word' id='word_1_38' title='bbox 380 909 445 964; x_wconf 89' lang='lat' dir='ltr'><strong>sub</strong></span> <span class='ocrx_word' id='word_1_39' title='bbox 467 917 599 966; x_wconf 84' lang='lat' dir='ltr'><strong>terram</strong></span> <span class='ocrx_word' id='word_1_40' title='bbox 623 911 665 966; x_wconf 87' lang='lat' dir='ltr'><strong>ad</strong></span> <span class='ocrx_word' id='word_1_41' title='bbox 687 919 833 985; x_wconf 87' lang='lat' dir='ltr'><strong>portam</strong></span> <span class='ocrx_word' id='word_1_42' title='bbox 860 905 1043 965; x_wconf 83' lang='lat' dir='ltr'><strong>Collinam</strong></span> <span class='ocrx_word' id='word_1_43' title='bbox 1076 907 1206 965; x_wconf 82' lang='lat' dir='ltr'><strong>dextra</strong></span> <span class='ocrx_word' id='word_1_44' title='bbox 1238 909 1337 967; x_wconf 84' lang='lat' dir='ltr'><strong>viam</strong></span> 
     </span>
     <span class='ocr_line' id='line_1_7' title="bbox 273 1013 1339 1089; baseline 0.003 -21"><span class='ocrx_word' id='word_1_45' title='bbox 273 1021 427 1070; x_wconf 83' lang='lat' dir='ltr'><strong>stratam</strong></span> <span class='ocrx_word' id='word_1_46' title='bbox 451 1013 601 1071; x_wconf 85' lang='lat' dir='ltr'><strong>defossa</strong></span> <span class='ocrx_word' id='word_1_47' title='bbox 623 1015 815 1074; x_wconf 84' lang='lat' dir='ltr'><strong>Scelerato</strong></span> <span class='ocrx_word' id='word_1_48' title='bbox 837 1033 971 1089; x_wconf 80' lang='lat' dir='ltr'><strong>campo,</strong></span> <span class='ocrx_word' id='word_1_49' title='bbox 993 1013 1339 1088; x_wconf 83' lang='lat' dir='ltr'><strong>quodWeissenbornius</strong></span> 
     </span>
     <span class='ocr_line' id='line_1_8' title="bbox 274 1119 1339 1190; baseline 0.004 -16"><span class='ocrx_word' id='word_1_50' title='bbox 274 1128 406 1175; x_wconf 80' lang='lat' dir='ltr'><strong>onomat:</strong></span> <span class='ocrx_word' id='word_1_51' title='bbox 429 1119 473 1177; x_wconf 83' lang='lat' dir='ltr'><strong>ad</strong></span> <span class='ocrx_word' id='word_1_52' title='bbox 495 1121 659 1178; x_wconf 84' lang='lat' dir='ltr'><strong>dextram</strong></span> <span class='ocrx_word' id='word_1_53' title='bbox 684 1121 749 1178; x_wconf 82' lang='lat' dir='ltr'><strong>viae</strong></span> <span class='ocrx_word' id='word_1_54' title='bbox 771 1131 915 1190; x_wconf 77' lang='lat' dir='ltr'><strong>strata,</strong></span> <span class='ocrx_word' id='word_1_55' title='bbox 943 1119 981 1176; x_wconf 84' lang='lat' dir='ltr'><strong>ad</strong></span> <span class='ocrx_word' id='word_1_56' title='bbox 1002 1121 1227 1178; x_wconf 83' lang='lat' dir='ltr'><strong>confirmandum</strong></span> <span class='ocrx_word' id='word_1_57' title='bbox 1249 1121 1339 1178; x_wconf 88' lang='lat' dir='ltr'><strong>inau-</strong></span> 
     </span>
     <span class='ocr_line' id='line_1_9' title="bbox 273 1224 1339 1303; baseline 0.004 -23"><span class='ocrx_word' id='word_1_58' title='bbox 273 1224 364 1282; x_wconf 87' lang='lat' dir='ltr'><strong>ditum</strong></span> <span class='ocrx_word' id='word_1_59' title='bbox 395 1227 476 1283; x_wconf 82' lang='lat' dir='ltr'><strong>vocis</strong></span> <span class='ocrx_word' id='word_1_60' title='bbox 507 1227 636 1284; x_wconf 86' lang='lat' dir='ltr'><strong>dextra</strong></span> <span class='ocrx_word' id='word_1_61' title='bbox 664 1247 718 1303; x_wconf 93' lang='lat' dir='ltr'><strong>pro</strong></span> <span class='ocrx_word' id='word_1_62' title='bbox 746 1227 949 1302; x_wconf 72' lang='lat' dir='ltr'><strong>praepositione</strong></span> <span class='ocrx_word' id='word_1_63' title='bbox 971 1245 1036 1283; x_wconf 87' lang='lat' dir='ltr'><strong>cum</strong></span> <span class='ocrx_word' id='word_1_64' title='bbox 1058 1227 1224 1283; x_wconf 82' lang='lat' dir='ltr'><strong>accusativo</strong></span> <span class='ocrx_word' id='word_1_65' title='bbox 1248 1245 1339 1284; x_wconf 89' lang='lat' dir='ltr'><strong>usum</strong></span> 
     </span>
     <span class='ocr_line' id='line_1_10' title="bbox 274 1331 1337 1409; baseline 0.003 -22"><span class='ocrx_word' id='word_1_66' title='bbox 274 1331 334 1405; x_wconf 74' lang='lat' dir='ltr'><strong>(qui</strong></span> <span class='ocrx_word' id='word_1_67' title='bbox 365 1332 390 1390; x_wconf 88' lang='lat' dir='ltr'><strong>si</strong></span> <span class='ocrx_word' id='word_1_68' title='bbox 418 1332 493 1390; x_wconf 88' lang='lat' dir='ltr'><strong>ullus</strong></span> <span class='ocrx_word' id='word_1_69' title='bbox 523 1331 643 1403; x_wconf 75' lang='lat' dir='ltr'><strong>fuisset,</strong></span> <span class='ocrx_word' id='word_1_70' title='bbox 676 1333 833 1408; x_wconf 69' lang='lat' dir='ltr'><strong>saepissime</strong></span> <span class='ocrx_word' id='word_1_71' title='bbox 853 1331 1038 1409; x_wconf 84' lang='lat' dir='ltr'><strong>reperiretur)</strong></span> <span class='ocrx_word' id='word_1_72' title='bbox 1069 1331 1215 1388; x_wconf 80' lang='lat' dir='ltr'><strong>advocans</strong></span> <span class='ocrx_word' id='word_1_73' title='bbox 1243 1351 1337 1390; x_wconf 90' lang='lat' dir='ltr'><strong>unum</strong></span> 
     </span>
     <span class='ocr_line' id='line_1_11' title="bbox 274 1436 1339 1514; baseline 0.001 -22"><span class='ocrx_word' id='word_1_74' title='bbox 274 1436 347 1494; x_wconf 82' lang='lat' dir='ltr'><strong>AElii</strong></span> <span class='ocrx_word' id='word_1_75' title='bbox 369 1436 449 1496; x_wconf 88' lang='lat' dir='ltr'><strong>Galli</strong></span> <span class='ocrx_word' id='word_1_76' title='bbox 471 1438 566 1496; x_wconf 88' lang='lat' dir='ltr'><strong>locum</strong></span> <span class='ocrx_word' id='word_1_77' title='bbox 589 1439 666 1514; x_wconf 91' lang='lat' dir='ltr'><strong>apud</strong></span> <span class='ocrx_word' id='word_1_78' title='bbox 690 1441 809 1496; x_wconf 84' lang='lat' dir='ltr'><strong>Festum</strong></span> <span class='ocrx_word' id='word_1_79' title='bbox 833 1437 874 1514; x_wconf 88' lang='lat' dir='ltr'><strong>(v.</strong></span> <span class='ocrx_word' id='word_1_80' title='bbox 891 1447 1077 1512; x_wconf 85' lang='lat' dir='ltr'><strong>petrarum</strong></span> <span class='ocrx_word' id='word_1_81' title='bbox 1099 1458 1127 1514; x_wconf 93' lang='lat' dir='ltr'><strong>p.</strong></span> <span class='ocrx_word' id='word_1_82' title='bbox 1140 1440 1199 1495; x_wconf 80' lang='lat'><strong>206</strong></span> <span class='ocrx_word' id='word_1_83' title='bbox 1210 1438 1339 1510; x_wconf 76' lang='lat' dir='ltr'><strong>Muell.)‚</strong></span> 
     </span>
     <span class='ocr_line' id='line_1_12' title="bbox 273 1543 1339 1620; baseline 0.003 -22"><span class='ocrx_word' id='word_1_84' title='bbox 273 1561 358 1616; x_wconf 86' lang='lat' dir='ltr'><strong>quem</strong></span> <span class='ocrx_word' id='word_1_85' title='bbox 380 1543 538 1601; x_wconf 78' lang='lat' dir='ltr'><strong>Muellerus</strong></span> <span class='ocrx_word' id='word_1_86' title='bbox 560 1544 601 1600; x_wconf 91' lang='lat' dir='ltr'><strong>sic</strong></span> <span class='ocrx_word' id='word_1_87' title='bbox 622 1545 734 1602; x_wconf 82' lang='lat' dir='ltr'><strong>scribit:</strong></span> <span class='ocrx_word' id='word_1_88' title='bbox 755 1553 861 1620; x_wconf 89' lang='lat' dir='ltr'><strong>petra</strong></span> <span class='ocrx_word' id='word_1_89' title='bbox 883 1554 956 1614; x_wconf 79' lang='lat' dir='ltr'><strong>cst,</strong></span> <span class='ocrx_word' id='word_1_90' title='bbox 993 1545 1053 1618; x_wconf 93' lang='lat' dir='ltr'><strong>qui</strong></span> <span class='ocrx_word' id='word_1_91' title='bbox 1074 1545 1180 1602; x_wconf 88' lang='lat' dir='ltr'><strong>locus</strong></span> <span class='ocrx_word' id='word_1_92' title='bbox 1202 1543 1339 1602; x_wconf 83' lang='lat' dir='ltr'><strong>dextra</strong></span> 
     </span>
     <span class='ocr_line' id='line_1_13' title="bbox 273 1627 1337 1726; baseline 0.002 -22"><span class='ocrx_word' id='word_1_93' title='bbox 273 1665 314 1704; x_wconf 81' lang='lat' dir='ltr'><strong>ac</strong></span> <span class='ocrx_word' id='word_1_94' title='bbox 335 1647 492 1706; x_wconf 86' lang='lat' dir='ltr'><strong>sinistra</strong></span> <span class='ocrx_word' id='word_1_95' title='bbox 519 1647 695 1707; x_wconf 77' lang='lat' dir='ltr'><strong>fornicem</strong></span> <span class='ocrx_word' id='word_1_96' title='bbox 725 1649 894 1725; x_wconf 85' lang='lat' dir='ltr'><strong>expletur</strong></span> <span class='ocrx_word' id='word_1_97' title='bbox 925 1627 1040 1726; x_wconf 78' lang='lat' dir='ltr'><strong>usque</strong></span> <span class='ocrx_word' id='word_1_98' title='bbox 1067 1651 1142 1719; x_wconf 89' lang='lat' dir='ltr'><strong>(cod.</strong></span> <span class='ocrx_word' id='word_1_99' title='bbox 1165 1650 1337 1725; x_wconf 86' lang='lat' dir='ltr'><strong>expletu-</strong></span> 
     </span>
     <span class='ocr_line' id='line_1_14' title="bbox 273 1753 1338 1832; baseline 0.002 -22"><span class='ocrx_word' id='word_1_100' title='bbox 273 1757 427 1828; x_wconf 84' lang='lat' dir='ltr'><strong>rusquc)</strong></span> <span class='ocrx_word' id='word_1_101' title='bbox 446 1753 489 1810; x_wconf 88' lang='lat' dir='ltr'><strong>ad</strong></span> <span class='ocrx_word' id='word_1_102' title='bbox 508 1753 768 1812; x_wconf 85' lang='lat' dir='ltr'><strong>libramentum</strong></span> <span class='ocrx_word' id='word_1_103' title='bbox 784 1757 909 1812; x_wconf 90' lang='lat' dir='ltr'><strong>summi</strong></span> <span class='ocrx_word' id='word_1_104' title='bbox 930 1757 1103 1826; x_wconf 88' lang='lat' dir='ltr'><strong>foruieis;</strong></span> <span class='ocrx_word' id='word_1_105' title='bbox 1123 1755 1227 1816; x_wconf 83' lang='lat' dir='ltr'><strong>Gallus</strong></span> <span class='ocrx_word' id='word_1_106' title='bbox 1242 1757 1338 1832; x_wconf 87' lang='lat' dir='ltr'><strong>scrip-</strong></span> 
     </span>
     <span class='ocr_line' id='line_1_15' title="bbox 273 1857 1336 1942; baseline 0.006 -28"><span class='ocrx_word' id='word_1_107' title='bbox 273 1867 364 1915; x_wconf 83' lang='lat' dir='ltr'><strong>serat:</strong></span> <span class='ocrx_word' id='word_1_108' title='bbox 393 1857 572 1915; x_wconf 84' lang='lat' dir='ltr'><strong>fornicem</strong></span> <span class='ocrx_word' id='word_1_109' title='bbox 597 1863 726 1942; x_wconf 73' lang='lat' dir='ltr'><strong>explet</strong></span> <span class='ocrx_word' id='word_1_110' title='bbox 749 1879 862 1935; x_wconf 87' lang='lat' dir='ltr'><strong>usque</strong></span> <span class='ocrx_word' id='word_1_111' title='bbox 884 1863 927 1918; x_wconf 83' lang='lat' dir='ltr'><strong>ad</strong></span> <span class='ocrx_word' id='word_1_112' title='bbox 959 1862 977 1922; x_wconf 86' lang='lat' dir='ltr'><strong>l.</strong></span> <span class='ocrx_word' id='word_1_113' title='bbox 1001 1879 1024 1918; x_wconf 90' lang='lat' dir='ltr'><strong>s.</strong></span> <span class='ocrx_word' id='word_1_114' title='bbox 1047 1861 1068 1923; x_wconf 84' lang='lat' dir='ltr'><strong>f.</strong></span> <span class='ocrx_word' id='word_1_115' title='bbox 1111 1862 1210 1919; x_wconf 87' lang='lat' dir='ltr'><strong>Nihilo</strong></span> <span class='ocrx_word' id='word_1_116' title='bbox 1235 1871 1336 1920; x_wconf 71' lang='lat' dir='ltr'><strong>tanton</strong></span> 
     </span>
     <span class='ocr_line' id='line_1_16' title="bbox 273 1963 1337 2042; baseline 0.005 -22"><span class='ocrx_word' id='word_1_117' title='bbox 273 1963 374 2020; x_wconf 85' lang='lat' dir='ltr'><strong>melius</strong></span> <span class='ocrx_word' id='word_1_118' title='bbox 396 1973 448 2032; x_wconf 81' lang='lat' dir='ltr'><strong>est,</strong></span> <span class='ocrx_word' id='word_1_119' title='bbox 471 1965 548 2038; x_wconf 90' lang='lat' dir='ltr'><strong>quod</strong></span> <span class='ocrx_word' id='word_1_120' title='bbox 570 1967 658 2042; x_wconf 82' lang='lat' dir='ltr'><strong>vulgo</strong></span> <span class='ocrx_word' id='word_1_121' title='bbox 676 1967 782 2024; x_wconf 84' lang='lat' dir='ltr'><strong>editur:</strong></span> <span class='ocrx_word' id='word_1_122' title='bbox 804 1967 934 2024; x_wconf 85' lang='lat' dir='ltr'><strong>dextra</strong></span> <span class='ocrx_word' id='word_1_123' title='bbox 957 1967 1016 2024; x_wconf 85' lang='lat' dir='ltr'><strong>via</strong></span> <span class='ocrx_word' id='word_1_124' title='bbox 1034 1977 1169 2038; x_wconf 85' lang='lat' dir='ltr'><strong>strate,</strong></span> <span class='ocrx_word' id='word_1_125' title='bbox 1198 1968 1282 2042; x_wconf 82' lang='lat' dir='ltr'><strong>quasi</strong></span> <span class='ocrx_word' id='word_1_126' title='bbox 1305 1969 1337 2026; x_wconf 92' lang='lat' dir='ltr'><strong>in</strong></span> 
     </span>
    </p>
   </div>
   <div class='ocr_carea' id='block_1_3' title="bbox 272 2066 1338 2360">
    <p class='ocr_par' dir='ltr' id='par_1_4' title="bbox 272 2066 1338 2360">
     <span class='ocr_line' id='line_1_17' title="bbox 272 2066 1336 2148; baseline 0.009 -26"><span class='ocrx_word' id='word_1_127' title='bbox 272 2066 363 2141; x_wconf 90' lang='lat' dir='ltr'><strong>ipsius</strong></span> <span class='ocrx_word' id='word_1_128' title='bbox 391 2067 445 2124; x_wconf 82' lang='lat' dir='ltr'><strong>viae</strong></span> <span class='ocrx_word' id='word_1_129' title='bbox 482 2081 579 2128; x_wconf 86' lang='lat' dir='ltr'><strong>stratae</strong></span> <span class='ocrx_word' id='word_1_130' title='bbox 611 2073 713 2129; x_wconf 86' lang='lat' dir='ltr'><strong>dextra</strong></span> <span class='ocrx_word' id='word_1_131' title='bbox 740 2081 823 2147; x_wconf 86' lang='lat' dir='ltr'><strong>parte</strong></span> <span class='ocrx_word' id='word_1_132' title='bbox 850 2071 968 2130; x_wconf 84' lang='lat' dir='ltr'><strong>defossa</strong></span> <span class='ocrx_word' id='word_1_133' title='bbox 993 2074 1076 2148; x_wconf 89' lang='lat' dir='ltr'><strong>virgo</strong></span> <span class='ocrx_word' id='word_1_134' title='bbox 1107 2075 1157 2143; x_wconf 89' lang='lat' dir='ltr'><strong>sit;</strong></span> <span class='ocrx_word' id='word_1_135' title='bbox 1189 2073 1229 2147; x_wconf 86' lang='lat' dir='ltr'><strong>(id</strong></span> <span class='ocrx_word' id='word_1_136' title='bbox 1257 2075 1336 2132; x_wconf 84' lang='lat' dir='ltr'><strong>anim</strong></span> 
     </span>
     <span class='ocr_line' id='line_1_18' title="bbox 272 2173 1338 2255; baseline 0.011 -28"><span class='ocrx_word' id='word_1_137' title='bbox 272 2173 363 2228; x_wconf 84' lang='lat' dir='ltr'><strong>verba</strong></span> <span class='ocrx_word' id='word_1_138' title='bbox 385 2173 556 2248; x_wconf 78' lang='lat' dir='ltr'><strong>significant,</strong></span> <span class='ocrx_word' id='word_1_139' title='bbox 577 2179 632 2236; x_wconf 88' lang='lat' dir='ltr'><strong>nisi</strong></span> <span class='ocrx_word' id='word_1_140' title='bbox 650 2179 679 2236; x_wconf 91' lang='lat' dir='ltr'><strong>in</strong></span> <span class='ocrx_word' id='word_1_141' title='bbox 701 2179 806 2236; x_wconf 85' lang='lat' dir='ltr'><strong>dextra</strong></span> <span class='ocrx_word' id='word_1_142' title='bbox 827 2197 843 2235; x_wconf 87' lang='lat' dir='ltr'><strong>e</strong></span> <span class='ocrx_word' id='word_1_143' title='bbox 866 2179 979 2235; x_wconf 83' lang='lat' dir='ltr'><strong>duabus</strong></span> <span class='ocrx_word' id='word_1_144' title='bbox 992 2179 1047 2235; x_wconf 85' lang='lat' dir='ltr'><strong>viis</strong></span> <span class='ocrx_word' id='word_1_145' title='bbox 1065 2180 1162 2236; x_wconf 83' lang='lat' dir='ltr'><strong>stratis</strong></span> <span class='ocrx_word' id='word_1_146' title='bbox 1172 2179 1338 2255; x_wconf 85' lang='lat' dir='ltr'><strong>intelligere</strong></span> 
     </span>
     <span class='ocr_line' id='line_1_19' title="bbox 273 2277 1337 2360; baseline 0.01 -28"><span class='ocrx_word' id='word_1_147' title='bbox 273 2277 380 2352; x_wconf 86' lang='lat' dir='ltr'><strong>malis).</strong></span> <span class='ocrx_word' id='word_1_148' title='bbox 424 2281 611 2342; x_wconf 79' lang='lat' dir='ltr'><strong>Manifestum</strong></span> <span class='ocrx_word' id='word_1_149' title='bbox 634 2295 695 2355; x_wconf 81' lang='lat' dir='ltr'><strong>est,</strong></span> <span class='ocrx_word' id='word_1_150' title='bbox 728 2286 850 2342; x_wconf 87' lang='lat' dir='ltr'><strong>vitatum</strong></span> <span class='ocrx_word' id='word_1_151' title='bbox 882 2303 945 2342; x_wconf 88' lang='lat' dir='ltr'><strong>esse</strong></span> <span class='ocrx_word' id='word_1_152' title='bbox 973 2285 1002 2341; x_wconf 91' lang='lat' dir='ltr'><strong>in</strong></span> <span class='ocrx_word' id='word_1_153' title='bbox 1025 2285 1137 2360; x_wconf 85' lang='lat' dir='ltr'><strong>virgine</strong></span> <span class='ocrx_word' id='word_1_154' title='bbox 1158 2285 1337 2343; x_wconf 85' lang='lat' dir='ltr'><strong>defodienda</strong></span> 
     </span>
    </p>
   </div>
   <div class='ocr_carea' id='block_1_4' title="bbox 271 2389 1337 2778">
    <p class='ocr_par' dir='ltr' id='par_1_5' title="bbox 271 2389 1337 2778">
     <span class='ocr_line' id='line_1_20' title="bbox 272 2389 1337 2467; baseline 0.01 -28"><span class='ocrx_word' id='word_1_155' title='bbox 272 2400 425 2455; x_wconf 83' lang='lat' dir='ltr'><strong>saxorum,</strong></span> <span class='ocrx_word' id='word_1_156' title='bbox 450 2389 553 2462; x_wconf 90' lang='lat' dir='ltr'><strong>quibus</strong></span> <span class='ocrx_word' id='word_1_157' title='bbox 579 2391 628 2448; x_wconf 83' lang='lat' dir='ltr'><strong>via</strong></span> <span class='ocrx_word' id='word_1_158' title='bbox 654 2403 747 2449; x_wconf 86' lang='lat' dir='ltr'><strong>strata</strong></span> <span class='ocrx_word' id='word_1_159' title='bbox 779 2399 855 2456; x_wconf 76' lang='lat' dir='ltr'><strong>erat,</strong></span> <span class='ocrx_word' id='word_1_160' title='bbox 891 2409 1040 2466; x_wconf 85' lang='lat' dir='ltr'><strong>aggerem:</strong></span> <span class='ocrx_word' id='word_1_161' title='bbox 1076 2411 1168 2467; x_wconf 85' lang='lat' dir='ltr'><strong>eaque</strong></span> <span class='ocrx_word' id='word_1_162' title='bbox 1197 2411 1256 2449; x_wconf 83' lang='lat' dir='ltr'><strong>uno</strong></span> <span class='ocrx_word' id='word_1_163' title='bbox 1290 2405 1337 2450; x_wconf 85' lang='lat' dir='ltr'><strong>est</strong></span> 
     </span>
     <span class='ocr_line' id='line_1_21' title="bbox 272 2494 1336 2568; baseline 0.011 -23"><span class='ocrx_word' id='word_1_164' title='bbox 272 2507 435 2562; x_wconf 64' lang='lat' dir='ltr'><strong>causacur</strong></span> <span class='ocrx_word' id='word_1_165' title='bbox 457 2494 520 2552; x_wconf 87' lang='lat' dir='ltr'><strong>vie</strong></span> <span class='ocrx_word' id='word_1_166' title='bbox 543 2507 661 2556; x_wconf 84' lang='lat' dir='ltr'><strong>strata</strong></span> <span class='ocrx_word' id='word_1_167' title='bbox 683 2497 804 2565; x_wconf 78' lang='lat' dir='ltr'><strong>dicatur,</strong></span> <span class='ocrx_word' id='word_1_168' title='bbox 823 2515 881 2553; x_wconf 92' lang='lat' dir='ltr'><strong>nou</strong></span> <span class='ocrx_word' id='word_1_169' title='bbox 903 2498 962 2554; x_wconf 83' lang='lat' dir='ltr'><strong>via</strong></span> <span class='ocrx_word' id='word_1_170' title='bbox 983 2498 1038 2566; x_wconf 84' lang='lat' dir='ltr'><strong>(ad</strong></span> <span class='ocrx_word' id='word_1_171' title='bbox 1061 2498 1223 2556; x_wconf 82' lang='lat' dir='ltr'><strong>dextram</strong></span> <span class='ocrx_word' id='word_1_172' title='bbox 1246 2500 1336 2568; x_wconf 79' lang='lat' dir='ltr'><strong>viae).</strong></span> 
     </span>
     <span class='ocr_line' id='line_1_22' title="bbox 271 2602 1334 2680; baseline 0 -18"><span class='ocrx_word' id='word_1_173' title='bbox 271 2603 340 2662; x_wconf 87' lang='lat' dir='ltr'><strong>Una</strong></span> <span class='ocrx_word' id='word_1_174' title='bbox 362 2603 458 2660; x_wconf 85' lang='lat' dir='ltr'><strong>littera</strong></span> <span class='ocrx_word' id='word_1_175' title='bbox 481 2605 610 2662; x_wconf 84' lang='lat' dir='ltr'><strong>detracta</strong></span> <span class='ocrx_word' id='word_1_176' title='bbox 631 2607 681 2676; x_wconf 84' lang='lat' dir='ltr'><strong>lit,</strong></span> <span class='ocrx_word' id='word_1_177' title='bbox 704 2603 782 2679; x_wconf 88' lang='lat' dir='ltr'><strong>quod</strong></span> <span class='ocrx_word' id='word_1_178' title='bbox 807 2602 907 2660; x_wconf 89' lang='lat' dir='ltr'><strong>Livius</strong></span> <span class='ocrx_word' id='word_1_179' title='bbox 929 2615 1079 2680; x_wconf 83' lang='lat' dir='ltr'><strong>posucrat:</strong></span> <span class='ocrx_word' id='word_1_180' title='bbox 1111 2609 1214 2666; x_wconf 76' lang='lat' dir='ltr'><strong>cntra</strong></span> <span class='ocrx_word' id='word_1_181' title='bbox 1236 2603 1334 2662; x_wconf 80' lang='lat' dir='ltr'><strong>vium</strong></span> 
     </span>
     <span class='ocr_line' id='line_1_23' title="bbox 271 2704 470 2778; baseline 0.02 -14"><span class='ocrx_word' id='word_1_182' title='bbox 271 2704 470 2778; x_wconf 73' lang='lat' dir='ltr'><strong>stratam.²)</strong></span> 
     </span>
    </p>
   </div>
   <div class='ocr_carea' id='block_1_5' title="bbox 271 2879 470 2889">
    <p class='ocr_par' dir='ltr' id='par_1_6' title="bbox 271 2879 470 2889">
     <span class='ocr_line' id='line_1_24' title="bbox 271 2879 470 2889; baseline 0 0"><span class='ocrx_word' id='word_1_183' title='bbox 271 2879 470 2889; x_wconf 76' lang='lat'><strong>————-</strong></span> 
     </span>
    </p>
   </div>
   <div class='ocr_carea' id='block_1_6' title="bbox 289 2975 1335 4156">
    <p class='ocr_par' dir='ltr' id='par_1_7' title="bbox 290 2975 1335 3874">
     <span class='ocr_line' id='line_1_25' title="bbox 290 2975 1334 3046; baseline 0.001 -17"><span class='ocrx_word' id='word_1_184' title='bbox 290 2975 311 3040; x_wconf 78' lang='lat' dir='ltr'><strong>¹l</strong></span> <span class='ocrx_word' id='word_1_185' title='bbox 344 2980 406 3046; x_wconf 84' lang='lat' dir='ltr'><strong>Cap.</strong></span> <span class='ocrx_word' id='word_1_186' title='bbox 430 2987 475 3042; x_wconf 82' lang='lat'><strong>14,</strong></span> <span class='ocrx_word' id='word_1_187' title='bbox 503 2987 517 3030; x_wconf 78' lang='grc'><strong>6</strong></span> <span class='ocrx_word' id='word_1_188' title='bbox 542 2981 653 3031; x_wconf 81' lang='lat' dir='ltr'><strong>dubitari</strong></span> <span class='ocrx_word' id='word_1_189' title='bbox 672 2983 774 3044; x_wconf 84' lang='lat' dir='ltr'><strong>nequit,</strong></span> <span class='ocrx_word' id='word_1_190' title='bbox 803 2983 864 3045; x_wconf 85' lang='lat' dir='ltr'><strong>quin</strong></span> <span class='ocrx_word' id='word_1_191' title='bbox 888 2981 1002 3044; x_wconf 71' lang='lat' dir='ltr'><strong>pecunia</strong></span> <span class='ocrx_word' id='word_1_192' title='bbox 1017 2995 1116 3029; x_wconf 83' lang='lat' dir='ltr'><strong>summe</strong></span> <span class='ocrx_word' id='word_1_193' title='bbox 1133 2979 1267 3030; x_wconf 78' lang='lat' dir='ltr'><strong>nominato</strong></span> <span class='ocrx_word' id='word_1_194' title='bbox 1286 2983 1334 3040; x_wconf 85' lang='lat' dir='ltr'><strong>sit;</strong></span> 
     </span>
     <span class='ocr_line' id='line_1_26' title="bbox 341 3074 1334 3138; baseline 0.003 -17"><span class='ocrx_word' id='word_1_195' title='bbox 341 3074 386 3122; x_wconf 87' lang='lat' dir='ltr'><strong>scd</strong></span> <span class='ocrx_word' id='word_1_196' title='bbox 411 3077 479 3138; x_wconf 89' lang='lat' dir='ltr'><strong>quod</strong></span> <span class='ocrx_word' id='word_1_197' title='bbox 506 3075 602 3123; x_wconf 82' lang='lat' dir='ltr'><strong>editur:</strong></span> <span class='ocrx_word' id='word_1_198' title='bbox 632 3089 737 3138; x_wconf 86' lang='lat' dir='ltr'><strong>usquc</strong></span> <span class='ocrx_word' id='word_1_199' title='bbox 769 3075 808 3123; x_wconf 85' lang='lat' dir='ltr'><strong>ad</strong></span> <span class='ocrx_word' id='word_1_200' title='bbox 831 3074 922 3122; x_wconf 87' lang='lat' dir='ltr'><strong>mille</strong></span> <span class='ocrx_word' id='word_1_201' title='bbox 940 3074 1061 3136; x_wconf 88' lang='lat' dir='ltr'><strong>pondo,</strong></span> <span class='ocrx_word' id='word_1_202' title='bbox 1093 3087 1178 3120; x_wconf 86' lang='lat' dir='ltr'><strong>verum</strong></span> <span class='ocrx_word' id='word_1_203' title='bbox 1206 3089 1257 3122; x_wconf 93' lang='lat' dir='ltr'><strong>nou</strong></span> <span class='ocrx_word' id='word_1_204' title='bbox 1276 3091 1334 3124; x_wconf 85' lang='lat' dir='ltr'><strong>esse</strong></span> 
     </span>
     <span class='ocr_line' id='line_1_27' title="bbox 341 3149 1335 3230; baseline 0.004 -18"><span class='ocrx_word' id='word_1_205' title='bbox 341 3179 420 3227; x_wconf 92' lang='lat' dir='ltr'><strong>quum</strong></span> <span class='ocrx_word' id='word_1_206' title='bbox 439 3167 560 3228; x_wconf 87' lang='lat' dir='ltr'><strong>loquendi</strong></span> <span class='ocrx_word' id='word_1_207' title='bbox 584 3181 645 3214; x_wconf 86' lang='lat' dir='ltr'><strong>usus</strong></span> <span class='ocrx_word' id='word_1_208' title='bbox 668 3166 714 3230; x_wconf 93' lang='lat'><strong>(-</strong></span> <span class='ocrx_word' id='word_1_209' title='bbox 738 3179 820 3229; x_wconf 89' lang='lat' dir='ltr'><strong>nequo</strong></span> <span class='ocrx_word' id='word_1_210' title='bbox 840 3167 906 3214; x_wconf 83' lang='lat' dir='ltr'><strong>anim</strong></span> <span class='ocrx_word' id='word_1_211' title='bbox 926 3167 1033 3229; x_wconf 93' lang='lat' dir='ltr'><strong>pondo</strong></span> <span class='ocrx_word' id='word_1_212' title='bbox 1052 3149 1159 3229; x_wconf 73' lang='lat' dir='ltr'><strong>uuquam</strong></span> <span class='ocrx_word' id='word_1_213' title='bbox 1183 3166 1220 3214; x_wconf 89' lang='lat' dir='ltr'><strong>sic</strong></span> <span class='ocrx_word' id='word_1_214' title='bbox 1239 3168 1264 3215; x_wconf 92' lang='lat' dir='ltr'><strong>in</strong></span> <span class='ocrx_word' id='word_1_215' title='bbox 1284 3183 1335 3216; x_wconf 92' lang='lat' dir='ltr'><strong>uu-</strong></span> 
     </span>
     <span class='ocr_line' id='line_1_28' title="bbox 340 3259 1334 3322; baseline 0.004 -16"><span class='ocrx_word' id='word_1_216' title='bbox 340 3259 462 3306; x_wconf 87' lang='lat' dir='ltr'><strong>merando</strong></span> <span class='ocrx_word' id='word_1_217' title='bbox 488 3259 519 3306; x_wconf 87' lang='lat' dir='ltr'><strong>de</strong></span> <span class='ocrx_word' id='word_1_218' title='bbox 538 3259 638 3308; x_wconf 83' lang='lat' dir='ltr'><strong>assibus</strong></span> <span class='ocrx_word' id='word_1_219' title='bbox 657 3259 790 3307; x_wconf 85' lang='lat' dir='ltr'><strong>libralibua</strong></span> <span class='ocrx_word' id='word_1_220' title='bbox 807 3259 918 3322; x_wconf 87' lang='lat' dir='ltr'><strong>positum</strong></span> <span class='ocrx_word' id='word_1_221' title='bbox 943 3260 1065 3322; x_wconf 79' lang='lat' dir='ltr'><strong>reperitur</strong></span> <span class='ocrx_word' id='word_1_222' title='bbox 1081 3259 1125 3318; x_wconf 90' lang='lat'><strong>-)</strong></span> <span class='ocrx_word' id='word_1_223' title='bbox 1148 3265 1201 3306; x_wconf 89' lang='lat' dir='ltr'><strong>tum</strong></span> <span class='ocrx_word' id='word_1_224' title='bbox 1229 3261 1334 3310; x_wconf 86' lang='lat' dir='ltr'><strong>codices</strong></span> 
     </span>
     <span class='ocr_line' id='line_1_29' title="bbox 340 3351 1333 3415; baseline 0.002 -16"><span class='ocrx_word' id='word_1_225' title='bbox 340 3351 494 3412; x_wconf 84' lang='lat' dir='ltr'><strong>ostendunt,</strong></span> <span class='ocrx_word' id='word_1_226' title='bbox 519 3352 546 3399; x_wconf 94' lang='lat' dir='ltr'><strong>iu</strong></span> <span class='ocrx_word' id='word_1_227' title='bbox 574 3353 665 3414; x_wconf 89' lang='lat' dir='ltr'><strong>quibus</strong></span> <span class='ocrx_word' id='word_1_228' title='bbox 684 3361 723 3400; x_wconf 83' lang='lat' dir='ltr'><strong>est</strong></span> <span class='ocrx_word' id='word_1_229' title='bbox 741 3351 834 3400; x_wconf 89' lang='lat' dir='ltr'><strong>mille</strong></span> <span class='ocrx_word' id='word_1_230' title='bbox 852 3363 999 3415; x_wconf 70' lang='lat' dir='ltr'><strong>passum</strong></span> <span class='ocrx_word' id='word_1_231' title='bbox 1022 3363 1054 3398; x_wconf 88' lang='lat' dir='ltr'><strong>ex</strong></span> <span class='ocrx_word' id='word_1_232' title='bbox 1077 3363 1128 3411; x_wconf 87' lang='lat' dir='ltr'><strong>qno</strong></span> <span class='ocrx_word' id='word_1_233' title='bbox 1152 3353 1220 3412; x_wconf 81' lang='lat' dir='ltr'><strong>quod</strong></span> <span class='ocrx_word' id='word_1_234' title='bbox 1246 3352 1333 3401; x_wconf 86' lang='lat' dir='ltr'><strong>Loch-</strong></span> 
     </span>
     <span class='ocr_line' id='line_1_30' title="bbox 341 3441 1332 3508; baseline 0.006 -19"><span class='ocrx_word' id='word_1_235' title='bbox 341 3441 672 3493; x_wconf 78' lang='lat' dir='ltr'><strong>menunmeffcoisserideo</strong></span> <span class='ocrx_word' id='word_1_236' title='bbox 691 3443 781 3493; x_wconf 92' lang='lat' dir='ltr'><strong>mille</strong></span> <span class='ocrx_word' id='word_1_237' title='bbox 802 3445 909 3508; x_wconf 86' lang='lat' dir='ltr'><strong>pondo</strong></span> <span class='ocrx_word' id='word_1_238' title='bbox 929 3455 1044 3500; x_wconf 83' lang='lat' dir='ltr'><strong>ossum,</strong></span> <span class='ocrx_word' id='word_1_239' title='bbox 1062 3455 1145 3503; x_wconf 83' lang='lat' dir='ltr'><strong>noque</strong></span> <span class='ocrx_word' id='word_1_240' title='bbox 1164 3443 1267 3506; x_wconf 87' lang='lat' dir='ltr'><strong>pondo</strong></span> <span class='ocrx_word' id='word_1_241' title='bbox 1285 3461 1332 3495; x_wconf 87' lang='lat' dir='ltr'><strong>as·</strong></span> 
     </span>
     <span class='ocr_line' id='line_1_31' title="bbox 341 3535 1333 3602; baseline 0.002 -18"><span class='ocrx_word' id='word_1_242' title='bbox 341 3549 406 3584; x_wconf 84' lang='lat' dir='ltr'><strong>sum</strong></span> <span class='ocrx_word' id='word_1_243' title='bbox 426 3551 472 3598; x_wconf 87' lang='lat' dir='ltr'><strong>pro</strong></span> <span class='ocrx_word' id='word_1_244' title='bbox 497 3539 597 3586; x_wconf 84' lang='lat' dir='ltr'><strong>ossibus</strong></span> <span class='ocrx_word' id='word_1_245' title='bbox 621 3537 713 3602; x_wconf 82' lang='lat' dir='ltr'><strong>plurali</strong></span> <span class='ocrx_word' id='word_1_246' title='bbox 733 3551 839 3586; x_wconf 81' lang='lat' dir='ltr'><strong>numero</strong></span> <span class='ocrx_word' id='word_1_247' title='bbox 863 3537 955 3584; x_wconf 86' lang='lat' dir='ltr'><strong>dicitur</strong></span> <span class='ocrx_word' id='word_1_248' title='bbox 980 3549 1061 3596; x_wconf 87' lang='lat' dir='ltr'><strong>neque</strong></span> <span class='ocrx_word' id='word_1_249' title='bbox 1085 3535 1152 3584; x_wconf 80' lang='lat' dir='ltr'><strong>eius.</strong></span> <span class='ocrx_word' id='word_1_250' title='bbox 1176 3549 1232 3598; x_wconf 76' lang='lat' dir='ltr'><strong>quse</strong></span> <span class='ocrx_word' id='word_1_251' title='bbox 1255 3537 1333 3600; x_wconf 85' lang='lat' dir='ltr'><strong>lingi-</strong></span> 
     </span>
     <span class='ocr_line' id='line_1_32' title="bbox 340 3627 1332 3696; baseline 0.007 -24"><span class='ocrx_word' id='word_1_252' title='bbox 340 3633 388 3686; x_wconf 83' lang='lat' dir='ltr'><strong>tur,</strong></span> <span class='ocrx_word' id='word_1_253' title='bbox 408 3635 476 3674; x_wconf 81' lang='lat' dir='ltr'><strong>notae</strong></span> <span class='ocrx_word' id='word_1_254' title='bbox 496 3627 522 3696; x_wconf 84' lang='lat' dir='ltr'><strong>(p</strong></span> <span class='ocrx_word' id='word_1_255' title='bbox 542 3644 588 3692; x_wconf 89' lang='lat' dir='ltr'><strong>pro</strong></span> <span class='ocrx_word' id='word_1_256' title='bbox 607 3629 730 3693; x_wconf 89' lang='lat' dir='ltr'><strong>pondo)</strong></span> <span class='ocrx_word' id='word_1_257' title='bbox 757 3629 836 3677; x_wconf 90' lang='lat' dir='ltr'><strong>ullum</strong></span> <span class='ocrx_word' id='word_1_258' title='bbox 856 3639 895 3676; x_wconf 81' lang='lat' dir='ltr'><strong>est</strong></span> <span class='ocrx_word' id='word_1_259' title='bbox 913 3629 938 3676; x_wconf 91' lang='lat' dir='ltr'><strong>in</strong></span> <span class='ocrx_word' id='word_1_260' title='bbox 957 3627 1020 3675; x_wconf 82' lang='lat' dir='ltr'><strong>Livii</strong></span> <span class='ocrx_word' id='word_1_261' title='bbox 1041 3627 1170 3676; x_wconf 84' lang='lat' dir='ltr'><strong>codicibus</strong></span> <span class='ocrx_word' id='word_1_262' title='bbox 1188 3629 1332 3691; x_wconf 80' lang='lat' dir='ltr'><strong>vestigium.</strong></span> 
     </span>
     <span class='ocr_line' id='line_1_33' title="bbox 338 3718 1332 3785; baseline 0.003 -17"><span class='ocrx_word' id='word_1_263' title='bbox 338 3718 447 3768; x_wconf 78' lang='lat' dir='ltr'><strong>Fuitne:</strong></span> <span class='ocrx_word' id='word_1_264' title='bbox 466 3735 567 3783; x_wconf 86' lang='lat' dir='ltr'><strong>usquc</strong></span> <span class='ocrx_word' id='word_1_265' title='bbox 596 3723 632 3770; x_wconf 86' lang='lat' dir='ltr'><strong>od</strong></span> <span class='ocrx_word' id='word_1_266' title='bbox 660 3722 754 3771; x_wconf 87' lang='lat' dir='ltr'><strong>mille</strong></span> <span class='ocrx_word' id='word_1_267' title='bbox 773 3736 876 3771; x_wconf 84' lang='lat' dir='ltr'><strong>ussum</strong></span> <span class='ocrx_word' id='word_1_268' title='bbox 904 3721 964 3785; x_wconf 91' lang='lat' dir='ltr'><strong>(hoc</strong></span> <span class='ocrx_word' id='word_1_269' title='bbox 983 3727 1021 3768; x_wconf 83' lang='lat' dir='ltr'><strong>cst</strong></span> <span class='ocrx_word' id='word_1_270' title='bbox 1039 3733 1145 3767; x_wconf 87' lang='lat' dir='ltr'><strong>ossum</strong></span> <span class='ocrx_word' id='word_1_271' title='bbox 1171 3733 1269 3783; x_wconf 89' lang='lat' dir='ltr'><strong>usque</strong></span> <span class='ocrx_word' id='word_1_272' title='bbox 1294 3725 1332 3771; x_wconf 78' lang='lat' dir='ltr'><strong>atl</strong></span> 
     </span>
     <span class='ocr_line' id='line_1_34' title="bbox 339 3809 951 3874; baseline 0.003 -17"><span class='ocrx_word' id='word_1_273' title='bbox 339 3809 464 3874; x_wconf 73' lang='lat' dir='ltr'><strong>millell</strong></span> <span class='ocrx_word' id='word_1_274' title='bbox 501 3812 551 3862; x_wconf 84' lang='lat' dir='ltr'><strong>Sed</strong></span> <span class='ocrx_word' id='word_1_275' title='bbox 576 3813 637 3862; x_wconf 81' lang='lat' dir='ltr'><strong>olibi</strong></span> <span class='ocrx_word' id='word_1_276' title='bbox 657 3813 744 3862; x_wconf 90' lang='lat' dir='ltr'><strong>mille</strong></span> <span class='ocrx_word' id='word_1_277' title='bbox 762 3813 834 3861; x_wconf 82' lang='lat' dir='ltr'><strong>teris</strong></span> <span class='ocrx_word' id='word_1_278' title='bbox 852 3812 951 3860; x_wconf 86' lang='lat' dir='ltr'><strong>dicitur.</strong></span> 
     </span>
    </p>

    <p class='ocr_par' dir='ltr' id='par_1_8' title="bbox 289 3895 1335 4156">
     <span class='ocr_line' id='line_1_35' title="bbox 289 3895 1332 3968; baseline 0.006 -19"><span class='ocrx_word' id='word_1_279' title='bbox 289 3895 313 3964; x_wconf 77' lang='lat'><strong>²)</strong></span> <span class='ocrx_word' id='word_1_280' title='bbox 344 3901 428 3950; x_wconf 81' lang='lat' dir='ltr'><strong>Paulo</strong></span> <span class='ocrx_word' id='word_1_281' title='bbox 446 3913 506 3951; x_wconf 75' lang='lat' dir='ltr'><strong>anta</strong></span> <span class='ocrx_word' id='word_1_282' title='bbox 526 3905 553 3966; x_wconf 68' lang='grc' dir='ltr'><strong>(ς</strong></span> <span class='ocrx_word' id='word_1_283' title='bbox 573 3905 600 3968; x_wconf 78' lang='lat' dir='ltr'><strong>t)</strong></span> <span class='ocrx_word' id='word_1_284' title='bbox 619 3905 739 3954; x_wconf 79' lang='lat' dir='ltr'><strong>vitiosum</strong></span> <span class='ocrx_word' id='word_1_285' title='bbox 758 3913 805 3962; x_wconf 84' lang='lat' dir='ltr'><strong>est,</strong></span> <span class='ocrx_word' id='word_1_286' title='bbox 825 3904 892 3967; x_wconf 86' lang='lat' dir='ltr'><strong>quod</strong></span> <span class='ocrx_word' id='word_1_287' title='bbox 903 3905 1008 3967; x_wconf 78' lang='lat' dir='ltr'><strong>legitur:</strong></span> <span class='ocrx_word' id='word_1_288' title='bbox 1027 3904 1176 3955; x_wconf 80' lang='lat' dir='ltr'><strong>Suessam</strong></span> <span class='ocrx_word' id='word_1_289' title='bbox 1197 3919 1332 3955; x_wconf 87' lang='lat' dir='ltr'><strong>commu-</strong></span> 
     </span>
     <span class='ocr_line' id='line_1_36' title="bbox 337 3993 1332 4062; baseline 0.005 -20"><span class='ocrx_word' id='word_1_290' title='bbox 337 3993 436 4054; x_wconf 73' lang='lat' dir='ltr'><strong>nius,</strong></span> <span class='ocrx_word' id='word_1_291' title='bbox 454 4007 521 4056; x_wconf 78' lang='lat' dir='ltr'><strong>quta</strong></span> <span class='ocrx_word' id='word_1_292' title='bbox 539 4011 625 4046; x_wconf 88' lang='lat' dir='ltr'><strong>nunc</strong></span> <span class='ocrx_word' id='word_1_293' title='bbox 645 3999 807 4047; x_wconf 79' lang='lat' dir='ltr'><strong>Aurunca</strong></span> <span class='ocrx_word' id='word_1_294' title='bbox 825 3997 1012 4061; x_wconf 60' lang='lat' dir='ltr'><strong>appellatam</strong></span> <span class='ocrx_word' id='word_1_295' title='bbox 1037 4013 1095 4046; x_wconf 89' lang='lat' dir='ltr'><strong>uam</strong></span> <span class='ocrx_word' id='word_1_296' title='bbox 1125 4011 1204 4050; x_wconf 84' lang='lat' dir='ltr'><strong>nunt</strong></span> <span class='ocrx_word' id='word_1_297' title='bbox 1223 4000 1332 4062; x_wconf 79' lang='lat' dir='ltr'><strong>appel·</strong></span> 
     </span>
     <span class='ocr_line' id='line_1_37' title="bbox 338 4086 1335 4156; baseline 0.004 -21"><span class='ocrx_word' id='word_1_298' title='bbox 338 4086 407 4136; x_wconf 83' lang='lat' dir='ltr'><strong>lats</strong></span> <span class='ocrx_word' id='word_1_299' title='bbox 438 4097 487 4137; x_wconf 83' lang='lat' dir='ltr'><strong>cst</strong></span> <span class='ocrx_word' id='word_1_300' title='bbox 516 4104 562 4152; x_wconf 92' lang='lat' dir='ltr'><strong>pro</strong></span> <span class='ocrx_word' id='word_1_301' title='bbox 590 4089 782 4154; x_wconf 79' lang='lat' dir='ltr'><strong>appellatur</strong></span> <span class='ocrx_word' id='word_1_302' title='bbox 812 4089 862 4138; x_wconf 89' lang='lat' dir='ltr'><strong>dici</strong></span> <span class='ocrx_word' id='word_1_303' title='bbox 885 4103 936 4138; x_wconf 88' lang='lat' dir='ltr'><strong>nou</strong></span> <span class='ocrx_word' id='word_1_304' title='bbox 970 4099 1085 4155; x_wconf 61' lang='lat' dir='ltr'><strong>poteram</strong></span> <span class='ocrx_word' id='word_1_305' title='bbox 1113 4090 1233 4156; x_wconf 74' lang='lat' dir='ltr'><strong>(rectum</strong></span> <span class='ocrx_word' id='word_1_306' title='bbox 1252 4100 1335 4141; x_wconf 83' lang='lat' dir='ltr'><strong>esset:</strong></span> 
     </span>
    </p>
   </div>
   <div class='ocr_carea' id='block_1_7' title="bbox 0 0 1416 4648">
    <p class='ocr_par' dir='ltr' id='par_1_9' title="bbox 0 0 1416 4648">
     <span class='ocr_line' id='line_1_38' title="bbox 0 0 1416 4648; baseline 0 2"><span class='ocrx_word' id='word_1_307' title='bbox 0 0 1416 4648; x_wconf 95' lang='lat' dir='ltr'><strong> </strong></span> 
     </span>
    </p>
   </div>
  </div>
 </body>
</html>
