2822 4648
307 267 362 316 bib.
382 265 430 318 tx.
781 269 836 324 l78
915 339 921 350 Ι

270 452 484 510 sithominis
505 469 582 510 eum
603 449 747 508 homine
768 445 952 506 fortunam
975 467 1051 506 oum
1076 449 1226 509 fortuna
1251 471 1341 510 oon-

269 557 374 630 ferre,
395 575 515 634 prorsus
530 575 584 614 neo
601 555 662 614 scio
676 573 739 626 nec,
755 555 805 630 qui
824 573 916 630 nuper
930 573 1066 612 enumero
1079 567 1201 615 conatus
1217 567 1261 616 est
1281 560 1340 630 (-

269 683 338 721 uam
353 664 518 740 superiores
531 679 632 720 omnes
644 659 866 737 prudentissime
879 668 976 718 tacent
995 661 1057 738 -)‚
1067 661 1137 736 quid
1149 665 1278 735 senserit,
1292 665 1340 721 in-

270 769 382 844 telligo;
401 777 445 824 est
456 768 531 826 enim
542 777 635 826 totum
648 767 805 824 absurdum
816 775 845 823 et
857 765 1018 823 ridiculum.
1039 765 1085 845 (H
1092 769 1243 826 ominem
1258 787 1301 826 cu
1310 790 1339 828 m

269 875 309 944 h,
326 873 510 930 fortunam
526 891 551 933 o.
573 873 657 933 sort.
679 872 849 930 conferre
866 871 951 946 longe
966 871 1045 929 aliud
1057 882 1141 930 estet
1154 875 1339 933 abhooloco

269 977 486 1050 alienissimum,
508 977 559 1036 ubi
582 978 619 1034 ds
640 977 729 1035 solius
747 975 880 1046 inmune,
902 975 1004 1034 sedin
1026 977 1146 1052 singulis
1160 979 1339 1050 bominibus,

268 1085 487 1160 comparatione
508 1085 625 1160 agitur.)
679 1084 738 1142 Sed
762 1085 818 1141 hoc
839 1083 953 1159 pepen't
974 1083 1086 1154 eadem,
1107 1086 1188 1142 onius
1210 1095 1255 1143 tot
1275 1087 1337 1144 iam

267 1189 297 1246 in
312 1190 412 1248 codice
426 1191 584 1266 archetypo
604 1189 713 1246 indicia
729 1189 978 1265 deprehendimus,
993 1188 1208 1265 interpolatoris
1224 1193 1337 1251 oblivio

268 1305 297 1353 et
320 1295 573 1354 inconsiderantia.
627 1296 706 1354 Nam
730 1313 817 1369 quum
842 1295 904 1352 hec
924 1293 1042 1370 legisset
1062 1313 1081 1352 a
1102 1296 1188 1354 Livio
1209 1299 1337 1374 scripta:

268 1402 360 1474 Quin
391 1410 428 1459 tu
456 1401 614 1460 hominis
640 1419 714 1457 cum
738 1400 897 1471 homine,
924 1399 1026 1456 ducis
1048 1419 1125 1458 oum
1147 1403 1235 1460 duce
1257 1404 1338 1462 for-

267 1517 389 1565 tunam
419 1506 587 1566 confers?
629 1506 670 1582 (in
703 1523 761 1580 quo
795 1505 860 1582 ipso
892 1507 1048 1564 verborum
1085 1507 1186 1564 ordine
1217 1509 1337 1568 facilius

267 1612 359 1668 oritur
388 1612 542 1687 minusque
570 1613 660 1670 habat
692 1609 862 1668 offensionis
892 1612 987 1686 figura
1014 1611 1081 1682 illa,
1114 1613 1150 1670 de
1180 1633 1240 1689 qua
1261 1615 1335 1686 dixi,

267 1717 409 1791 quamsi,
432 1727 543 1775 mutato
558 1719 670 1787 ordine,
695 1716 856 1774 hominis
878 1715 1067 1774 fortunam
1090 1737 1166 1776 oum
1188 1720 1336 1778 homine

267 1823 408 1898 scribas),
444 1833 614 1880 occursante
643 1822 740 1879 animo
768 1823 911 1880 memoria
930 1823 1104 1882 substantivi
1128 1843 1192 1883 cum
1216 1845 1335 1902 praepo-

266 1928 370 1985 sitione
397 1927 512 2003 repetiti
544 1929 646 1994 (hom.
671 1945 695 1984 o.
717 1928 755 1997 h,
786 1928 889 1985 ducis
913 1946 938 1987 c.
961 1925 1012 2002 (1.),
1036 1929 1122 1988 etiam
1145 1931 1335 1992 fortunam

266 2035 368 2091 eodem
392 2033 479 2090 modo
506 2033 680 2109 geminavit,
712 2035 807 2109 figura
836 2033 961 2090 fortasse
989 2035 1081 2110 magis
1109 2055 1167 2094 non
1198 2037 1334 2095 animad-

265 2157 351 2196 versa
373 2157 460 2213 quam
488 2155 546 2194 non
573 2138 726 2209 intellecta,
753 2139 806 2196 etsi
828 2138 889 2196 lieri
909 2147 1014 2213 potest,
1046 2149 1135 2198 utne
1157 2141 1335 2201 intellexerit
1405 2203 1406 2208 ,

267 2245 396 2320 quidam,
434 2244 504 2319 qnid
535 2255 597 2301 tota
618 2245 761 2302 sententia
790 2246 889 2314 tieret,
920 2262 978 2301 non
1010 2247 1159 2321 cogitavit.
1213 2247 1328 2306 Eodem

265 2351 360 2426 capite
381 2351 469 2427 paulo
493 2359 559 2407 ente
582 2352 610 2422 (ξ
635 2349 665 2426 7)
687 2349 843 2407 videndum
865 2360 953 2426 puto,
983 2369 1020 2408 ne
1049 2362 1127 2409 recte
1154 2353 1183 2409 in
1205 2353 1331 2410 recenti·

265 2455 363 2512 oribus
385 2455 497 2531 aliquot
526 2456 672 2512 codicibus
695 2453 852 2533 (Gaertn.,
884 2457 956 2513 Lor.
985 2461 1020 2528 t,
1052 2458 1173 2533 Portug.
1200 2477 1332 2518 amano

264 2579 339 2632 sec,
370 2571 448 2632 tum,
477 2561 613 2618 adiuncto
637 2579 735 2618 onore
757 2561 870 2636 aliquo,
898 2561 928 2618 in
957 2563 1031 2620 Lov.
1057 2565 1092 2633 3,
1122 2564 1197 2621 Pell.
1224 2569 1257 2634 l,
1291 2564 1330 2644 3)

264 2666 421 2724 scribatur:
452 2667 635 2724 adversus
658 2684 759 2740 quem
783 2665 1009 2742 (Alexandrum)
1032 2669 1198 2740 Athenis,
1219 2671 1254 2728 in
1276 2671 1331 2728 ci-

264 2772 379 2828 vitate
423 2771 544 2829 fracta
591 2771 826 2828 Macedonum
860 2771 984 2842 armis,
1027 2785 1217 2833 cernentes
1252 2789 1332 2835 tum

265 2875 415 2932 maxime
437 2893 550 2951 prope
579 2873 763 2932 fumantes
785 2877 990 2934 Thebarum
1013 2879 1155 2949 ruinas,
1185 2881 1333 2939 contio-

263 2981 342 3038 neri
365 2980 480 3038 libere
503 2980 583 3036 ausi
605 2979 678 3036 sint
697 2981 875 3049 homines,
897 2981 946 3038 ubi
967 2983 1068 3049 editur,
1092 2987 1209 3059 quodiu
1225 2989 1332 3046 arebe-

262 3097 334 3162 typo
356 3085 419 3156 fuit,
452 3095 636 3156 cernente3
669 3103 736 3142 nam
758 3094 788 3142 et
810 3086 911 3142 melius
934 3087 972 3144 ad
993 3090 1125 3147 homines
1147 3091 1238 3166 (ipsos
1257 3111 1332 3150 ora-

262 3193 351 3264 tores)
386 3209 473 3266 qnam
510 3191 549 3248 ed
581 3191 727 3248 civitatem
764 3192 821 3249 hoo
852 3191 975 3250 refertur
1008 3204 1052 3263 et,
1095 3196 1121 3253 si
1153 3207 1331 3256 cernente

262 3298 363 3356 Livius
384 3297 563 3374 scripsisset,
596 3308 631 3353 et
651 3297 803 3355 additurus
823 3295 913 3354 fuisse
934 3297 1048 3356 videtur
1069 3297 1207 3377 (fracta
1231 3333 1267 3344 -
1293 3315 1333 3362 et

262 3398 493 3475 cernente).¹)

261 3633 439 3641 ιαμ-..-

280 3783 303 3853 ¹)
332 3787 468 3852 superiore
484 3790 566 3854 capito
586 3793 638 3850 (1⁷,
659 3790 685 3851 7)
704 3790 794 3838 ιιιὶιιιιιι
813 3797 860 3848 cst,
883 3791 1010 3841 neminem
1029 3807 1062 3840 ne
1081 3808 1115 3842 ox
1132 3797 1204 3844 verbi
1222 3797 1331 3860 quidem

331 3879 408 3928 modo
420 3879 584 3940 intellexisse,
597 3881 780 3944 interrogative
798 3880 852 3930 hac
871 3881 933 3931 diei:
952 3883 1151 3934 Recenseam
1171 3888 1273 3937 duces
1292 3915 1332 3930 -

330 3971 422 4035 ipsos
453 3985 521 4034 eos,
551 3987 618 4023 cum
645 3972 762 4038 quibus
792 3973 985 4024 consulibus
1012 3983 1068 4025 aut
1098 3956 1333 4034 dictatoribus

329 4062 521 4111 Alexandro
545 4061 610 4112 luit
632 4062 840 4114 bellandum?
864 4065 900 4114 Μ.
920 4064 1091 4116 Valerium
1117 4065 1257 4119 Corvum
1277 4083 1333 4129 cot.
