2810 4644
255 315 258 322 ,
318 261 375 312 Lib.
383 261 485 316 XXIV.
785 263 846 320 28ss

166 443 167 448 '
285 448 362 523 quod
385 466 476 523 nuper
498 466 514 504 e
537 447 563 504 P
584 453 708 520 unoque
740 444 805 503 loeo
838 445 1022 502 substitutum
1054 453 1108 513 est,
1139 445 1213 520 qui,
1244 455 1335 503 ortum

285 554 334 625 sit,
353 564 385 612 ut
406 573 463 612 non
485 571 562 623 raro,
592 571 629 610 ex
651 551 751 625 quoi,
784 551 1026 626 quemadmodum
1051 550 1165 626 inipso
1188 555 1213 610 P
1235 553 1339 612 XXV,

288 667 316 730 tl,
340 665 355 718 7
381 679 435 736 pro
459 658 515 716 cui
538 669 624 733 post
644 657 773 733 fugam
803 657 938 714 scribitur
959 657 1021 732 qui
1044 667 1128 733 post
1148 659 1170 718 f.
1192 669 1220 716 et
1236 657 1339 724 XXV,

289 771 376 838 tt,5
410 765 542 840 quique
575 783 629 839 pro
651 763 795 838 cuique3
830 761 882 819 cfr.
904 763 963 832 ΙΙΙ,
996 767 1044 842 41,
1082 768 1225 840 ltsupra
1246 783 1277 838 p.
1304 764 1340 819 20

285 869 369 945 not),
391 869 612 927 Drakenborch.
635 869 672 926 ad
694 870 752 940 IX,
775 871 824 938 34,
855 871 900 928 13.
957 869 1061 944 Neque
1083 867 1159 926 enisu
1180 868 1270 935 modi,
1295 867 1341 942 qui

287 976 424 1034 adverbio
447 976 509 1050 qui
536 983 670 1046 notatur,
700 975 761 1032 ulla
781 975 952 1050 significatio
975 985 1035 1047 est,
1064 977 1115 1033 sed
1136 972 1341 1049 interrogando

285 1081 376 1138 nulli
409 1082 551 1139 dubium
587 1095 656 1138 esse
683 1081 795 1139 dicitur.
853 1081 966 1138 Eodem
999 1082 1085 1138 modo
1118 1081 1267 1139 aberravit
1294 1081 1341 1134 W.

288 1187 329 1263 (ln
351 1187 396 1244 ed.
420 1185 548 1263 Teubu.)
582 1188 611 1244 in
633 1187 786 1258 XXXVI,
822 1193 849 1257 7,
881 1192 910 1258 4,
942 1187 991 1245 ubi
1021 1207 1059 1244 ex
1087 1188 1173 1262 quoi
1194 1185 1339 1244 dubium

287 1294 317 1351 in
336 1294 519 1370 Moguutino,
549 1294 695 1368 geminato
717 1295 802 1352 etiam
825 1293 852 1370 d,
876 1303 970 1350 ortum
985 1302 1056 1349 erat
1079 1294 1162 1368 quid
1184 1293 1342 1349 dubium.

288 1401 356 1458 Non
379 1401 530 1458 aberratur
549 1401 579 1456 iu
600 1400 777 1468 XXXVII,
812 1403 857 1468 15,
883 1401 899 1456 2
924 1411 975 1455 aut
996 1401 1045 1464 53,
1067 1401 1098 1469 3;
1128 1418 1182 1457 neo
1202 1396 1340 1460 XXXII,

291 1512 338 1574 10,
362 1509 378 1563 6
402 1524 576 1580 quemquam
597 1507 736 1563 hactenus
759 1507 871 1582 decepit
891 1506 956 1563 eod.
978 1505 1210 1580 Bambergensis,
1235 1506 1266 1561 in
1288 1521 1341 1576 quo

287 1633 355 1690 pro:
378 1613 437 1670 cui
458 1613 551 1669 euim
572 1631 642 1668 non
664 1631 844 1687 apparere
858 1613 1004 1670 scribitur:
1027 1611 1088 1686 qui
1110 1611 1200 1668 euim
1222 1631 1251 1667 n.
1267 1627 1340 1684 app.

288 1719 386 1789 XLV,
409 1721 458 1787 44,
484 1720 518 1774 12
544 1737 612 1793 pro:
635 1718 755 1775 necui
778 1718 886 1792 (quoi)
910 1719 1023 1788 detur,
1045 1717 1124 1792 quod
1145 1717 1279 1774 Muretus
1300 1733 1341 1770 re·

288 1824 389 1893 stituit,
412 1824 441 1879 in
463 1825 562 1882 codice
584 1835 690 1882 estne
712 1824 806 1898 quod
830 1824 942 1880 detur.
985 1824 1021 1881 Iu
1042 1823 1189 1882 Ciceronis
1212 1823 1340 1880 oratione

245 1994 249 2004 ,
287 1930 321 1987 II
342 1948 395 2004 pro
419 1929 483 2004 lege
505 1947 566 2005 ogr.
592 1931 650 1996 22,
684 1935 721 1988 60
755 1947 792 1986 ex
824 1929 910 2004 quoi
929 1929 984 1986 ius
1016 1929 1045 1986 in
1067 1930 1213 1987 codicibus
1235 1929 1339 1987 iactum

289 2035 382 2109 quod
407 2035 476 2105 ius,
513 2035 700 2110 similiterque
732 2036 829 2094 multis
860 2037 924 2093 aliis
951 2035 1032 2094 locis.
1083 2037 1187 2094 Restat
1220 2055 1259 2094 ex
1291 2036 1340 2092 hoc

288 2159 393 2217 genere
415 2151 494 2198 certa
515 2141 677 2198 emendatio
703 2123 819 2200 Seuecae
841 2142 937 2201 verbis
958 2141 1121 2199 adhibenda
1143 2143 1179 2200 de
1200 2137 1339 2216 tranquill.

292 2247 381 2306 animi
402 2266 427 2307 c.
451 2249 479 2317 8,
502 2249 530 2317 8,
552 2247 600 2304 ubi
622 2247 717 2304 editur
737 2249 798 2305 sine
819 2249 973 2307 sententia:
1006 2257 1142 2323 quanto
1167 2248 1237 2306 ille
1267 2245 1339 2304 feli-

291 2355 381 2424 cior,
404 2354 463 2428 qui
484 2353 576 2410 nihil
596 2352 663 2409 ulli
687 2353 809 2427 debet,
829 2355 900 2413 nisi
922 2354 1016 2430 quod
1036 2352 1338 2426 facillimensgat

291 2460 381 2533 sibi,
408 2459 588 2516 scribendum
612 2469 669 2515 est:
700 2459 790 2516 nihil
811 2457 878 2516 ulli
903 2459 1023 2530 debat,
1044 2459 1115 2516 nisi
1137 2459 1220 2533 quoi
1242 2453 1340 2515 facil-

290 2568 376 2624 lima
405 2574 529 2640 negat,
566 2563 648 2622 sibi.
735 2566 832 2624 Unum
857 2573 989 2641 superest
1015 2565 1046 2621 in
1072 2565 1129 2622 hoo
1151 2563 1247 2640 capite
1269 2564 1339 2636 (post

292 2681 577 2730 consecuturum
599 2677 614 2742 ξ
637 2674 654 2730 8
676 2681 755 2730 recte
780 2690 798 2728 a
819 2671 1055 2728 Weissenbornio
1081 2671 1110 2727 in
1132 2679 1340 2728 secuturum

292 2787 434 2836 inritatum
471 2787 500 2836 et
531 2780 546 2846 ἕ
580 2779 597 2834 9
631 2777 794 2835 restitutum
826 2797 842 2835 e
877 2777 904 2834 P
938 2774 1163 2851 Calenisque
1198 2771 1340 2852 legatis]
1377 2749 1378 2762 Ι

293 2883 503 2940 emendandum
525 2883 591 2953 in§
617 2886 663 2953 13,
693 2883 743 2942 ubi
765 2883 928 2953 Hannibal,
958 2894 996 2940 ut
1024 2883 1086 2940 iras
1106 2883 1221 2958 magis
1243 2895 1341 2958 quam

293 2987 462 3044 avaritia
483 2987 603 3047 datum
635 2991 729 3065 (quod
751 2991 829 3048 bona
851 2990 935 3046 Desii
957 2987 1118 3066 possideret
1141 2981 1340 3061 venderetque)

293 3093 458 3150 homiues
481 3095 687 3168 crederent,
710 3095 967 3155 crudelitatem
990 3113 1132 3170 quoque
1162 3085 1341 3168 gravitati

294 3199 486 3257 addidisse
507 3199 625 3272 dicitur,
655 3203 777 3279 coniuge
809 3203 870 3259 eius
897 3201 1052 3276 liberisque
1082 3199 1157 3258 vivis
1178 3195 1340 3260 combustist

294 3306 336 3362 sic
358 3305 432 3362 enirn
456 3305 485 3362 in
509 3307 582 3370 cod..
597 3309 630 3365 M
652 3308 773 3384 aliisque
806 3308 952 3378 scribitur3
979 3309 1010 3368 in
1031 3305 1221 3364 deterioribus
1242 3299 1340 3362 codici-

295 3413 349 3470 bus
371 3421 401 3468 et
421 3411 594 3470 editionibus
617 3423 717 3472 nostru
737 3415 834 3473 seculo
853 3415 1063 3490 antiquioribus
1089 3422 1164 3470 erat:
1193 3405 1341 3471 erudeli·

294 3518 363 3576 teti
396 3535 538 3593 quoque
570 3519 799 3595 gravitatem
824 3521 980 3591 addidit;
1017 3521 1046 3576 in
1073 3507 1107 3577 P'
1125 3529 1169 3577 est
1192 3510 1341 3576 crudeli·

295 3633 406 3682 tatem
435 3665 484 3685 ...
517 3623 748 3699 gravitatem.
802 3624 988 3684 Manifestum
1019 3637 1077 3697 est,
1107 3635 1139 3682 ut
1169 3623 1220 3681 irre
1250 3623 1341 3680 dotum

296 3729 404 3805 aliquid
423 3730 583 3801 videretur,
612 3751 670 3788 nou
693 3731 855 3789 crudelitati
878 3731 965 3803 aliud,
993 3731 1045 3789 sed
1066 3730 1116 3788 alii
1135 3731 1178 3788 rei
1198 3726 1340 3788 crudelita-

297 3844 355 3894 tem
378 3835 521 3904 additam3
554 3837 604 3894 sed
628 3855 686 3894 non
708 3837 802 3895 minus
823 3837 1024 3908 manifestum,
1054 3845 1086 3896 ut
1105 3837 1156 3894 ira
1177 3831 1340 3912 respondeat

297 3941 460 4012 crudelitas,
480 3941 522 3998 ita
544 3943 581 4000 ab
602 3944 726 4002 avaritia
747 3945 913 4020 longissime
935 3945 1041 4002 distare
1062 3943 1237 4020 gravitatem
1257 3947 1339 4010 neque

298 4042 387 4100 ullam
415 4046 445 4102 in
466 4047 550 4103 Dasii
581 4047 664 4104 bouis
697 4049 854 4107 vendendis
885 4049 1058 4125 gravitatem
1090 4048 1189 4110 fuisse.
1249 4047 1341 4115 itaque
