2800 4646
594 229 666 338 ⁴413
983 275 1039 328 Lib.
1052 275 1166 326 XXXV.

106 463 267 540 genitivum
298 463 351 522 rei
381 461 564 539 appositione
593 461 728 520 adiuncto
760 462 892 538 gerundii
922 460 1059 538 genitivo.
1117 459 1167 520 Sic

107 571 182 628 enim
206 570 307 628 Livius
333 569 475 626 interdum
506 565 638 644 gerundii
664 583 723 623 non
745 567 903 626 ablativum
930 568 1024 626 solum
1057 567 1093 640 (Ι,
1117 569 1166 639 56,

106 678 124 734 2
148 687 178 734 at
198 675 239 734 ibi
263 674 400 748 wainni,
431 675 482 732 sed
513 673 601 732 etiam
628 673 825 732 accusativum
847 683 875 730 et
895 673 1054 750 genitivum
1075 673 1166 748 ponit,

104 783 303 840 accusativum
324 781 415 852 XXI,
437 785 466 852 4,
489 783 507 838 3
530 789 559 838 et
581 778 688 849 XXII,
712 779 741 850 8,
764 783 791 850 5,
811 778 968 854 genitivum
990 779 1032 850 II,
1054 782 1104 849 tr,
1129 779 1165 836 12

105 888 302 964 (immemor
332 888 422 958 eius,
454 887 550 962 quod
578 885 686 942 initio
716 885 930 944 consulatus
957 885 1165 954 imbiberat,

103 991 384 1051 reconciliandi
417 992 559 1050 animos
589 991 724 1068 plebis)
752 1000 782 1048 et
802 990 950 1061 XXXII,
975 994 1030 1063 19,
1064 997 1075 1050 l
1102 991 1166 1060 (rai

104 1098 258 1156 maioris
282 1117 383 1174 spes,
406 1099 621 1156 Achaeorum
642 1105 782 1172 gentem
818 1139 848 1158 ..
877 1098 1088 1172 avertendi).
1129 1099 1166 1156 In

107 1203 249 1280 proximis
270 1203 466 1280 superioribus
487 1205 584 1262 verbis
606 1213 684 1262 recte
707 1201 844 1278 Sigonius
865 1201 952 1260 scribi
972 1203 1080 1262 voluit:
1098 1223 1166 1262 om·

103 1309 167 1366 nia
188 1309 320 1366 novari
341 1309 436 1367 veile
468 1315 533 1386 (pro
555 1314 707 1377 novare)
730 1308 766 1364 de
787 1307 950 1366 hominihus
974 1309 1164 1368 mutationum

104 1413 235 1490 cupidis,
267 1433 326 1472 non
357 1415 428 1491 ipsis
464 1434 563 1474 earum
595 1415 715 1473 consilia
736 1415 914 1491 capientibus
936 1432 988 1472 nec
1010 1415 1165 1490 quicquam

103 1539 158 1578 sna
179 1528 283 1596 sponte
304 1521 495 1578 moventibus.
531 1519 603 1590 (Cir.
621 1521 657 1579 da
678 1521 774 1578 mendi
795 1539 900 1596 genero
920 1541 949 1597 p.
974 1522 1012 1580 38
1036 1531 1095 1578 not
1121 1520 1163 1595 2.)

105 1626 195 1684 initio
217 1627 319 1702 capitis
340 1635 407 1702 post
429 1627 616 1686 Antiocho
649 1625 758 1701 aliquid
792 1625 949 1696 excidisse,
980 1627 1165 1685 animadver-

102 1751 168 1790 sum
205 1732 263 1790 iam
287 1751 305 1789 a
327 1732 564 1792 Weissenbornio
594 1733 693 1802 video;
739 1732 879 1790 sententia
908 1732 1072 1790 huiusmodi
1104 1733 1165 1792 fere

102 1839 193 1896 fnisse
213 1838 339 1896 videtur:
372 1839 477 1910 Inda,
512 1850 549 1897 ut
584 1857 733 1915 quaeque
764 1839 805 1896 de
835 1838 1019 1898 Antiocho
1053 1838 1164 1914 [fama

102 1944 224 2002 allata
245 1953 336 2014 erat,
357 1945 474 2002 AEtoli
496 1945 740 2022 excipiebant,
763 1957 798 2004 et
820 1944 895 2023 ne,]
929 1945 1023 2004 nihil
1041 1965 1104 2022 per
1125 1965 1164 2004 se

102 2050 176 2126 ipsi
197 2050 296 2120 moti,
311 2050 479 2109 sedentes
501 2063 720 2128 exspectare
739 2052 932 2110 adventum
948 2053 1163 2110 riderentur

102 2155 230 2244 regis,¹
255 2155 450 2215 concilium
479 2157 623 2233 quidem
655 2167 709 2219 cet.
803 2157 914 2216 Eodem
948 2158 1042 2234 capite
1074 2158 1163 2234 paulo

103 2271 172 2338 post
194 2263 221 2334 (ξ
245 2264 276 2332 7)
299 2279 362 2335 quse
383 2261 419 2318 de
440 2261 608 2322 AEtoiorum
632 2263 751 2322 consilio
774 2264 969 2322 Demetriadis
990 2265 1166 2339 occupanda

104 2367 142 2424 ab
164 2366 332 2443 Eurylocho
352 2366 453 2424 exsule
474 2368 573 2426 adiuro
595 2379 759 2440 narrantur,
782 2389 880 2428 eorum
902 2369 1013 2426 initium
1035 2370 1064 2426 in
1086 2371 1166 2428 codi-

104 2471 186 2530 cibus
207 2473 311 2530 vitiosc
332 2473 374 2530 sic
395 2473 548 2532 scribitur:
579 2475 733 2532 Litteris
757 2475 959 2552 Eurylochi
986 2476 1166 2534 admoniti

102 2578 307 2654 propinqui
328 2579 508 2654 amicique
533 2592 566 2638 et
588 2581 647 2656 qui
669 2581 827 2639 eiusdem
849 2579 1027 2638 factionis
1049 2591 1164 2654 erant,

102 2685 246 2742 liberos
279 2695 313 2742 et
341 2685 529 2762 coniugem
561 2687 638 2744 eius
668 2705 745 2745 cum
780 2687 932 2744 sordida
955 2697 1074 2758 veste,
1109 2699 1165 2746 te·

102 2799 230 2848 nentes
261 2790 467 2849 velamenta
495 2791 723 2868 supplicum,
751 2793 962 2850 contionem
990 2790 1164 2868 frequen·

102 2907 170 2954 tom
200 2896 388 2967 adierunt,
422 2897 587 2972 singulos
624 2899 888 2974 universosque
923 2898 1165 2972 obtestantes,

103 3023 148 3060 ne
184 3003 368 3061 insontem
405 3003 656 3062 indemnatum
692 3022 953 3062 consenescere
985 3002 1020 3060 in
1048 3004 1163 3062 exilio

102 3109 275 3166 sinerent.
320 3107 407 3182 Quod
430 3109 562 3166 editionis
583 3109 775 3167 Frobenianae
796 3111 896 3188 primae
918 3110 1163 3169 auctoritatevui-

102 3233 141 3290 go
156 3223 282 3272 tenetur:
305 3214 510 3273 contionem
533 3213 763 3289 frequentem
786 3216 888 3274 adire
908 3217 1163 3288 iubenttantum

103 3319 195 3389 abest,
217 3330 257 3390 ut,
280 3319 356 3393 quod
369 3317 628 3377 Drakenborchius
650 3319 758 3391 scribit,
780 3340 817 3378 ex
832 3321 865 3379 M
883 3331 1028 3398 sumptum
1051 3323 1096 3392 sit,
1121 3331 1164 3392 nt,

102 3443 191 3500 quum
220 3424 249 3481 in
280 3424 346 3500 ipsa
368 3423 493 3482 editione
519 3424 602 3500 Mog.
624 3425 796 3484 scriberetur
827 3425 1041 3502 frequenter
1060 3428 1162 3485 adie-

102 3540 208 3600 runt,
239 3530 281 3589 N.
305 3528 485 3588 Carbschius
514 3550 530 3588 e
552 3530 614 3588 cod.
641 3530 788 3588 adnotarit
810 3531 1034 3607 frequentem
1060 3533 1162 3590 adie-

101 3645 195 3695 runt.
212 3647 215 3654 ’
231 3635 298 3693 Hoc
319 3636 572 3694 Weissenbornius
594 3636 710 3712 recepit,
731 3637 828 3712 posita
848 3647 916 3714 post
936 3637 1086 3696 sordida
1106 3657 1162 3697 ve·

101 3752 156 3798 sta
187 3741 297 3799 lacunas
332 3750 412 3800 nota.
473 3743 574 3800 Livius
608 3741 757 3818 scripsisse
790 3743 918 3801 videtur:
953 3743 1093 3802 liberos
1129 3753 1163 3802 et

100 3847 291 3922 coniugem
314 3847 390 3906 eius
425 3891 474 3918 ..,
507 3857 671 3906 tenentes
704 3849 912 3908 velamenta
949 3849 1162 3926 supplicum,

100 3956 135 4016 Ιι
159 3953 364 4012 contionem
387 3953 615 4030 frequentem
638 3953 830 4014 adcierunt
851 3955 1162 4032 (nadduxerunt).
