2820 4646
244 250 395 302 manv.
742 253 803 311 618

243 437 272 494 in
294 438 349 494 hac
380 455 413 493 re
435 435 566 493 absolute
595 434 699 494 dicitur
720 435 934 494 tirocinium
956 455 1106 510 ponere3
1136 449 1168 495 ut
1191 439 1302 514 signifi-

243 553 339 614 cetur,
361 543 442 602 cuius
464 542 506 600 rei
530 541 691 600 tirocinium
715 541 910 616 intelligatur,
933 541 1115 602 scribendum
1137 555 1194 602 est:
1216 545 1247 602 si
1267 545 1301 602 in

244 651 278 708 L.
310 650 425 708 Paulo
458 647 656 706 accusandi
684 647 901 706 tirocinium
933 666 1078 722 ponere.
1134 651 1248 708 Deinde
1272 651 1302 708 in

242 753 399 831 proximis,
422 773 509 830 quum
534 755 674 814 Servilius
710 755 746 812 de
774 753 921 828 triumpho
952 753 1038 812 Pauli
1071 763 1209 831 tanquam
1234 767 1301 815 acto

243 860 338 919 dicere
358 879 416 917 non
426 861 518 936 possit
533 871 653 936 totaque
669 861 811 919 sementia
822 861 899 918 dere
910 861 978 918 ficta
996 860 1042 930 sit,
1052 864 1215 920 necessario
1229 865 1302 923 scri-

241 967 367 1024 bendum
389 977 441 1036 est,
460 967 575 1024 sublato
598 987 695 1026 errore
704 967 847 1043 frequenti
860 965 930 1045 (cfr.
940 969 976 1025 ad
987 969 1087 1038 XLII,
1098 971 1125 1036 5,
1138 969 1194 1044 8p.
1205 973 1239 1027 51
1249 975 1302 1044 l):

244 1091 347 1147 quam
371 1071 634 1148 triumphatum
659 1085 756 1132 esset
777 1093 840 1142 nec,
856 1075 1009 1148 quicquam
1028 1085 1166 1150 preterea
1181 1094 1303 1134 moven-

243 1179 319 1236 dum.
363 1178 398 1234 In
420 1177 476 1236 illis
498 1188 609 1237 eutem:
634 1181 817 1256 privatum
840 1181 1077 1238 eumvisurus
1098 1193 1302 1256 essetquum

242 1287 355 1344 deesset
376 1285 548 1355 coniunctio,
563 1284 732 1344 Gronovius
743 1287 830 1344 scribi
848 1286 954 1344 voluit:
974 1305 1077 1360 quarn
1100 1271 1303 1363 triumpha-

242 1401 311 1449 tum
346 1401 380 1447 et
410 1409 486 1446 eum
522 1390 691 1465 privatus
723 1393 873 1452 visurus
895 1403 1011 1463 esset,
1047 1392 1304 1450 Weissenbomius

241 1496 368 1573 scripsit:
395 1496 580 1571 privatum
612 1515 716 1571 quum
748 1499 894 1556 risurus
916 1509 1027 1568 esset;
1058 1497 1108 1556 sed
1129 1499 1304 1573 relinquitur

242 1622 332 1679 grave
353 1603 455 1660 vitium
479 1601 638 1672 orationis;
665 1623 733 1661 nem
755 1604 791 1662 de
813 1615 931 1680 postero
951 1605 1006 1674 die,
1029 1621 1116 1680 quam
1138 1605 1303 1679 triumpha-

241 1719 302 1766 tum
327 1717 416 1776 esset,
439 1707 589 1764 dicendum
618 1717 694 1765 eret:
724 1728 829 1783 quum
853 1711 999 1768 videret
1028 1712 1099 1787 (ism
1120 1709 1206 1788 tum),
1228 1729 1303 1767 non:

243 1833 349 1889 quum
370 1814 519 1870 visurus
543 1822 649 1872 esset.
693 1815 798 1890 Itaque
819 1815 844 1872 si
866 1829 962 1874 cetera
985 1827 1065 1874 recta
1084 1826 1159 1882 sunt,
1180 1825 1305 1892 propter

241 1919 384 1996 participii
411 1931 525 1994 tempus
547 1919 704 1993 requiritur
734 1921 875 1980 eiusmodi
896 1923 1034 1984 verbum.
1069 1922 1147 1997 quod
1180 1923 1239 1978 vim
1274 1933 1304 1977 et

242 2023 374 2084 ellectum
396 2025 589 2082 accusationis
611 2035 671 2084 tum
696 2027 833 2086 institutas
854 2029 995 2105 significet
1019 2031 1059 2102 (v.
1074 2048 1099 2086 c.
1116 2028 1300 2103 privatum

242 2151 346 2207 quum
368 2133 521 2190 laesurus
544 2135 675 2208 esset);
699 2134 749 2190 sed
771 2135 841 2192 nihil
865 2135 979 2192 definio.
1024 2137 1178 2192 Postremo
1199 2135 1228 2190 in
1251 2153 1302 2190 co-

241 2240 303 2298 dice
332 2239 480 2297 scribitur:
511 2239 602 2296 diem
635 2239 755 2297 dicere
778 2240 930 2298 inimico
957 2259 1030 2297 curn
1054 2242 1096 2298 ad
1118 2239 1302 2316 populum,

241 2365 278 2403 ex
300 2365 357 2422 quo
379 2347 425 2404 fit:
457 2345 548 2403 diem
580 2345 726 2406 diceret
748 2348 919 2416 inimico,
952 2365 1028 2404 eum
1056 2347 1099 2404 ed
1126 2345 1301 2421 populum

241 2449 480 2522 accusaret.¹)
532 2451 719 2512 Manifestum
745 2453 879 2512 mendum
902 2454 991 2510 teneri
1013 2465 1084 2528 puto
1107 2457 1121 2522 ξ
1145 2453 1176 2509 8:
1200 2453 1303 2509 Duas

240 2559 325 2618 mihi
348 2561 484 2635 aliquis
512 2554 710 2618 contiones
731 2577 929 2634 parumper
950 2559 1085 2630 iaciat,
1108 2577 1213 2615 unam
1234 2557 1300 2614 mi-

239 2666 344 2724 litum
367 2665 711 2734 Macedonicorum,
733 2685 858 2742 puram
882 2665 1058 2736 alteram,
1080 2663 1302 2738 integrioris

239 2770 366 2829 iudicii
388 2780 424 2828 et
447 2790 466 2828 n
488 2770 619 2828 favore
649 2775 717 2844 (scr.
739 2773 867 2830 iudicii
890 2791 909 2828 a
930 2769 1012 2840 lav.)
1037 2783 1071 2827 et
1092 2770 1194 2838 odio,
1227 2769 1301 2826 uni·

239 2896 346 2935 verso
376 2877 567 2934 iudicante
597 2863 732 2954 populo
761 2881 932 2937 Romano.
991 2875 1123 2936 Ablstivi
1157 2876 1187 2932 hi
1217 2875 1301 2932 uni·

239 3001 346 3042 verso
368 2984 438 3042 iud.
461 3003 491 3058 p.
514 2985 550 3042 R.
573 3003 669 3060 neque
692 2987 765 3044 bene
793 3004 857 3042 cum
880 2984 1038 3042 alteram
1061 2981 1301 3052 (contionem)
1392 3005 1393 3008 ¹

239 3089 451 3164 coniunguntur
480 3109 576 3165 neque
607 3092 759 3149 commode
787 3091 963 3166 respondent
984 3089 1124 3166 superiori
1146 3087 1186 3144 illi
1208 3087 1299 3144 mili·

239 3203 310 3252 tum
332 3195 440 3266 Mac,
475 3215 636 3272 parumque
668 3207 735 3272 epte
766 3197 827 3254 hoec
860 3206 1047 3252 concurrunt:
1083 3193 1299 3268 integrioris

238 3301 369 3359 iudicii
397 3347 425 3362 ..
453 3303 646 3360 iudicante
669 3321 697 3378 p.
724 3303 760 3362 R.
823 3301 858 3359 ln
888 3301 988 3360 codice
1020 3310 1077 3358 est:
1114 3300 1300 3356 universis
1391 3379 1392 3386 ἵ

238 3407 308 3468 iud.
330 3427 354 3466 c.
377 3428 428 3485 pr.
451 3407 528 3484 (sic).
573 3413 718 3485 Apparet,
740 3409 852 3484 opinor,
875 3408 1010 3465 subesse:
1033 3406 1200 3464 universi
1222 3425 1250 3481 p.
1264 3407 1299 3463 R.

239 3512 348 3571 Ceterae
368 3515 424 3572 illae
448 3517 548 3574 litterae
574 3523 670 3572 utrum
693 3533 790 3572 errore
822 3533 860 3570 ex
881 3514 1031 3588 superiore
1058 3513 1189 3571 iudicii
1217 3531 1299 3588 repe-

256 3777 277 3846 ¹)
306 3781 382 3842 Quod
401 3785 515 3848 sequitur
535 3785 550 3845 ξ
571 3787 586 3832 6
606 3784 674 3832 eius
702 3783 894 3832 obtrectare
922 3779 1040 3830 laudes
1058 3781 1178 3840 voluit,
1208 3789 1300 3829 noten-

308 3876 367 3923 dum
386 3886 436 3935 est;
465 3877 527 3924 alibi
548 3875 616 3924 cuim
637 3875 724 3925 Livius
742 3875 852 3923 dativum
871 3873 931 3922 hnic
949 3873 1026 3922 verbo
1044 3873 1176 3936 adiungit,
1205 3879 1234 3921 ut
1257 3871 1299 3920 Ci-
1389 3911 1390 3934 p

307 3981 367 4015 cero
385 3981 503 4030 semper3
522 3981 581 4015 nam
602 3967 629 4015 in
649 3967 758 4030 Philipp.
777 3965 819 4025 Χ,
840 3971 864 4024 ³,
885 3969 899 4013 6
919 3965 976 4014 cod.
994 3964 1134 4014 Vaticanus
1153 3963 1192 4026 (ct
1209 3963 1300 4026 Bern.)

306 4056 417 4105 dativum
436 4065 535 4119 tuetur3
553 4060 724 4108 accusativum
744 4057 850 4107 Tacitus
875 4067 901 4106 et
919 4059 973 4107 cius
991 4057 1101 4120 aequales
1120 4057 1228 4106 habent.
