2822 4648
579 293 615 349 91
967 291 1024 339 Lib.
1044 291 1090 339 1v.

153 473 227 550 Cap.
253 481 281 543 5,
302 479 318 533 3
343 477 385 550 (in
408 475 538 534 Canuleii
561 477 717 547 oratione):
743 475 841 549 quid,
863 475 893 531 si
915 493 998 544 non,
1018 493 1128 549 quan·

68 595 141 640 tum
178 582 258 640 istoe
288 583 387 639 minas
419 582 597 638 adversus
629 581 748 656 plebis
782 599 996 638 consensum
1032 581 1127 638 vale-

67 699 163 756 rent,
187 689 243 746 bis
264 689 335 746 iam
356 687 500 763 experti
521 687 673 744 essetis?
715 687 772 761 Qui
789 687 818 744 in
838 686 889 743 tali
902 686 1034 742 oratione
1049 692 1128 762 (post

68 795 131 852 ssla:
166 805 202 852 tu
231 795 353 852 statim
383 803 612 852 sacramento
645 793 807 850 iuniores
831 793 957 868 adiges
978 790 1064 864 etei]
1087 792 1129 848 ita
1226 807 1235 814 ·

68 902 232 976 interrogat
258 901 371 976 (quid,
403 902 433 957 si
461 919 531 957 non
553 900 696 974 experti
725 897 900 968 sesemel),
932 899 956 955 is
978 899 1128 974 signifieat,

68 1005 198 1062 futurum
220 1004 343 1062 forsitan
364 1006 462 1076 fuisse,
483 1015 515 1062 nt
534 1007 698 1081 indigniora
720 1016 746 1062 et
770 1005 907 1081 graviora
927 1007 1036 1076 fierent,
1065 1023 1130 1080 quae

67 1112 212 1168 sententia
235 1113 273 1168 ab
296 1111 351 1168 hoo
372 1111 437 1167 loeo
459 1110 554 1168 aliana
575 1121 629 1187 est,
652 1112 682 1168 in
705 1131 763 1187 quo
784 1112 924 1180 tribunus,
952 1112 1052 1168 inanes
1077 1112 1129 1168 ad·

68 1219 192 1276 versarii
229 1219 323 1276 minas
357 1234 435 1287 esse,
477 1218 614 1286 ostendit;
653 1218 682 1274 id
715 1217 865 1294 dupliciter
896 1217 1003 1274 usitata
1034 1217 1131 1274 forma

70 1326 131 1382 lieri
164 1335 296 1400 poterat,
332 1331 383 1380 aut
413 1323 632 1398 interrogando:
669 1323 774 1399 quid?
806 1343 874 1380 non
914 1355 949 1366 -
986 1324 1128 1399 experti

69 1431 181 1487 estis?
213 1441 265 1488 aut
290 1429 344 1485 sio:
375 1428 479 1502 quasi
507 1449 576 1486 non
598 1429 806 1506 -experti
837 1429 977 1488 assatis.
1031 1433 1129 1504 Atque

69 1537 126 1593 lroe
156 1537 195 1593 ad
225 1535 340 1593 codices
371 1534 462 1591 multo
490 1536 609 1612 propius
636 1536 754 1594 aceedit.
810 1535 869 1594 Sed
900 1535 948 1610 qui
975 1536 1130 1593 vitabimus

68 1662 169 1700 eorum
194 1651 405 1718 argumentum,
427 1641 476 1715 qui
496 1642 599 1712 dicent,
621 1643 755 1700 Latinam
778 1643 1011 1700 consuetudinem
1030 1651 1131 1717 postu·

69 1749 141 1816 lare,
163 1758 196 1805 ut
217 1749 246 1806 in
268 1750 323 1805 hae
344 1748 483 1804 orationis
500 1748 596 1805 forma
618 1749 772 1806 scribatur:
795 1749 899 1823 quasi
920 1767 990 1806 non
1013 1781 1049 1792 -
1074 1767 1128 1805 ex·

68 1855 165 1929 perti
195 1853 300 1911 sitis?
353 1855 495 1928 Equidem
522 1873 580 1910 non
613 1855 712 1926 video;
746 1873 812 1911 nam
844 1855 916 1910 alius
944 1856 1058 1929 generis
1089 1855 1129 1912 illi

69 1961 126 2018 lori
154 1969 237 2030 sunt,
270 1962 299 2017 in
330 1961 433 2036 quibus
465 1971 567 2036 aperta
594 1970 638 2017 est
665 1961 845 2036 comparatio
868 1979 931 2016 eum
964 1961 1131 2018 condicione

70 2069 137 2124 liuta
172 2069 226 2127 leo
256 2067 374 2124 animo
410 2077 447 2124 te
482 2068 588 2124 velim
624 2085 717 2135 esse,
753 2067 856 2142 quasi
892 2066 959 2122 mei
991 2067 1131 2142 negotii

69 2191 183 2230 cansa
204 2173 336 2230 missus
358 2191 471 2244 esses,
493 2172 553 2232 Cio.
575 2174 611 2230 ad
628 2177 690 2232 Att.
708 2177 731 2242 l,
753 2177 786 2230 10
803 2183 876 2230 extr.
891 2183 954 2229 aut:
976 2173 1010 2229 id
1033 2193 1130 2248 aeque

69 2279 197 2336 valera
218 2279 325 2336 debet
347 2296 386 2334 ae
408 2279 437 2334 si
459 2287 564 2353 pater
585 2280 775 2350 indicaret,
798 2281 835 2336 id.
851 2279 990 2356 proSull.
1008 2283 1129 2352 18‚5t);

70 2385 170 2460 itaque
193 2385 289 2442 loeum
310 2402 364 2459 pro
386 2384 474 2440 dubio
495 2385 636 2460 relinquo.
644 2381 668 2460 ¹)

155 2489 264 2567 Capi
289 2501 362 2551 extr.
380 2492 406 2562 (ξ
427 2491 474 2562 ll)
495 2491 679 2565 aperiendum
703 2500 732 2546 et
751 2491 907 2547 tollendum
930 2501 973 2548 est
994 2491 1129 2547 mendum

70 2596 111 2652 ita
133 2597 285 2671 antiquum
309 2597 407 2671 itaque
435 2595 608 2653 occultatum
642 2595 699 2652 iam
721 2596 750 2653 in
775 2597 873 2653 codiee
895 2598 1067 2672 archetypo,
1099 2604 1132 2652 ut

69 2703 187 2760 difficule
212 2704 250 2760 sit
272 2719 420 2759 assensum
442 2711 629 2775 extorquere3
665 2701 715 2758 sed
739 2703 898 2777 parendum
932 2713 976 2759 est
1006 2702 1129 2762 veritati.

70 2809 147 2866 Nam
186 2819 341 2884 postquam
375 2808 474 2865 Livius
511 2808 598 2876 dixit,
633 2807 667 2864 L.
695 2808 846 2882 Papirium
878 2809 1068 2884 Mugillanum
1102 2818 1129 2865 et

70 2915 105 2971 L.
126 2914 332 2990 Sempronium
348 2915 514 2972 Atratinum
539 2912 670 2969 eonsules
691 2932 784 2988 neque
805 2915 834 2970 in
855 2914 1007 2971 annalibus
1029 2915 1131 2990 priscis

69 3038 165 3094 neque
186 3019 216 3075 in
238 3019 318 3076 libris
341 3019 560 3094 magistratuum
586 3019 721 3088 inveniri,
755 3017 886 3102 Credon,
908 3020 1014 3094 inquit,
1036 3022 1129 3096 quod

69 3125 210 3182 tribuni
233 3125 385 3182 militum
408 3125 514 3183 initio
537 3125 619 3182 unni
649 3125 809 3192 fuerunt,
837 3144 892 3195 eo,
919 3127 1069 3201 perinde
1091 3145 1131 3184 ae

69 3231 99 3286 si
131 3240 247 3287 totum
282 3250 409 3288 annum
445 3231 479 3287 in
514 3231 666 3306 imperio
699 3230 852 3299 fuerint,
883 3231 1053 3288 suffectis
1084 3233 1131 3289 iis

68 3335 285 3392 consulibus
321 3337 567 3412 praetermissa
601 3337 745 3394 nomina
778 3336 962 3394 consulum
995 3339 1129 3398 horum.

89 3619 110 3688 ι)
144 3624 174 3675 C.
187 3629 211 3682 6,
223 3631 237 3673 2
251 3625 325 3688 attigi
339 3625 449 3673 breviter
460 3625 485 3674 in
498 3641 611 3690 prooem.
626 3641 647 3690 p.
659 3631 673 3674 6
685 3635 710 3675 et
723 3631 765 3675 et.
800 3626 905 3676 Frustra
919 3626 1056 3674 advocatur
1069 3641 1130 3676 usus

140 3717 217 3780 longe
248 3718 364 3766 diversus
392 3725 418 3764 et
440 3717 556 3781 proprius
582 3720 650 3768 verbi
677 3719 794 3783 inquit.
839 3719 937 3768 Eodem
966 3722 1048 3784 capite
1076 3721 1089 3782 ξ
1114 3723 1128 3768 9

141 3823 218 3871 qoam
237 3824 322 3859 meam
349 3817 464 3874 putaram
485 3812 687 3860 emandationem
712 3810 851 3874 (iecerat
875 3812 1041 3876 nuquam),
1069 3813 1130 3862 Cre·

140 3903 237 3952 rerium
257 3917 395 3966 occupasse
413 3901 497 3962 video,
523 3916 599 3964 quern
618 3903 840 3954 Weissenbornius
868 3911 892 3952 at
911 3905 1028 3954 Hertzius
1051 3907 1129 3955 secuti

141 4003 208 4044 sunt.
255 3994 312 4058 Ego
337 4006 413 4045 antea
438 3993 549 4044 Creverii
576 3997 765 4045 emendationes
793 4005 891 4044 tantum
919 3995 1131 4048 Drakenborchio

141 4089 225 4138 indies
248 4103 348 4138 noram.
