2826 4650
5 203 7 238 t

5 339 8 418 q
600 313 637 369 53
1014 311 1072 362 Lib,
1091 311 1112 360 1.

5 419 7 552 l

76 513 137 550 nau
162 493 203 550 ait
215 495 449 569 Esquilinus,
471 515 524 554 nee
538 496 648 566 dubito,
670 514 729 553 nna
743 495 839 553 littera
853 496 967 554 sublata
985 496 1030 552 val
1052 497 1147 572 potius

5 615 6 622 ¹
81 619 143 657 uno
167 600 257 657 duotu
279 619 316 657 ex
337 600 467 675 pluribus
488 601 654 672 simillimis,
684 601 848 660 restituere:
874 601 909 658 in
931 603 1060 660 nollem
1081 604 1148 661 Es·

5 719 6 724 ’
77 707 296 782 quiliarum.

171 811 270 889 *Cap
296 815 344 882 56,
367 815 399 869 4:
435 813 549 888 Anguis
570 833 607 870 ex
629 813 763 871 columna
788 813 884 889 lignea
906 813 962 882 (sie
983 813 1059 870 enim
1080 833 1147 872 aar·

80 917 188 997 ratur)
210 919 325 994 elapsus
340 937 397 974 non
420 919 467 990 (ut
487 938 562 976 nuno
583 919 729 992 scribitur)
751 927 928 976 terrorem
952 918 1147 996 fugamque

80 1025 118 1081 in
142 1025 282 1100 regiam
302 1021 407 1092 feeit,
429 1024 479 1080 sed
502 1023 536 1080 ia
558 1026 675 1100 regia,
699 1025 747 1082 ubi
763 1033 898 1100 portento
911 1025 974 1082 viso
992 1025 1040 1082 alii
1060 1026 1147 1084 alior-

80 1149 151 1188 sum
196 1128 380 1205 diffugerunt.
446 1131 525 1188 Nam
563 1133 641 1207 quod
672 1131 757 1188 video
797 1131 921 1188 adscribi
958 1129 1146 1189 Germanice:

82 1236 168 1304 „Die
198 1235 286 1294 Saule
315 1235 400 1292 stand
433 1235 495 1292 also
524 1236 693 1293 ausaerhalb
726 1237 778 1294 der
806 1237 1023 1312 Kbnigsburg“‚
1056 1237 1081 1294 si
1110 1256 1145 1293 ex

80 1342 186 1400 neseio
217 1361 274 1416 qua
300 1341 433 1398 columna
461 1342 490 1398 in
519 1342 634 1417 publico
664 1343 761 1418 posita
792 1343 894 1418 anguis
925 1342 1040 1418 elapsus
1063 1350 1146 1400 esset.

81 1447 219 1504 homines
242 1447 349 1504 nonin
377 1449 486 1524 regiam
509 1448 687 1518 irruisasent,
716 1450 768 1506 sed
791 1469 843 1525 per
869 1449 932 1506 vias
955 1447 1146 1522 aufugissent:

76 1553 195 1610 oblitus
216 1561 259 1610 est
281 1553 378 1622 etiam,
401 1554 450 1628 qui
471 1557 526 1612 hoo
548 1533 733 1629 excogitavit,
755 1563 930 1612 terrorem
953 1553 1146 1628 fugamque

81 1659 211 1716 faeere
231 1670 309 1717 reete
330 1660 386 1717 diei
407 1661 505 1718 addito
521 1661 587 1730 looi,
609 1661 658 1717 ubi
679 1679 726 1718 res
748 1669 815 1718 aeta
838 1660 884 1725 sit,
905 1659 1030 1728 nomina
1051 1657 1146 1732 perin-
1201 1717 1204 1724 Δ

80 1777 153 1840 epte
182 1777 358 1823 terrorem
387 1763 611 1843 (fugamque)
634 1766 757 1824 facere
786 1765 820 1822 in
843 1765 997 1840 aliquem
1019 1765 1146 1820 locum.

83 1871 160 1927 Dixi
182 1871 217 1927 de
239 1871 335 1928 mendi
355 1891 460 1948 genere
481 1872 510 1928 in
534 1873 697 1948 prooemio,
732 1873 783 1930 sed
810 1871 967 1928 notandum
989 1879 1051 1927 erat
1073 1869 1142 1926 arti·

81 1977 181 2033 tioium
204 1977 367 2034 enarrandi.
446 1977 602 2035 Difficilior
627 1977 716 2053 paulo
746 1987 790 2034 est
818 1977 891 2034 alius
912 1976 1008 2034 mendi
1030 1994 1066 2031 ex
1087 1992 1145 2029 non

81 2081 261 2156 infrequenti
289 2083 394 2140 erroris
415 2101 520 2158 genere
547 2084 636 2160 paulo
658 2091 726 2159 post
747 2082 774 2156 (ξ
799 2089 830 2150 7)
853 2083 908 2140 orti
929 2080 1145 2144 demonstratio,

80 2207 174 2262 quam
198 2197 294 2244 tamen
325 2163 497 2264 peritissimo
527 2190 630 2264 cuique
652 2191 806 2264 probatum
828 2190 862 2247 iri
888 2189 1009 2246 confido.
1065 2187 1142 2243 Nem

81 2293 181 2350 inhia
206 2295 302 2350 verbis
331 2294 382 2360 (de
403 2295 523 2359 Brutol:
559 2296 703 2353 iuvenis
735 2295 842 2371 longe
874 2295 968 2353 alius
998 2291 1144 2368 ingenio

80 2419 190 2474 quam
214 2399 315 2456 euius
333 2400 601 2458 simulationem
623 2401 806 2471 induerat,
828 2402 853 2458 si
872 2402 972 2459 euius
994 2400 1031 2457 ad
1049 2399 1144 2473 inge-

81 2506 180 2562 nium
203 2503 334 2567 retertur,
356 2507 526 2582 pravissime
548 2507 576 2563 in
598 2508 694 2564 verbis
717 2508 849 2582 proxime
869 2517 898 2564 et
913 2507 1035 2565 relativa
1050 2503 1145 2560 forma
1207 2545 1209 2549 ,

80 2611 225 2668 rennuis
248 2611 285 2667 ab
308 2613 423 2669 homine
454 2613 490 2670 ad
519 2612 663 2687 ingenium
696 2615 834 2671 transitur
861 2611 1018 2682 (iuvenis
1051 2608 1144 2666 alius

81 2717 234 2794 ingenio
257 2737 360 2793 quam
383 2720 483 2776 ouius
505 2719 671 2794 ingenii);
693 2719 737 2775 sin
753 2720 789 2776 ad
811 2719 989 2782 iuvenem,
1010 2732 1144 2792 perverse

81 2825 191 2880 dieitur
228 2823 370 2882 iuvenis
415 2825 639 2900 (alieuiusmodi)
679 2825 947 2882 simulationem
984 2821 1144 2879 induere.

80 2929 198 2987 Omitto
220 2930 314 3004 ipsam
336 2931 409 2987 hane
440 2931 667 2988 coniunctionem
701 2931 795 2987 alius
824 2931 971 3006 ingenio
995 2948 1052 2986 non
1075 2945 1145 2984 sane

81 3036 233 3092 usitatam.
288 3033 394 3092 Omnia
425 3047 504 3094 reeta
534 3047 562 3093 et
592 3047 661 3113 apta
693 3045 777 3094 errant
807 3055 865 3092 una
893 3036 989 3092 littera
1014 3035 1144 3109 dempta:

79 3141 230 3198 iuvenis
251 3141 358 3215 longe
378 3141 471 3198 alius
492 3143 615 3218 ingeni
638 3162 739 3218 quem
758 3143 859 3200 euius
876 3141 1143 3198 simulationem

80 3247 259 3304 induerat
280 3246 323 3320 (ut
344 3247 438 3304 alius
460 3248 597 3325 ingenii
619 3249 830 3324 coniungatur).
886 3249 1024 3305 Litteram
1049 3255 1143 3303 autem

79 3353 165 3408 illam
190 3352 233 3427 (ο)
255 3351 366 3427 peperit
388 3354 528 3412 brevioris
554 3355 671 3430 genitivi
693 3355 794 3412 formae
818 3354 925 3411 oblivio
948 3355 1059 3421 eadem,
1082 3371 1145 3428 qaae,

80 3457 142 3528 IV,
174 3459 222 3526 13,
253 3459 287 3515 13
313 3460 470 3517 consilia
496 3461 536 3529 (in
559 3462 659 3519 MPLl
687 3461 841 3536 multisque
863 3461 941 3520 aliis,
967 3459 996 3518 id
1025 3469 1081 3528 est,
1115 3459 1144 3514 in

78 3561 263 3640 arrhetypo)
286 3585 321 3622 ex
346 3566 486 3626 consili.
543 3567 636 3625 Multo
665 3567 749 3643 plura
779 3567 884 3624 veteris
905 3566 1023 3641 genitivi
1044 3565 1145 3622 formae

78 3683 110 3728 et
135 3670 272 3745 exempla
293 3681 322 3728 et
342 3671 370 3728 in
393 3673 538 3730 erroribus
558 3673 682 3748 vestigia
704 3683 845 3749 apparent
865 3673 894 3730 in
911 3672 1018 3729 decade
1041 3680 1145 3744 quarta

78 3779 113 3834 in
135 3777 200 3834 eod.
224 3776 432 3852 Bambergensi
456 3787 483 3833 et
505 3777 533 3833 in
556 3777 656 3853 quinta
677 3777 706 3836 in
732 3779 958 3838 vindobonensi.
1002 3777 1059 3834 Hie
1081 3775 1145 3851 qui-

78 3883 151 3940 dem
180 3903 216 3940 eo
250 3883 363 3941 facilius
392 3883 557 3940 aberratum
591 3894 648 3948 est.
680 3885 758 3958 quod
789 3885 883 3942 alius
915 3885 952 3941 ad
980 3883 1145 3958 proximum

74 3989 229 4046 ferrenis
250 3989 429 4048 trahebatur.
