2800 4646
579 267 639 325 tte
692 233 694 236 ’
911 263 968 315 nn.
987 263 1139 314 xxxvrn.

82 453 155 512 illud
166 452 282 528 quidem
292 451 456 520 obscurum,
466 467 552 525 quum
562 458 629 524 post
639 447 698 506 tale
708 448 795 525 elogii
804 449 929 506 initium:
943 449 999 506 vir
1012 468 1140 507 memo-

81 557 216 617 rabilis
239 556 419 616 subiiciatur:
441 563 559 614 tamen
580 553 869 626 memorabilior,
889 555 965 638 hunc
987 573 1139 632 compara-

82 667 174 724 tivum
211 664 249 722 ad
278 663 353 720 idem
383 660 542 720 subiectum
577 659 657 735 (vir)
694 659 838 736 pertinere
873 660 987 725 debere.
1039 661 1140 720 Livius

83 781 162 830 artes
184 769 326 846 Scipionis
348 785 412 826 cum
435 767 561 836 artibus,
591 767 659 825 vitm
689 785 776 824 unam
810 775 922 842 partem
953 785 1018 824 oum
1049 766 1141 824 altera

82 876 242 954 seperatim
277 881 499 949 comparaverat
535 873 592 931 hoo
625 873 726 930 modo:
776 873 842 930 Vir
875 872 1139 942 memorabilis,

83 981 234 1041 bellicis
266 989 386 1038 tamen
414 996 518 1054 quam
550 979 654 1055 pacis
684 979 828 1037 artibus
849 978 1139 1054 memorabilior,

84 1088 134 1168 [et
158 1083 310 1163 clarior]
340 1084 456 1160 prima
485 1103 569 1160 pars
597 1085 679 1142 vitre
707 1101 813 1160 quam
845 1094 1029 1160 postrema
1055 1083 1139 1155 fuit,

83 1194 173 1271 quia
194 1201 247 1250 oet
303 1190 399 1264 Quem
420 1187 506 1247 facile
527 1190 566 1247 ob
587 1188 709 1246 similem
731 1189 961 1248 terminationem
984 1189 1066 1265 (ior)
1089 1208 1139 1247 ex·

82 1300 186 1360 ciderit
209 1307 243 1356 et
265 1296 403 1355 clarior
424 1295 496 1364 (sive
509 1294 583 1352 alius
598 1295 821 1371 comparativus,
835 1295 913 1352 velut
927 1295 1138 1371 illustrior),

83 1415 216 1483 apparet.

168 1509 241 1586 Cap.
271 1511 320 1581 58,
357 1512 392 1566 10
424 1508 464 1584 (in
497 1507 627 1565 oratione
657 1509 692 1566 P.
712 1507 838 1578 Nasica,
868 1527 905 1565 ne
933 1507 966 1564 L.
990 1505 1087 1582 Scipio
1109 1507 1138 1564 in

83 1618 181 1678 ‘vincla
201 1618 362 1686 duceretur,
383 1614 434 1672 nbi
453 1613 580 1671 victoria
600 1613 739 1671 Asiatica
754 1613 977 1690 magnitudinem
1001 1612 1138 1686 extollit):

83 1723 331 1783 Hannibalem
361 1721 509 1777 eundem
543 1719 656 1776 luisse
688 1719 786 1776 inter
806 1720 942 1777 multos
964 1719 1059 1776 alios
1080 1737 1138 1776 re-

83 1831 168 1906 gios
190 1830 314 1896 duces,
336 1825 396 1901 qui
417 1825 763 1900 imperatorPunici
783 1826 873 1884 belli
893 1825 1014 1885 fuerit.
1057 1824 1138 1883 Nihil

83 1936 124 1994 ad
145 1953 206 1992 rem
228 1933 390 2009 aagendam
413 1930 524 1990 confert
551 1930 703 1987 multitudo
725 1931 847 1990 aliorum
869 1932 988 2000 ducum,
1023 1931 1048 1988 si
1069 1930 1138 1989 mali

84 2052 138 2100 ant
157 2041 316 2098 medioeres
336 2038 460 2096 fuerunt.
502 2038 538 2094 In
559 2037 592 2094 M
613 2054 670 2093 non
693 2037 816 2112 regios
840 2038 983 2108 scribitur,
1012 2039 1064 2096 sed
1085 2057 1137 2096 re·

83 2147 190 2224 gulos
220 2147 262 2223 (in
283 2145 370 2205 Voss.
400 2142 578 2212 Rhodios,
607 2142 637 2198 in
659 2143 733 2200 Lov.
758 2149 775 2200 5
803 2143 929 2220 reges).
971 2145 1058 2202 Latet
1077 2164 1137 2203 vox

84 2253 200 2312 landem
242 2251 421 2328 significans3
466 2249 590 2307 fortasse
631 2247 826 2306 scribendum:
865 2249 962 2306 inter
1005 2249 1137 2308 multoe

84 2359 182 2417 alios
204 2359 373 2438 egreglos
395 2356 512 2413 duces.

169 2463 243 2540 Cap.
278 2467 336 2532 59,
376 2465 386 2518 l
421 2471 450 2518 et
482 2461 500 2517 2
532 2459 573 2537 (in
595 2459 696 2517 eadem
721 2459 880 2528 oratione):
918 2461 968 2517 At
988 2459 1138 2517 hercule

84 2569 121 2626 in
143 2567 321 2644 Scipione
347 2567 448 2643 ipses
479 2566 577 2641 legas
598 2564 699 2641 pacis
721 2571 759 2620 ut
776 2561 918 2621 nimium
943 2583 1137 2624 accommo-

85 2675 192 2732 datas
212 2673 400 2732 Antiocho
422 2681 614 2748 suspectas
643 2687 734 2740 esser
765 2669 946 2746 integrum
977 2671 1069 2728 enim
1105 2671 1137 2729 ei

84 2798 233 2856 regnum
266 2779 451 2848 relietum
490 2819 540 2838 ...
577 2777 660 2834 euri
694 2783 728 2832 et
759 2775 904 2850 argenti
933 2795 1036 2852 quum
1065 2777 1135 2835 vim

85 2903 249 2960 magnam
283 2883 489 2954 habuisset,
530 2883 624 2941 nihil
664 2883 699 2940 in
737 2882 924 2958 publicum
963 2883 1137 2956 relatum,

85 3011 187 3050 omne
207 2991 242 3049 in
262 2990 445 3068 privatum
466 3007 616 3046 versum.
658 2991 713 3046 An
742 3007 809 3045 non
833 2999 964 3065 prater
985 2990 1136 3048 omnium

84 3098 215 3156 oculos
246 3104 385 3155 tanturn
420 3093 499 3151 auri
521 3093 740 3169 argentique
763 3095 798 3151 in
822 3095 1003 3173 triumpho
1019 3096 1137 3156 L.Sci·

84 3203 221 3280 pionis,
246 3209 416 3278 quantnm
437 3218 507 3257 non
530 3199 650 3257 decem
673 3199 759 3258 eliis
780 3201 988 3279 triumphis,
1017 3203 1046 3260 si
1068 3221 1137 3260 om-

84 3327 130 3366 ne
164 3308 199 3366 iu
229 3326 334 3366 unum
366 3304 591 3376 conferatur,
628 3305 676 3362 sit
706 3304 837 3363 latum?
889 3307 1014 3365 Prorsus
1036 3317 1138 3365 contra

85 3411 164 3470 Livii
184 3422 213 3470 et
234 3421 393 3470 ceterorum
415 3411 499 3468 huius
520 3409 613 3468 esteris
634 3409 805 3486 scriptorum
828 3412 1060 3470 consuetudinem
1081 3415 1137 3472 An

85 3537 157 3576 non
178 3537 232 3594 pro
253 3535 371 3575 nonne
398 3515 515 3593 ponitur
545 3515 574 3573 in
603 3513 775 3574 alumnum
802 3536 855 3593 per
874 3517 1136 3593 interrogationem.

85 3625 163 3682 Turn
194 3633 295 3680 contra
322 3622 454 3698 regulam
484 3621 555 3696 (vid.
583 3620 691 3698 Opusc.
720 3625 774 3682 Ac.
797 3623 829 3680 Π
849 3641 879 3699 p.
912 3621 966 3678 211
1004 3619 1081 3697 sqq.)
1107 3621 1136 3678 in

84 3729 218 3787 oratione
245 3729 364 3804 obliqua
403 3728 585 3787 coniunctius
617 3729 705 3786 modo
735 3727 853 3786 effertur
879 3727 1066 3803 interrogatio
1100 3747 1137 3786 ex

84 3834 243 3892 indicativo
279 3835 371 3892 tertiae
402 3852 533 3912 personae
554 3852 701 3894 conversa
755 3837 805 3896 Ab
834 3853 869 3892 ec
899 3833 1000 3910 regula
1029 3854 1087 3893 uno
1109 3845 1138 3894 et

85 3943 179 4000 altero
199 3941 264 4000 loeo
287 3940 408 4012 deflecti,
429 3939 479 4000 ubi
497 3940 667 4017 pronomine
681 3951 732 3999 ant
748 3940 890 4018 particula
910 3959 947 3998 ex
968 3941 1138 4017 pronomine

84 4056 151 4106 orta
171 4057 201 4105 et
220 4065 280 4105 rem
305 4047 455 4124 quaesitam
478 4047 685 4106 demonstranti
714 4045 823 4122 (quia,
843 4043 919 4123 cur)
939 4046 1138 4126 interrogetur,

110 4171 218 4211 asculen
234 4173 324 4212 mun.
342 4171 395 4212 nu.
906 4155 938 4200 ns
