2810 4644
588 285 647 342 ³25
946 281 1002 332 Lib.
1012 281 1128 332 xxvn.
1187 329 1190 334 .

84 470 275 548 expeditis
297 440 517 527 bohortibus
539 465 693 524 adortus
715 463 749 528 Ο.
770 467 955 526 Hostilius
980 467 1146 530 Tubulus

86 576 339 653 incomposito
379 573 521 650 agmini.
544 571 749 630 terribilem
774 571 981 631 tumultum
1011 574 1145 632 intulit.

89 682 228 740 Larinum
253 679 399 755 quomodo
430 677 558 754 attigerit
582 677 731 735 Hannibal
757 698 794 735 ex
815 678 936 736 Bruttiis
966 691 995 737 et
1020 680 1146 738 Lucanis

89 787 119 844 in
140 785 306 846 salentinos
326 785 387 842 iens
410 793 440 842 et
460 781 605 859 quomodo
631 802 685 859 per
703 783 871 842 Larinatem
899 804 1018 862 agrum,
1050 786 1100 861 qui
1129 807 1147 843 a

89 894 219 950 Tarento
241 891 302 950 fere
335 891 454 967 triginta
486 889 621 948 milliaria
642 887 819 948 Germanica
839 890 943 962 distat,
972 901 1086 950 euntem
1113 891 1147 951 C.

89 999 242 1070 Hostilius,
264 999 314 1073 qui
334 996 455 1056 Tarenti
476 1005 548 1066 erat,
570 995 677 1054 adoriri
698 995 832 1072 potuerit,
853 1014 938 1053 nemo
960 996 1045 1056 facile
1066 997 1147 1056 dixs-

86 1105 136 1176 m't,
158 1115 187 1163 et
207 1105 291 1162 hasit
318 1103 428 1161 iamin
459 1120 494 1159 eo
521 1101 783 1160 Weissenbornius.
834 1101 958 1159 Aooedit
989 1104 1147 1160 extremi

90 1211 177 1270 finis
201 1207 317 1280 mentid,
340 1227 404 1284 quas
426 1225 484 1282 quo
506 1207 535 1264 in
557 1216 617 1264 tam
639 1206 804 1294 longinquis
825 1206 896 1263 loeis
916 1209 1068 1282 pertineat,
1089 1229 1147 1266 non

90 1327 221 1394 apparet.
269 1317 422 1373 Postremo
456 1313 557 1388 paucis
586 1321 653 1388 post
682 1311 828 1378 versibus,
860 1313 965 1370 nullius
997 1313 1070 1371 alius
1106 1315 1148 1372 rei

87 1423 260 1498 interposita
281 1420 441 1488 mentione,
471 1417 637 1488 Hannibal,
670 1436 758 1492 quum
785 1419 870 1476 simul
891 1419 927 1492 Q.
950 1417 1089 1477 Claudius
1111 1440 1147 1478 ex

90 1526 246 1586 Salentinis
267 1535 368 1583 eontra
392 1544 458 1582 eum
480 1533 623 1594 moveret,
651 1535 736 1581 noete
757 1533 853 1581 eastra
882 1543 920 1582 ex
941 1543 1013 1600 agro
1035 1527 1148 1584 Taren·

87 1633 150 1692 tino
173 1633 299 1690 movisse
328 1631 440 1701 dicitnr,
473 1648 530 1704 quo
566 1630 616 1705 qul
647 1649 712 1686 eum
744 1631 840 1688 subito
869 1649 885 1687 e
911 1631 1042 1690 Larinati
1075 1650 1148 1707 agro

89 1739 253 1797 traductum
276 1738 457 1814 putabimus,
487 1753 576 1810 quum
593 1734 652 1792 iam
673 1735 731 1792 illio
753 1754 771 1792 a
793 1737 911 1794 custode
932 1737 1054 1794 Tarenti
1076 1737 1148 1796 duce

89 1849 225 1904 Romarm
260 1845 423 1902 incursatns
456 1839 558 1902 esset?
600 1829 760 1918 Apparet,
786 1843 908 1918 opinor,
940 1843 1147 1920 Hannibalem,

86 1971 180 2028 qnam
202 1949 366 2010 Salentinos
387 1969 423 2006 ex
448 1947 574 2008 Lucanis
595 1947 703 2023 petenti
724 1957 830 2022 praeter
847 1949 1007 2008 Tarentum
1023 1951 1147 2008 eundum

89 2067 182 2128 esset,
204 2067 237 2114 ut
256 2057 345 2114 tutius
370 2057 432 2128 iret,
454 2057 547 2114 vitata
561 2056 641 2113 urbis
658 2053 884 2129 propinquitate,
908 2075 960 2131 per
984 2067 1145 2114 extremum

85 2164 155 2240 agri
176 2163 369 2220 Tarentini
398 2163 482 2220 finem
508 2161 579 2218 satis
613 2178 720 2235 magno
743 2160 820 2216 flexu
850 2161 1007 2218 exereitum
1029 2162 1146 2219 duxisse

88 2288 145 2328 neo
165 2279 262 2327 tamen
290 2268 409 2326 Hostilii
437 2269 567 2326 Tarento
593 2264 772 2342 presidentis
803 2265 982 2340 vigilantiam
1013 2265 1148 2344 effugisse

87 2385 144 2435 sut
164 2377 317 2452 impetum3
338 2393 393 2450 pro
415 2373 609 2432 Tarentini
629 2373 659 2429 in
681 2372 708 2429 P
729 2379 773 2427 est
794 2362 978 2442 laritanis,
1000 2375 1147 2448 quomodo

89 2481 313 2558 transponendae
331 2480 433 2537 litters
454 2479 549 2536 notari
571 2477 673 2536 solent.
723 2475 781 2535 Sed
807 2477 884 2551 quod
907 2478 1064 2536 Hostilium
1087 2480 1147 2536 Ta·

89 2589 167 2646 renti
188 2587 277 2645 fuisse
312 2586 392 2656 dixi,
427 2593 594 2642 occurretur
619 2583 704 2653 mibi,
727 2601 815 2657 quum
838 2601 872 2640 eo
899 2583 1048 2659 superiora
1072 2603 1148 2641 anno

90 2693 181 2768 (208)
212 2693 316 2750 missus
349 2699 424 2748 esset
456 2690 493 2762 (a.
517 2691 575 2764 35,
598 2689 647 2764 2),
675 2697 778 2764 postea
805 2688 831 2746 ei
861 2689 962 2748 eodem
992 2709 1068 2746 anno
1094 2708 1149 2764 pro

90 2801 224 2860 Tarento
246 2796 377 2874 Capuam
400 2793 577 2872 provinciam
610 2795 710 2851 datam
737 2813 800 2852 esse
822 2795 896 2865 (ibd.
919 2801 933 2866 ξ
959 2799 1021 2866 tt),
1052 2795 1149 2871 ibique

91 2925 159 2963 eum
181 2906 237 2962 boo
261 2922 337 2961 anno
358 2904 446 2970 (207)
468 2899 565 2970 fuisse,
590 2901 705 2958 Livium
716 2902 830 2958 tradere
846 2921 869 2960 o.
883 2905 931 2973 36,
949 2905 996 2959 13.
1038 2902 1148 2960 Vanum

91 3031 131 3068 ne
153 3009 221 3086 tingi
244 3008 359 3084 quidem
381 3015 494 3083 potest,
524 3027 543 3064 a
573 3005 676 3082 Capua
704 3006 733 3062 in
755 3007 923 3065 occidentali
954 3008 1046 3066 Italia
1067 3019 1150 3084 parte

88 3119 151 3174 site
168 3115 325 3174 Hostilium
346 3113 375 3170 in
399 3111 593 3171 Hannibalem
615 3131 668 3187 per
700 3112 866 3170 Larinatem
889 3133 1006 3189 agrum.
1037 3113 1087 3188 qui
1121 3113 1150 3169 in

89 3221 206 3298 Apulia
227 3229 279 3290 est,
309 3227 434 3290 euntem,
464 3227 526 3276 toto
550 3219 699 3276 interiecto
721 3217 850 3289 Samnio,
880 3219 1016 3294 impetum
1038 3217 1151 3288 fecisse,

88 3338 124 3386 et
145 3325 339 3384 Hannibalem
362 3345 400 3382 ex
421 3343 493 3400 agro
514 3323 675 3383 Tarentino
700 3325 844 3394 movisse,
873 3325 951 3400 quod
973 3324 1095 3395 timaret,
1115 3343 1152 3380 ne

91 3433 136 3492 ibi
157 3431 297 3491 Claudius
321 3451 338 3488 a
359 3431 514 3490 Salentinis
535 3429 652 3487 veniens
676 3429 817 3486 exereitus
840 3428 971 3505 Capuam
996 3429 1152 3486 obtinentis

88 3539 161 3597 duci
184 3557 215 3596 sa
241 3539 434 3613 coniungeret
484 3537 524 3594 Et
555 3545 621 3612 post
647 3537 708 3593 haeo
736 3535 849 3592 demum
883 3545 966 3610 gesta
995 3533 1151 3592 Hostilium

93 3645 243 3704 Tubulum
265 3645 394 3702 Tarento
416 3640 549 3718 Capuam
570 3641 692 3718 petisse,
725 3649 824 3716 aperte
846 3640 946 3698 Livius
972 3640 1041 3698 dicit
1063 3640 1153 3716 paulo

93 3759 165 3827 post
187 3751 243 3808 hoo
263 3749 328 3826 ipso
350 3749 444 3824 eapite
466 3747 665 3824 (Hostilius
688 3745 847 3822 Capuam
869 3756 1009 3822 petens,
1037 3756 1078 3803 ot:
1099 3765 1154 3804 ra-

92 3857 219 3932 liques
256 3855 381 3931 copias
413 3854 600 3912 Hostilius
640 3852 803 3929 Capuam
841 3852 976 3910 ducere
1008 3853 1153 3926 iussus).

93 3963 201 4038 Itaque
223 3962 288 4031 hio,
322 3969 354 4018 ut
383 3959 452 4018 alibi
474 3979 532 4018 non
554 3959 655 4036 paucis
676 3959 765 4029 loeis,
800 3957 901 4016 Livius
930 3957 959 4016 in
994 3958 1155 4016 indicandis

90 4068 283 4144 imperiorum
311 4086 364 4144 per
390 4065 483 4125 Italiae
509 4075 607 4142 partes
634 4065 892 4142 permutationibus
923 4074 952 4122 et
974 4065 1003 4122 in
1025 4073 1156 4142 tempore
