2826 4640
590 287 644 345 501
804 341 806 348 ,
1001 285 1059 335 Lib.
1082 283 1154 337 ΧΗ.

91 469 193 545 aliquo
216 468 304 526 modo
326 477 472 538 amserat3
493 476 589 526 utram
610 477 678 544 post
704 467 812 544 Alpis
839 483 876 525 an
896 478 965 544 post
985 488 1065 546 pop.
1085 472 1155 530 Ro-

93 575 189 634 mani
211 573 350 633 exciderit
371 591 466 644 esse,
494 573 606 631 deliniri
626 574 734 650 nequit.

178 679 253 758 Cap.
277 683 323 752 17,
346 682 378 738 6:
401 679 437 755 Q.
459 677 621 738 Petilius
643 680 771 737 consul
795 679 993 756 collegam,
1016 681 1075 757 qni
1096 699 1154 740 ex-

92 786 229 864 templo
250 785 502 860 magistratum
525 785 730 862 occiperet,
751 786 894 845 creavit
918 783 1151 846 O-Valer'ium

93 893 289 952 Laevinum.
351 892 390 950 Is
418 891 488 950 iam
518 892 576 950 diu
604 892 757 969 cupidus
787 891 1007 968 provinciae,
1048 911 1153 970 quum

92 1007 308 1076 opportuna
345 995 542 1072 cupiditati
578 999 655 1056 eius
695 998 829 1056 litterae
867 997 988 1056 allatae
1016 1009 1154 1071 essent,

93 1106 251 1182 Ligures
281 1101 499 1173 rebellasse,
533 1103 649 1161 Nonis
682 1103 903 1175 Sextilibus,
940 1101 1154 1180 paludatus,

91 1209 231 1268 litteris
253 1207 407 1278 auditis,
433 1208 613 1266 tumultus
643 1209 719 1267 eius
746 1227 856 1268 eausa
877 1209 1063 1286 legionem
1087 1220 1153 1270 ter-

91 1317 179 1374 tiam
201 1317 245 1374 ad
268 1313 301 1376 C.
324 1313 519 1372 Claudium
541 1315 729 1374 consulem
759 1317 794 1373 in
816 1315 977 1376 Galliam
998 1316 1154 1393 prolici-

91 1422 146 1480 sei
168 1421 279 1480 iussit
306 1430 341 1478 et
370 1419 584 1478 duumviros
610 1421 764 1478 navales
792 1439 868 1480 eum
897 1423 1017 1480 classo
1045 1423 1153 1482 Pisas

91 1529 161 1596 ire,
183 1537 237 1588 cat.
294 1525 403 1584 Consul
434 1524 589 1601 paludatus
617 1525 647 1582 in
676 1527 854 1602 provinciam
885 1527 960 1600 ibat,
991 1547 1049 1588 non
1080 1529 1153 1587 alios

90 1633 235 1710 proficisci
257 1632 392 1702 iubebat,
425 1649 478 1688 nec
507 1631 618 1690 litteras
644 1652 660 1690 a
686 1631 843 1709 provinciis
871 1631 976 1693 allatas
1008 1628 1153 1704 audiebat,

90 1739 144 1796 sed
173 1737 290 1814 legebat
317 1737 380 1813 ipse
408 1747 436 1794 et
465 1737 609 1795 recitabat
635 1739 787 1797 recitat-ive
813 1739 947 1806 iubebat,
969 1755 1031 1808 nec,
1052 1736 1153 1796 litteris

91 1845 199 1914 allatis,
220 1845 346 1920 primum
367 1843 605 1920 paludamentum
629 1847 778 1918 sumebat,
813 1845 925 1915 deinde,
956 1843 1071 1915 auditis,
1091 1843 1153 1902 lieri

89 1949 203 2025 aliquid
231 1950 357 2010 iubebat.
415 1949 473 2009 Sed
507 1951 575 2026 quid
604 1953 666 2008 hae
698 1949 829 2028 pluribus
858 1969 1034 2027 persequor,
1065 1967 1152 2026 quum

92 2055 359 2114 manifestissimum
381 2055 432 2126 sit,
460 2056 572 2114 initium
594 2057 734 2115 orationis
756 2057 792 2114 de
814 2055 930 2114 consule
953 2073 1025 2127 esse,
1046 2056 1154 2127 statim,

90 2181 183 2237 quum
204 2162 306 2220 littera
334 2162 429 2220 allatae
457 2174 569 2235 essent,
598 2163 701 2240 cupide
729 2163 757 2220 in
790 2160 969 2238 provinciam
996 2159 1153 2231 festinanti,

88 2268 200 2326 exitum
230 2268 266 2326 de
293 2278 408 2340 senatu,
436 2267 538 2326 litteris
565 2269 643 2345 apud
670 2287 702 2326 se
729 2267 856 2326 recitatis
884 2266 1056 2342 auditisque,
1086 2285 1150 2342 qua

88 2374 154 2431 fieri
180 2373 239 2431 alia
261 2375 298 2432 ab
324 2373 388 2431 aliis
410 2374 549 2444 debeant,
578 2374 703 2444 iubente,
731 2373 827 2432 madia
848 2382 954 2444 autem,
976 2371 1079 2447 quibus
1100 2373 1152 2430 ab·

88 2479 262 2537 solvebatur
282 2479 363 2556 prior
378 2481 528 2550 sententia,
549 2499 629 2538 nova
642 2481 806 2556 incipiebat,
827 2477 1025 2537 intercidisse?
1049 2479 1152 2554 ltaque

89 2585 132 2640 sie
159 2585 341 2644 scribendum
372 2597 429 2645 est:
564 2587 680 2646 Nonis
713 2585 921 2646 Sextilibus
954 2571 1151 2660 paludatus

90 2706 102 2730 ⁸
127 2707 139 2732 ·
163 2687 364 2769 [Senatus,]
397 2693 539 2750 litteris
560 2693 714 2762 auditis,
741 2692 920 2749 tumultus
942 2691 1019 2749 eius
1040 2707 1152 2748 causa

88 2807 148 2858 cet.
202 2797 242 2854 Et
272 2799 413 2856 excidisse
434 2799 552 2874 aliquid,
583 2798 669 2856 etiam
693 2797 828 2855 Dukerus
851 2807 880 2855 et
899 2797 1153 2856 Weissenbornius

87 2911 257 2972 senserunt3
296 2905 419 2962 transire
451 2904 646 2963 narrationem
681 2905 719 2961 ad
750 2915 898 2978 senatum,
929 2925 988 2964 non
1019 2903 1154 2960 videntur

91 3007 340 3070 animadvertisse.
394 3010 452 3069 Sed
483 3011 592 3082 consul,
623 3010 673 3087 qui
703 3009 733 3067 in
760 3011 938 3086 provinciam
968 3011 1100 3080 festinat,
1129 3010 1154 3066 si

90 3115 176 3172 editae
207 3115 355 3191 scriptura
384 3117 528 3174 credimus
558 3117 750 3193 (collegam
779 3161 808 3179 ..
838 3119 981 3176 creavit
1010 3114 1044 3176 C.
1074 3115 1152 3176 Val.

90 3219 288 3280 Laevinum.
331 3222 366 3279 Is
394 3227 455 3292 ..),
477 3223 640 3280 necessario
663 3223 799 3282 Larinas
827 3194 882 3308 eal.
925 3223 1017 3299 Atqui
1039 3223 1073 3295 is,
1104 3222 1153 3298 qui

90 3346 120 3383 a.
145 3325 174 3385 d.
194 3325 244 3383 ΙΙΙ
274 3327 352 3384 Non.
382 3327 465 3387 Sext.
491 3337 605 3386 creatus
627 3337 687 3398 est,
719 3347 778 3386 non
800 3329 903 3404 potuit,
924 3328 993 3386 iani
1015 3328 1074 3385 diu
1096 3343 1153 3385 cu-

88 3431 200 3508 pidus
220 3433 432 3508 provinciae,
462 3431 533 3508 ipsis
555 3433 650 3494 Nonis
672 3433 752 3495 Sext.
783 3438 813 3495 in
842 3455 906 3494 eam
936 3435 1029 3503 abire;
1059 3433 1089 3491 id
1117 3433 1153 3492 da

90 3537 199 3598 Petilio
230 3547 342 3597 tautum
374 3548 451 3598 recte
473 3536 529 3596 dici
555 3538 669 3614 potuit,
700 3561 784 3616 quem
815 3543 881 3600 inda
915 3542 951 3600 ab
983 3539 1064 3597 initio
1086 3539 1154 3596 anni

90 3643 243 3721 prodigia,
270 3645 349 3704 ferias
370 3661 528 3720 earumque
556 3643 743 3718 instauratio,
774 3647 891 3706 comitia
913 3645 1030 3722 collegae
1052 3646 1155 3704 subro-

90 3750 192 3826 gando
213 3749 315 3809 Romae
335 3751 528 3820 retinuerant,
556 3749 586 3806 in
606 3751 786 3827 provinciam
808 3753 938 3831 pluribus
960 3761 1026 3810 ante
1049 3752 1154 3810 mensi·

92 3856 148 3912 bus
178 3855 323 3914 decretam
353 3857 395 3914 ire
427 3855 598 3932 cupientem.
651 3861 752 3936 Atque
779 3859 914 3918 Petilium
947 3858 1005 3933 (cui
1031 3859 1155 3936 Ligures

91 3960 245 4037 provincia
265 3973 410 4034 evenerat,
432 3981 457 4027 c.
485 3965 531 4034 15,
550 3965 584 4032 5)
606 3963 732 4040 priorem
749 3963 779 4022 in
800 3965 980 4042 provinciam
993 3963 1154 4042 proiectum

92 4085 170 4140 esse,
192 4067 279 4126 etiam
305 4089 321 4128 e
342 4088 406 4146 cap.
434 4071 479 4142 18,
502 4073 520 4130 6
542 4069 662 4146 intelligi
683 4080 789 4147 potest.
844 4071 904 4132 Sed
924 4081 1031 4144 tamem
1053 4072 1156 4149 quoni·
