2800 4646
587 277 646 334 465
811 267 818 272 ’
1035 273 1091 325 Lib.
1105 273 1154 322 XL

81 455 335 516 triet'ortunre
356 473 551 516 successor
676 473 775 532 spem
801 455 942 532 meam);
974 475 1068 532 neque
1100 457 1154 514 od-

84 555 215 620 modum¹
230 573 329 640 aptum
357 580 511 637 usquam
533 561 702 620 adverbium
725 561 853 629 videtur3
878 561 976 636 itaque
1007 563 1068 620 fleri
1101 583 1153 640 po-

82 679 153 740 test,
173 679 206 726 ut
228 669 329 728 Livius
347 668 495 744 scripserit
510 661 649 726 tontum:
679 666 751 726 Cur
778 685 928 742 nequem
956 668 1003 738 (in
1032 667 1092 725 ulie
1109 667 1153 743 re)

81 775 137 832 tui
160 775 294 832 mentio
320 773 382 844 fit,
414 769 604 831 Demetri?
633 773 751 832 Nullam
774 773 849 830 enim
872 773 990 832 omnino
1013 772 1155 830 Demetrii

81 880 226 938 rationem
262 880 363 938 heberi
391 879 603 936 mentionemve
634 879 698 936 fleri
719 879 830 936 Perseo
858 878 932 936 velle
966 878 1153 953 significetur.

83 983 202 1044 Certior
225 993 338 1042 temen,
360 993 403 1040 eet
431 982 573 1042 correctio
609 983 776 1042 adhibendo
794 984 973 1060 paulopost
994 981 1073 1060 (10),
1105 983 1154 1040 ubi

82 1092 127 1150 sic
149 1090 257 1148 editur:
279 1088 317 1148 Si
339 1090 424 1147 mihi
446 1097 553 1164 peter
573 1098 818 1158 succenseret,
833 1098 877 1160 te,
896 1089 1068 1148 maiorem
1083 1087 1154 1146 fre·

84 1209 192 1266 trem,
221 1213 285 1270 pro
321 1194 463 1252 minore
485 1193 680 1268 deprecari
703 1195 922 1271 oportebat,
958 1203 993 1252 te
1026 1193 1153 1252 adole·

84 1299 426 1370 econtiae‚tecrrori
446 1298 589 1356 venient
611 1298 821 1374 impetrare.
858 1299 898 1355 In
921 1318 970 1368 eo,
992 1299 1053 1356 ubi
1071 1316 1153 1373 prte-

85 1407 218 1466 eidium
248 1423 329 1462 esee
359 1405 575 1481 oportebat,
606 1405 657 1462 ibi
689 1404 841 1462 exitium
874 1414 937 1462 est.
996 1401 1153 1460 Manifesta

85 1511 223 1570 vitiosum
245 1519 290 1568 eet
313 1512 349 1567 in
368 1529 409 1567 eo
514 1509 578 1580 ibi;
600 1509 700 1584 itaque
722 1509 876 1568 Creverius
901 1511 935 1567 in
959 1527 999 1564 eo
1023 1508 1085 1566 tolli
1101 1526 1153 1564 vo·

84 1619 174 1686 lebet,
195 1614 449 1674 Weieeenborniue
470 1633 524 1689 pro
548 1634 583 1673 eo
605 1615 692 1673 ecribi
715 1633 814 1674 nunc.
864 1615 964 1674 Livius
984 1614 1154 1690 scripserat:

86 1733 122 1781 te
145 1722 263 1780 errori
297 1719 441 1778 veniam
467 1721 670 1796 impetrare
702 1741 785 1784 nee·
842 1721 913 1782 Ubi
947 1718 1153 1795 prteeidiurn

85 1839 143 1886 cet.
191 1827 304 1886 Eadem
326 1824 503 1882 correctione
536 1825 624 1900 (meo
654 1845 709 1901 pro
743 1825 778 1882 in
800 1831 855 1896 eo)
888 1825 957 1884 oiim
979 1825 1081 1882 cenavi
1103 1821 1154 1882 Ci-

86 1932 200 1992 ceronis
228 1931 309 1989 locos
331 1949 384 2005 pro
407 1931 495 1990 Roec.
518 1933 588 1988 Am.
614 1933 671 1999 27,
696 1933 733 1986 73
768 1941 796 1988 et
817 1949 871 2006 pro
894 1929 1006 1988 Cluent.
1030 1933 1079 2002 24,
1103 1935 1153 2008 65,

86 2054 211 2112 quorum
224 2036 264 2092 «ιιι
287 2034 379 2092 altero
401 2043 505 2110 posteo
526 2035 656 2092 codicum
679 2037 801 2094 ecceeeit
821 2031 1020 2104 auctoritee.¹)

89 2199 288 2210 ——uan———n

105 2301 133 2369 ¹)
161 2305 258 2354 Eodem
290 2319 345 2369 cop.
376 2305 538 2367 §tiruetro
556 2305 780 2355 Weieecnborniue
804 2304 941 2354 defendere
960 2305 1014 2354 herc
1034 2315 1153 2354 conetur:

160 2405 196 2445 ιιι
213 2397 374 2458 indignos
399 2405 429 2445 te
445 2407 554 2460 petre,
580 2397 738 2461 indignor
757 2397 909 2446 omnibus
927 2397 1053 2458 videon
1072 2411 1153 2461 neque

160 2489 304 2538 enimcum
327 2489 445 2538 omnious
461 2489 608 2538 hominibnr
636 2489 695 2538 tolie
722 2497 777 2536 erot
796 2487 928 2538 Demetrio
947 2489 1106 2548 coniunctio,
1126 2499 1155 2538 ιιι

161 2582 192 2632 iio
211 2595 237 2631 oe
256 2583 362 2645 dignum
381 2591 501 2646 praertere
520 2581 635 2642 deberet;
654 2595 737 2644 neque
755 2581 873 2630 omnibus
891 2581 1011 2643 indignor
1032 2581 1154 2632 continuo

162 2683 224 2734 eret,
244 2674 287 2736 qui
307 2687 368 2736 rege
385 2681 458 2739 petro
478 2688 529 2722 non
550 2675 642 2736 dignor
662 2683 724 2722 eret.
777 2673 830 2720 Aut
858 2687 915 2723 com
935 2671 1064 2724 Gronorio
1092 2676 1155 2724 rcri-

160 2766 269 2816 bendum
288 2776 341 2816 eet:
362 2765 520 2828 indignue
540 2773 570 2814 te
589 2772 698 2830 petre,
732 2765 889 2828 indignos
908 2767 1086 2815 maioribus
1106 2768 1154 2815 ri·

159 2858 312 2908 deereut:
339 2857 495 2920 indignos
526 2866 556 2905 te
582 2845 984 2920 patreomniburvideai.
1023 2859 1089 2908 Tum
1109 2875 1154 2908 eu·

160 2957 210 2999 tem
228 2950 319 3010 miror,
344 2965 422 3012 quum
446 2949 496 2998 inm
516 2948 732 2998 Drakenborchio
757 2963 843 2998 verum
870 2950 895 2998 in
915 2959 1026 2999 mentem
1046 2953 1155 3002 venisset

161 3041 216 3104 (red
238 3043 336 3091 incerto
359 3051 385 3090 et
408 3041 574 3102 fluctuanti),
594 3040 707 3089 nondum
733 3041 877 3090 restitutum
899 3057 954 3091 erec
974 3056 988 3090 e
1007 3043 1153 3092 codicibus:

159 3133 190 3180 id
209 3133 295 3182 enim
314 3133 416 3193 vitiis,
436 3147 498 3182 non
518 3132 652 3182 cedendi
671 3131 721 3195 (tic
740 3133 804 3182 Lor.
825 3137 849 3192 ³,
868 3131 963 3194 need..
986 3135 1089 3188 Geerto.
1108 3151 1154 3201 pro

160 3225 314 3278 cedendo.
333 3223 554 3288 delitescam),
586 3225 636 3273 cui
664 3225 714 3274 ior
745 3223 865 3287 ferque
891 3235 953 3286 cet,
991 3229 1155 3277 modestia

160 3330 347 3380 consequor
365 3317 434 3378 (edd.
454 3327 543 3367 contre
561 3317 674 3366 codicerr
693 3331 756 3365 non
776 3316 937 3366 modestia
951 3325 1154 3383 concoquer).

160 3407 237 3459 Vitiir
263 3419 330 3458 reete
359 3425 410 3460 unt
428 3411 556 3460 contrarie
574 3409 677 3473 ponitur
702 3409 841 3456 cedendi
869 3410 1039 3468 credonio,
1071 3412 1157 3460 minut

160 3509 228 3550 recte
247 3501 394 3551 cedendo
413 3509 444 3551 et
461 3503 631 3552 modertio.
666 3501 776 3566 Propter
794 3499 891 3549 vitiie
910 3502 1032 3566 scriptum
1051 3515 1089 3552 ert
1109 3517 1157 3553 ce-

161 3593 281 3652 dendo,
300 3607 353 3642 non
371 3594 547 3644 animadverto
563 3596 697 3644 verborum
716 3593 878 3643 coherentia.
919 3591 1044 3645 Extremo
1071 3596 1157 3660 cupito

160 3683 187 3750 (ξ
209 3685 254 3748 lt)
273 3685 475 3751 obtemperatum
495 3688 608 3751 oportuit
626 3685 855 3744 Drakenborchm,
886 3687 929 3750 qui
947 3701 994 3751 pro
1013 3701 1059 3746 co,
1085 3690 1153 3752 quod

160 3777 343 3827 conceditur:
370 3777 423 3840 qui
447 3778 507 3827 iem
526 3789 611 3824 nunc
629 3777 789 3837 ninguine
813 3791 881 3827 meo
902 3779 966 3828 eibi
985 3779 1157 3842 indulgeri

159 3883 278 3934 equum
298 3876 420 3927 contet,
440 3881 454 3916 e
474 3867 590 3916 codicum
607 3867 711 3916 incerti·
730 3869 845 3932 vestigii·
862 3871 940 3920 eroitr
964 3873 1153 3935 unguinum

160 3977 260 4012 meum
280 3961 346 4012 eibi
364 3959 533 4022 indulgeri
552 3973 581 4008 a.
602 3973 625 4008 c.
657 3959 742 4022 (quod
773 3961 857 4026 iprum
875 3961 902 4010 in
919 3963 1036 4027 margine
1053 3964 1117 4014 Lor.
1138 3969 1154 4013 t

160 4055 310 4104 adnotatum
329 4057 384 4114 eet).
420 4051 602 4114 indulgere
621 4051 727 4102 elicui
746 4053 910 4116 unguine
932 4054 1013 4105 cline
1032 4071 1058 4106 rc
1080 4071 1155 4107 nemo

146 4161 253 4199 tumtun
268 4159 423 4199 turen-,tun
920 4171 954 4218 30
