2800 4646
249 259 306 308 Lib.
320 257 447 308 XXXIV.
748 259 807 318 398

249 445 367 520 opinor:
388 445 504 522 Regio
525 445 684 515 scilicet,
705 444 813 501 simul
835 463 911 502 cum
932 445 1014 520 ipse
1029 445 1117 503 urbe
1139 450 1308 512 uetusto.

250 551 345 609 Paulo
366 559 433 627 post
469 553 497 624 (ς
523 549 586 626 10),
618 551 669 608 ubi
694 550 802 607 editur:
833 551 923 608 Num
961 551 992 607 si
1024 551 1099 608 istu
1129 551 1189 608 lex
1221 548 1308 610 ideo

250 656 327 714 luta
347 666 458 727 esset,
480 668 543 728 ete,
565 657 703 732 quoniam
721 665 750 713 et
771 656 797 714 B
819 667 848 713 et
869 657 1004 732 vulgares
1025 657 1139 715 codices
1161 655 1310 728 (Draken-

250 763 399 820 borohiani
435 773 562 839 septem,
598 773 758 822 ceterorum
794 763 924 838 vestigiis
960 765 1036 823 idem
1068 762 1310 840 significantibus)

250 869 371 926 hubent:
398 871 486 928 Nem
518 870 548 926 si
575 868 649 926 istc
677 867 735 924 lex
761 877 826 924 eut
852 867 934 928 idco
961 871 1037 928 lace
1058 879 1156 928 esset
1174 879 1238 938 etc,
1258 868 1311 926 Li·

250 973 315 1030 vius
336 974 486 1050 scripsisse
504 975 630 1032 videtur:
665 975 755 1033 Nem
787 975 817 1032 si
851 976 923 1034 iste
956 976 1016 1034 lex
1048 987 1110 1034 eut
1141 975 1311 1049 [entique

250 1077 328 1157 eut]
351 1081 431 1138 idco
452 1081 528 1139 lece
549 1090 646 1139 esset
673 1089 727 1137 eto.
780 1078 905 1139 Inferius
935 1079 962 1160 (ξ
988 1082 1055 1155 15),
1083 1081 1135 1140 ubi
1161 1081 1311 1140 scribitur:

251 1186 335 1244 Tuli
366 1197 529 1263 tempore
560 1189 595 1246 in
625 1187 773 1244 luxurie
800 1195 835 1243 et
856 1197 985 1245 ornatu
1013 1197 1185 1246 metrone
1207 1205 1311 1245 occu·

250 1304 482 1370 potnerunt,
514 1303 552 1351 ut
581 1293 625 1351 ud
653 1311 729 1350 eum
751 1293 989 1351 coercendam
1017 1294 1076 1351 lex
1103 1292 1227 1369 Oppio
1251 1292 1310 1349 de·

252 1400 418 1458 eiderncu
446 1398 514 1458 sit?
551 1399 580 1456 in
608 1400 707 1458 codice
739 1397 949 1475 Bembergeusi
978 1401 1093 1458 inverso
1129 1399 1230 1456 ordine
1267 1409 1313 1456 est

252 1506 370 1582 Oppia
385 1506 460 1574 lex;
487 1504 600 1572 vellem,
622 1506 729 1563 omisso
751 1506 876 1578 nomine,
903 1507 1089 1565 scriberetur:
1111 1516 1148 1563 nt
1169 1506 1212 1562 ed
1234 1523 1311 1562 enm

251 1612 489 1670 coercendum
522 1611 580 1668 lex
612 1611 824 1669 desiderate
858 1613 925 1670 sit?
987 1611 1093 1669 Melior
1127 1611 1202 1668 enim
1231 1611 1314 1667 fieret

252 1717 403 1782 sententie,
429 1716 546 1774 notione
567 1715 695 1791 generali
722 1718 827 1792 positu.

335 1821 408 1898 Cep.
443 1827 471 1892 7,
508 1824 525 1880 2
559 1833 589 1879 et
623 1825 655 1880 3:
690 1822 748 1880 hic
779 1822 1045 1882 Romoeiniimo
1073 1820 1215 1896 generi,
1238 1838 1313 1876 mu-

252 1929 383 2004 gistris
404 1928 581 2000 vicorum,
613 1941 705 2004 togoe
736 1941 921 2006 praetextae
953 1926 1127 1985 hebeudae
1155 1926 1213 1983 ius
1234 1944 1313 2002 per·

253 2033 444 2104 mittimus,
476 2052 541 2092 neo
572 2045 610 2092 ut
641 2036 717 2093 vivi
754 2035 870 2094 solum
901 2036 1062 2094 habeant
1098 2041 1237 2090 tuntum
1260 2031 1315 2086 in-

252 2139 370 2214 signe,
394 2139 457 2196 sed
480 2135 590 2199 etiem
612 2151 745 2199 etcum
768 2159 808 2198 eo
840 2138 1199 2200 crementurmortui.
1242 2137 1314 2196 Non

254 2253 350 2320 potest
385 2253 523 2302 tentum
554 2264 608 2321 pro
642 2247 784 2305 edicotivo
813 2265 889 2318 erse3
921 2265 988 2304 nem
1021 2263 1115 2320 neque
1145 2261 1316 2319 magnum

253 2351 401 2427 insigne
431 2370 485 2427 pro
516 2351 675 2410 honorifico
703 2363 732 2410 ec
758 2353 907 2430 splendido
940 2352 1044 2410 dicitur
1069 2359 1098 2407 et
1119 2349 1256 2408 Valerius
1283 2349 1315 2406 id

254 2458 348 2534 ipsum
370 2458 507 2534 disputet,
541 2461 693 2516 commune
722 2469 752 2516 et
783 2459 903 2535 vulgare
934 2458 1044 2533 insigne
1072 2475 1208 2533 purpureo
1236 2473 1316 2514 esse.

254 2565 359 2639 Itaque
389 2581 508 2640 prorsus
540 2565 713 2624 coniunctim
746 2585 806 2624 une
837 2565 1008 2642 interposite
1028 2581 1101 2620 voce
1122 2563 1227 2620 dicitur
1247 2581 1317 2620 nec

255 2671 370 2728 solum
392 2679 532 2728 tentum
554 2687 608 2746 pro
630 2689 692 2728 nee
714 2671 828 2730 solum
857 2681 908 2730 aut
928 2689 991 2728 nec
1012 2678 1169 2738 tentum,
1193 2668 1273 2743 qnod
1295 2687 1319 2725 a

254 2776 408 2834 Perizonio
436 2785 487 2834 cut
513 2777 632 2836 Dukero
660 2797 719 2835 non
749 2785 881 2834 notatum
910 2775 1008 2832 miror.
1054 2774 1198 2849 Equidem
1226 2774 1320 2832 valde

254 2901 372 2951 vereor,
392 2901 430 2939 ne
455 2882 570 2940 solum
603 2883 681 2940 melo
707 2901 794 2940 manu
821 2881 951 2939 additum
979 2879 1032 2950 sit,
1061 2897 1150 2954 quum
1173 2888 1320 2938 tentum

256 2987 293 3044 ud
315 3007 379 3045 nec
400 2997 437 3045 ut
457 2989 532 3047 vivi
554 2989 697 3064 pertinere
717 3008 776 3046 non
797 2982 1113 3059 animadverteremu¹>

339 3092 411 3170 Cap.
429 3097 473 3165 13,
490 3098 506 3152 1
520 3095 570 3168 (de
583 3096 624 3156 M.
640 3094 752 3154 Getone
763 3095 880 3153 consule
891 3093 921 3150 in
932 3093 1076 3169 Hispania
1087 3111 1148 3150 rem
1165 3091 1322 3167 gerentc):

258 3199 329 3258 Ubi
349 3199 444 3257 sutis
466 3199 657 3258 admodum
679 3211 715 3260 et
747 3218 891 3259 suorum
921 3209 956 3255 et
983 3197 1138 3256 hostium
1172 3197 1325 3255 animos

275 3507 298 3575 ¹)
324 3511 400 3572 Quod
409 3513 702 3576 quidnmnuperbicsex
712 3511 992 3561 vcrbetollivoluerunt
1001 3509 1063 3570 (hie
1074 3509 1193 3560 Rome.
1208 3545 1214 3557 .
1228 3509 1327 3558 vico-

326 3604 414 3666 rum),
438 3604 577 3652 rectissime
595 3604 723 3662 Valerius,
743 3605 786 3669 qui
804 3604 962 3654 coloniorum
980 3611 1006 3652 et
1023 3601 1217 3668 municipiorum
1235 3602 1327 3664 megi-

328 3705 420 3746 strntus
433 3698 648 3756 commemorem,
668 3698 728 3762 quid
747 3698 799 3746 bic
811 3697 916 3747 Romu
934 3697 985 3754 fiet,
997 3695 1126 3754 admones,
1139 3707 1222 3756 noque
1235 3693 1326 3744 ulium

327 3790 434 3839 omnino
453 3789 479 3837 iu
497 3788 563 3838 Livii
582 3789 714 3840 codicibus
726 3799 765 3840 est
777 3790 912 3852 vestigium
925 3787 1069 3837 huiusmodi
1083 3785 1328 3838 eddiumenrorum

327 3897 405 3930 novus
417 3895 519 3943 prorsus
535 3895 576 3930 res
588 3882 620 3930 ed
636 3897 688 3940 een,
700 3897 763 3946 quer
776 3883 863 3932 Livius
875 3879 1092 3938 commemorarit,
1110 3879 1329 3941 adiungendum.

326 3970 397 4020 Idem
417 3973 479 4020 mihi
497 3975 529 4022 dc
548 3989 570 4023 c.
586 3975 626 4034 16,
648 3979 658 4024 1
674 3975 770 4025 dictum
787 3987 850 4028 cero.
887 3973 1032 4022 Permultas
1050 3971 1156 4022 lacones
1174 3979 1329 4022 ceterorum

329 4064 445 4113 codicum
463 4067 550 4125 (eciem
568 4066 605 4131 Β)
628 4067 698 4116 solus
716 4066 745 4115 M
763 4064 858 4130 explet.
