2800 4646
564 299 623 354 235
924 297 980 347 Lib.
999 297 1088 351 xxtl.

65 481 234 548 adnotaret,
267 500 355 555 quum
379 499 465 537 nemo
487 479 604 536 omnino
626 479 807 555 prodiotator
826 489 893 536 unte
914 479 1025 543 fuisset.
1069 485 1126 541 Re·
1187 465 1190 472 ¹

66 585 233 663 pugnantia
254 597 352 642 autem
375 585 535 670 manifesta
566 593 594 640 et
615 583 804 642 intolerabilis
826 603 915 642 cause
936 587 1043 644 nonin
1066 589 1125 645 die·

66 691 169 750 tatoris
190 692 307 750 nomine
328 691 424 766 posita
446 688 498 750 eal,
520 689 571 746 sed
593 690 622 745 in
638 691 818 765 superiorum
841 691 995 749 verborum
1020 692 1124 768 depra-

66 797 195 869 vatione,
233 815 320 872 quarn
353 795 450 871 arguit
476 795 559 872 gravi
589 794 695 851 indicio
723 796 787 852 eod,
820 797 863 868 Ρ,
886 797 1037 872 populo,
1067 817 1126 854 non

66 901 223 976 populus
255 902 381 968 babens,
422 919 486 958 curn
517 919 624 976 magna
651 901 762 957 lacunas
792 901 964 975 suspicione.
1029 903 1125 976 Quum

66 1008 142 1064 euim
164 1017 283 1064 senalus
306 1008 476 1064 dictatorern
499 1006 652 1062 creandum
679 1005 837 1062 censuisset
856 1023 908 1062 nee
930 1006 1053 1078 adesset,
1076 1008 1126 1082 qui

67 1131 131 1168 eum
154 1112 271 1178 diceret,
293 1114 403 1180 consul,
424 1111 588 1188 proximum
612 1129 764 1168 occurrere
786 1120 915 1184 poteret,
948 1121 980 1168 ut
1001 1113 1039 1170 ab
1063 1113 1128 1188 ipso

66 1227 169 1274 senatu
191 1229 350 1286 crearetur;
382 1219 412 1274 id
443 1235 530 1292 quum
563 1235 620 1272 non
650 1216 765 1286 liceret,
794 1217 831 1272 ad
863 1216 1017 1292 populum,
1047 1219 1129 1275 euius

66 1339 211 1378 summum
232 1323 277 1380 ius
299 1333 376 1392 erat,
406 1333 520 1378 ventum
549 1331 601 1378 est.
651 1321 776 1377 Videtur
804 1322 891 1396 igitur
916 1322 1016 1380 Livius
1038 1323 1129 1397 scrip·

66 1427 154 1483 sisse:
190 1445 254 1483 nee
290 1427 507 1484 dictatorem
542 1427 680 1503 populo
717 1424 790 1503 [non
828 1427 958 1484 consulto
995 1426 1126 1504 senatus]

68 1551 199 1590 creare
221 1543 382 1608 poteret,
404 1533 498 1606 quod
521 1553 702 1608 nunquam
725 1541 808 1588 ante
831 1551 908 1588 eum
934 1533 1028 1590 diem
1051 1533 1129 1589 lac·

68 1651 140 1695 tum
164 1649 260 1708 erut,
282 1639 503 1696 dictatorem
525 1639 685 1714 populus
707 1647 775 1704 eet,
797 1636 920 1694 similive
942 1638 1038 1694 modo.
1082 1639 1129 1695 De

68 1745 179 1801 lacunis
210 1745 239 1801 in
263 1746 318 1801 hae
348 1744 456 1801 decade
486 1742 685 1817 frequentibus
714 1742 774 1799 dixi
802 1761 891 1817 supra
913 1759 942 1816 p.
967 1744 1046 1808 208,
1077 1762 1130 1799 ex-

68 1850 171 1925 emplis
193 1870 230 1907 ex
253 1852 308 1908 hoe
329 1850 393 1925 ipso
415 1850 490 1905 libro
512 1848 623 1922 positis.
671 1849 765 1904 Paulo
787 1859 854 1904 ante
878 1843 904 1923 (ξ
917 1849 947 1918 3)
970 1867 1027 1904 non
1043 1867 1131 1923 posse

67 1967 135 2030 post
162 1957 348 2013 aestimare
377 1955 419 2027 (id
450 1963 512 2024 est,
543 1953 787 2023 aestimabant)
823 1952 897 2008 inter
928 1952 1131 2010 sentiretur

67 2073 96 2120 et
136 2071 362 2137 aggravaret
397 2105 424 2120 ..
460 2068 612 2136 possent
653 2057 722 2114 leni
759 2057 884 2113 medium
930 2057 1129 2133 interpositum

68 2167 260 2236 inciderit,
292 2167 342 2224 sed
365 2185 451 2223 uuam
474 2166 598 2222 litteram
621 2163 789 2220 mutandam
818 2181 900 2232 esse,
928 2173 958 2217 ut
981 2162 1018 2219 sit
1039 2163 1131 2220 inei-

68 2273 182 2342 deret‚
203 2283 339 2348 apparet3
360 2271 537 2346 ineptissime
549 2270 578 2326 in
601 2270 656 2326 hoe
678 2286 735 2324 uno
757 2268 886 2324 membro
913 2269 1007 2342 figura
1032 2267 1133 2342 aliqua

68 2377 209 2452 lingitur.'

154 2481 229 2558 Cup.
252 2487 280 2550 9,
304 2486 320 2539 2
344 2481 398 2560 (de
422 2480 585 2539 Hannibale
607 2499 626 2535 a
647 2479 777 2553 Spoleto,
801 2477 879 2551 quod
901 2487 1131 2552 oppugnaverat,

68 2607 134 2646 eum
157 2607 266 2664 magna
287 2607 405 2646 suorum
432 2587 510 2644 crede
532 2586 674 2662 repulsu):
708 2582 923 2639 coniectans
953 2600 996 2638 ax
1027 2580 1132 2637 unius

68 2695 224 2751 colonias
254 2695 350 2752 haud
392 2693 498 2749 nimis
537 2708 715 2767 prospere
754 2697 939 2762 temptatas
975 2685 1131 2752 viribus,

68 2813 210 2874 quanta
237 2801 349 2858 moles
371 2801 542 2857 Romnum
575 2795 676 2852 urbis
707 2803 815 2851 esset.
868 2791 979 2868 Figura
1000 2811 1044 2861 ea,
1067 2809 1133 2864 quar

68 2895 207 2983 λιτότης
238 2906 417 2981 appellatur,
447 2903 560 2960 Livium
592 2919 674 2957 usum
696 2909 816 2974 putant,
847 2917 911 2972 quae
940 2897 967 2953 in
990 2896 1133 2954 hocloco

67 3023 156 3080 esset,
178 3010 203 3066 si
226 3030 279 3086 pro
302 3011 408 3068 valde
430 3005 640 3066 infeliciter
661 3002 781 3060 ‹lixisset
804 3003 917 3060 minus
939 3021 1132 3078 prospere;

68 3135 160 3191 quum
184 3137 220 3172 ea
243 3118 321 3186 urbs,
344 3136 362 3173 a
386 3133 444 3190 qua
466 3113 530 3187 quis
553 3129 617 3167 rum
639 3127 746 3184 magna
768 3109 845 3166 erede
867 3109 1007 3178 discessit,
1038 3107 1132 3164 haud

68 3222 179 3280 nimis
200 3241 380 3298 prospere
413 3229 522 3277 tentata
544 3216 661 3282 dieitur,
695 3215 801 3271 acerba
832 3225 860 3270 et
894 3233 985 3289 prope
1007 3213 1135 3270 scurrilis

68 3329 167 3386 irrisio
189 3339 242 3398 est,
273 3345 375 3402 parum
399 3325 474 3382 Livii
496 3320 656 3378 narrationi
687 3329 765 3395 apta.
821 3319 879 3378 Sed
902 3318 1046 3393 scriptura
1069 3317 1132 3374 nul·

69 3433 128 3492 lurn
152 3435 242 3491 babet
275 3443 376 3488 testem
409 3428 597 3504 locupletem
624 3442 691 3480 uam
719 3424 748 3480 in
779 3423 830 3482 PC
858 3423 1004 3481 scribitur:
1038 3423 1133 3479 haud

69 3541 375 3614 minueprospere
411 3531 498 3602 (inc
531 3549 549 3586 a
570 3548 627 3589 sec.
664 3548 752 3586 manu
784 3529 877 3586 haud
907 3521 1019 3586 minu'
1054 3545 1157 3602 prov

67 3643 205 3722 spere),
226 3645 256 3701 in
280 3644 310 3699 lll
335 3640 447 3712 (Harl,
469 3639 542 3695 Lov.
566 3636 599 3712 3)
630 3635 723 3692 haud
748 3633 866 3690 minus
893 3649 1083 3708 prospere;
1104 3631 1133 3688 in

64 3749 281 3810 recentioribus
308 3746 421 3820 longius
454 3744 615 3803 aberratur.
675 3741 784 3796 Verum
818 3747 862 3795 est
899 3739 1013 3796 minus
1050 3755 1134 3812 pro-

65 3875 178 3933 spere
200 3863 402 3928 temptata,
430 3849 478 3906 sed
507 3847 602 3904 haud
629 3845 815 3922 praepositum
846 3843 986 3912 ostendit,
1020 3841 1133 3899 Livium

63 3965 104 4020 ad
121 3964 200 4020 hano
215 3958 339 4016 formam
355 3955 518 4031 scripsisse:
543 3971 586 4010 ex
607 3952 712 4008 unius
734 3949 888 4008 colonita
905 3948 1000 4006 haud
1023 3945 1134 4024 [max-

62 4068 159 4144 imas]
183 4065 300 4123 miuus
321 4079 500 4138 prospere
522 4068 707 4134 temptate
739 4055 894 4124 viribus,
914 4051 1068 4130 ssoptissime
1097 4051 1135 4108 od
