2826 4640
255 275 314 326 Lib.
328 275 386 326 XL.
761 281 820 336 47⁸2

255 461 322 520 dine
343 462 434 520 rerba
455 461 627 521 collocasse:
649 462 817 521 ducentis
840 460 1313 540 septuaginteseptemcnm
1391 441 1392 500 ἕ

255 567 373 643 signis
394 567 643 640 militaribus,
676 567 882 644 prepositione
904 586 1024 626 numero
1056 568 1141 644 eique
1162 571 1316 628 trimembri

255 673 393 743 subiecto,
416 673 615 746 substantivo,
644 675 675 732 in
701 693 760 750 quo
790 694 828 733 ex
854 673 998 732 contrarie
1021 673 1120 732 relatis
1139 676 1253 752 pondus
1276 687 1318 733 est

255 779 342 846 (vivi
371 780 474 856 cepti
588 781 709 856 signis
729 781 959 838 militaribus
1065 782 1196 857 equis),
1218 783 1248 840 in
1270 801 1317 840 ex-
1391 843 1392 862 ξ

255 893 377 942 tremum
400 884 495 942 locum
517 886 635 957 reiecto,
657 905 746 961 quum
766 886 926 962 presertim
948 905 985 944 ex
1007 887 1064 944 hec
1082 882 1282 957 collocatione,
1295 889 1318 944 si
1391 863 1392 888 l

254 999 331 1048 note
349 1003 540 1066 ponerentur,
563 1011 677 1050 summe
704 1000 834 1050 oreretur
855 991 1030 1068 ambiguitas
1052 991 1081 1048 in
1104 991 1231 1048 numeris
1252 1011 1318 1050 oon-

255 1113 407 1189 rungenus
430 1095 713 1186 (iiccuxxwu
735 1114 788 1172 cfr.
811 1133 875 1190 qus
891 1113 928 1171 so
951 1113 1104 1182 xxxiv,
1128 1115 1207 1181 sus
1231 1113 1317 1190 rur).
1391 1193 1392 1198 Ν

255 1219 360 1294 Itaque
380 1221 514 1277 mendum
537 1219 722 1278 manifestum
745 1229 806 1290 est,
829 1219 969 1277 correctio
993 1237 1028 1276 eo
1059 1219 1203 1290 incertior,
1224 1222 1318 1295 quod,

256 1325 325 1400 quid
341 1325 372 1382 in
394 1325 426 1382 M
447 1325 542 1397 fuerit,
564 1326 684 1382 dubium
706 1327 739 1382 fit
759 1335 879 1401 propter
900 1326 974 1383 hene
996 1325 1130 1383 editionis
1140 1327 1319 1402 Moguntins
1391 1319 1392 1348 ³

254 1431 442 1507 scripturam:
462 1431 538 1488 trio
560 1432 662 1488 milia
684 1431 784 1488 mille
806 1431 954 1488 ducenti
983 1432 1222 1508 septuaginta
1243 1451 1319 1508 sep·

255 1547 332 1594 tem.
381 1537 504 1604 Vereor,
526 1557 562 1594 ne
583 1535 799 1613 monsponcndo
823 1545 972 1611 peccatum
992 1536 1030 1592 sit
1052 1539 1142 1612 (quod
1157 1557 1249 1614 genus
1274 1559 1319 1596 er·
1391 1531 1392 1596 ἶ

254 1643 329 1701 roris
350 1661 409 1700 non
430 1642 473 1699 ite
486 1661 553 1700 raro
575 1644 604 1700 in
627 1643 671 1700 ed.
693 1642 867 1717 Moguntino
888 1651 1035 1698 remotum
1059 1661 1122 1700 esse
1143 1644 1266 1716 videtur,
1290 1655 1319 1702 ut

254 1765 280 1804 c.
310 1751 366 1818 50,
394 1749 426 1804 3:
458 1757 650 1805 monentes
680 1745 830 1823 proelio
863 1746 985 1822 spolio
1013 1748 1111 1806 intra
1133 1749 1269 1807 vallum
1292 1767 1319 1808 et

254 1871 279 1908 c.
303 1856 351 1923 51,
373 1855 406 1910 S:
427 1852 651 1929 publicoque
672 1872 777 1911 sacro
798 1864 835 1910 ut
853 1863 1024 1928 peterent
1043 1865 1239 1930 essentque
1261 1875 1319 1932 po·

254 1957 348 2034 pulo,
371 1957 445 2028 coll,
468 1977 532 2034 quae
554 1959 590 2015 dc
612 1979 677 2035 cop.
701 1964 750 2029 41,
775 1963 806 2016 11
837 1959 960 2030 dicem),
981 1959 1140 2034 Liviusque
1158 1961 1318 2036 scripserit:

254 2063 328 2128 vivi
350 2064 451 2140 copti
473 2063 558 2140 plus
580 2065 631 2121 lv
664 2065 764 2122 milis
794 2065 941 2123 ducenti
971 2081 1048 2121 eum
1081 2064 1197 2139 signis
1230 2065 1318 2122 mili-

254 2168 401 2225 terib'us
424 2169 587 2228 LXXVII.
630 2169 703 2246 Cep.
729 2173 778 2242 32,
801 2177 818 2229 6
841 2191 904 2228 cum
918 2167 1132 2228 MMMMDCC
1153 2171 1317 2228 hominibus

254 2275 752 2354 cupiuntursigneLXXXV1113
774 2297 799 2335 c.
827 2279 880 2348 33,
904 2279 920 2332 7
945 2293 1009 2332 cum
1031 2275 1180 2332 hominum
1203 2276 1268 2350 plus
1290 2277 1317 2332 V

255 2379 369 2438 milibus
391 2382 475 2458 signo
497 2376 637 2455 LXII.¹)

338 2485 412 2562 Cap.
437 2491 493 2554 tt,
518 2491 550 2542 7:
578 2487 800 2561 Priusquam
824 2487 859 2544 hi
881 2487 1051 2544 consules
1075 2490 1127 2556 (Α.
1152 2487 1319 2544 Postumius

255 2591 380 2649 Albinus
403 2600 432 2649 et
453 2591 624 2664 Q.Fulvius
640 2593 773 2662 Flaccus,
796 2611 823 2649 c.
850 2593 906 2649 180
929 2611 956 2649 e.
981 2591 1068 2663 Chr.)
1084 2594 1254 2650 venirent
1277 2593 1318 2649 ed

255 2698 473 2767 exercitum,
512 2698 574 2773 qui
604 2699 713 2757 Pisas
743 2698 905 2756 indictus
939 2709 1035 2768 eret,
1068 2709 1249 2774 preerunt
1282 2703 1319 2756 A.

255 2803 470 2860 Postumius
504 2816 535 2860 et
564 2803 682 2862 freter
713 2805 748 2878 Q.
783 2803 917 2861 Fulvii
946 2804 986 2860 M.
1021 2804 1175 2860 Fulvius
1210 2805 1319 2861 Nobi·

257 3010 455 3021 -ι-υ--

273 3145 299 3213 ¹)
326 3149 448 3200 Eiusdem
469 3147 559 3212 cepitis
579 3149 593 3209 5
613 3154 628 3197 3
648 3148 794 3212 recipiendo
812 3157 866 3197 emt
879 3147 989 3198 Creverit
1008 3148 1164 3197 emendatio:
1185 3157 1226 3206 ut,
1246 3163 1319 3212 qne·

325 3257 451 3306 cunque
470 3253 563 3308 perte
582 3241 751 3307 pertulere
771 3242 912 3306 impetus
931 3241 1186 3301 suos‚sustineri
1205 3255 1320 3304 neque-

326 3343 387 3384 unt.
424 3335 598 3397 Praeterqusm
618 3337 686 3399 quod
707 3335 885 3398 perculere
902 3347 988 3382 cerere
1006 3334 1153 3382 accusativo
1171 3335 1270 3395 nequit,
1289 3335 1322 3382 ri-

325 3424 438 3474 diculum
458 3434 498 3475 est
517 3428 610 3482 dicere.
624 3425 767 3477 Celtiberos
777 3426 896 3476 sustineri
909 3441 961 3474 non
975 3441 1059 3490 posse,
1079 3439 1232 3488 quocunque
1250 3435 1321 3490 perte

324 3519 375 3566 ism
394 3517 495 3568 hostem
514 3520 676 3583 perculerint.
723 3517 842 3568 Errorem
866 3527 950 3567 ortum
968 3533 1024 3568 csse
1043 3525 1148 3582 apparet
1174 3532 1208 3566 ex
1227 3534 1240 3570 s
1261 3521 1323 3568 sim·

325 3612 385 3674 plici
402 3627 448 3675 pro
469 3611 564 3676 duplici
590 3611 747 3675 bisscripto.
794 3611 895 3660 Deinde
914 3612 928 3674 §
948 3616 979 3670 4,
1006 3612 1073 3673 quod
1097 3610 1322 3661 Weissenbornius

326 3704 442 3754 dubitare
462 3703 576 3761 sedicit,
596 3717 629 3751 on
644 3704 805 3752 scribendum
825 3705 868 3752 sit:
887 3704 1014 3766 Ecquid
1034 3703 1152 3752 auxilii
1171 3703 1201 3752 in
1228 3705 1322 3754 vobis

323 3795 391 3844 cst?
418 3809 458 3842 sn
488 3805 595 3844 actum
624 3796 685 3844 iem
716 3797 752 3844 de
780 3795 840 3845 hoc
863 3797 1014 3845 exercitu
1033 3795 1112 3845 erit?
1132 3793 1236 3858 (vulger
1256 3797 1324 3845 est?

323 3885 452 3947 sctum),
471 3886 538 3936 idem
557 3895 615 3936 ente
634 3887 691 3951 plus
709 3888 798 3950 viginti
818 3903 899 3938 sonos
918 3889 973 3954 ipse
993 3890 1166 3947 coniecersm3
1185 3889 1230 3938 sed
1249 3888 1318 3937 iutu-

325 3991 379 4024 rum
402 3977 489 4040 terit)
510 3979 594 4041 aptius
613 3981 714 4028 ridetur
731 3981 882 4030 coniectum
901 3979 1024 4032 Gronovii
1043 3981 1093 4045 (Ni
1112 3981 1191 4043 quid
1211 4017 1219 4033 .
1239 4016 1246 4028 .
1266 3991 1323 4038 est,

327 4073 434 4114 notum
454 4101 460 4114 .
481 4103 487 4116 .
507 4070 592 4130 erit).
