2822 4648
294 262 349 319 utu.
368 269 413 318 1v.
581 237 582 242 ’
772 273 810 328 90

259 455 502 515 exhortationem:
523 453 548 510 ai
572 454 659 512 modo
680 457 768 514 animi
790 467 903 532 pat-rum
927 455 1012 514 lraoti
1033 475 1091 512 non
1107 455 1172 523 sint,
1194 473 1252 512 non
1268 431 1340 512 de-'

259 561 371 619 futuros
393 561 427 617 iis
450 559 536 616 duces
558 559 595 615 ad
618 579 707 636 remp.
729 557 973 636 vindicandam¹).
1037 561 1220 630 Pauloante,
1239 566 1321 631 510,

260 668 308 725 ubi
331 667 361 724 in
391 667 489 724 codiee
516 665 673 742 archetypo
700 665 767 724 luit:
801 666 912 724 linem
945 686 1012 724 non
1040 665 1125 723 fieri
1152 667 1320 742 possein

260 774 382 830 eadem
405 772 558 829 civitate
588 773 757 830 tribunos
787 773 905 849 plebis
935 785 969 832 et
994 783 1117 850 patras
1138 793 1233 842 esse,
1266 775 1320 830 ad·

260 879 376 937 modum
407 897 521 947 vereor,
550 897 586 934 ne
615 897 684 936 casu
708 879 806 953 aliquo
835 897 872 935 ex
901 878 1048 953 superiore
1068 878 1133 936 loeo
1160 877 1191 954 (ξ
1215 883 1245 951 4)
1271 881 1320 937 hie

259 986 381 1062 repetita
406 985 463 1041 sint
492 985 595 1040 verba:
628 983 738 1042 linem
769 1003 840 1042 non
870 983 974 1055 lieri,
1007 985 1120 1042 sublato
1153 1005 1221 1044 uon
1252 998 1319 1044 ante

259 1111 381 1168 posse,
416 1090 655 1165 scribendumque
685 1090 736 1146 sit:
769 1121 807 1132 -—
836 1091 965 1148 iterum
996 1109 1206 1149 eoncessum
1229 1111 1318 1152 ease.

259 1199 337 1256 Non
365 1215 471 1272 posse
496 1194 530 1251 in
559 1195 681 1252 eadem
710 1196 863 1253 civitate
885 1207 938 1253 eet.

342 1303 414 1379 Cap.
438 1309 466 1372 4,
489 1303 521 1358 9:
543 1299 614 1358 Cur
636 1302 727 1358 enim
750 1321 817 1358 non
841 1301 1034 1368 confertis,
1056 1323 1097 1360 ne
1119 1304 1167 1360 sit
1188 1322 1318 1360 connu-

259 1409 354 1466 bium
376 1407 555 1465 divitibus
577 1426 617 1464 ae
641 1406 884 1484 pauperibus?
931 1407 1321 1485 Quaeaitsententia‚etper

259 1534 291 1572 se
312 1525 443 1590 apparet,
467 1523 495 1570 et
516 1513 650 1584 ostendit,
673 1515 751 1589 quod
773 1515 903 1590 sequitur
924 1513 952 1586 (ξ
973 1517 1034 1586 ll):
1057 1513 1127 1572 Cur
1147 1535 1216 1572 non
1239 1534 1318 1572 sen·

222 1615 225 1627 ⁴
260 1621 358 1690 citis,
380 1639 421 1676 ne
443 1617 517 1676 eto?
563 1620 670 1676 Verum
694 1621 817 1678 alienum
838 1639 957 1696 prorsus
976 1622 1013 1678 ab
1035 1622 1089 1680 hae
1110 1622 1320 1696 significatione

261 1737 304 1785 est
322 1725 535 1784 conferendi
557 1726 688 1783 verbum.
730 1726 1103 1800 ItaqueDrakenborohiua
1125 1737 1236 1802 etpost
1254 1747 1318 1784 eum

260 1833 309 1891 alii
348 1841 483 1888 enarrant
522 1821 628 1888 simul
668 1843 702 1888 et
739 1833 863 1889 eodem
902 1843 1063 1910 tempore
1095 1833 1201 1891 ferre.
1260 1832 1320 1892 Sed

259 1947 450 2015 praeterquam
482 1937 560 2010 quod
583 1937 639 2012 ipsi
671 1939 850 2006 confitentur,
880 1957 1026 2014 nunquam
1052 1941 1093 1997 sio
1114 1939 1240 2014 positum
1263 1939 1320 2014 legi

259 2043 529 2121 pervagatissimum
551 2043 677 2100 omnium
703 2045 833 2114 verbnm,
856 2046 1072 2117 obliviscuntur,
1093 2045 1216 2121 primum
1240 2065 1320 2104 oon-

259 2150 370 2216 lerrs,
400 2150 424 2206 si
445 2149 487 2206 ita
508 2149 658 2220 diceretur,
688 2149 850 2224 significare
871 2150 976 2207 debere
1003 2150 1108 2206 simul
1135 2151 1244 2226 (plures
1269 2161 1322 2207 aut

258 2274 322 2312 cum
345 2254 421 2322 aliis)
446 2253 558 2326 ferre,
580 2275 638 2312 non
661 2256 767 2312 simul
792 2257 905 2320 uliud.
939 2257 1041 2314 deinde
1064 2256 1132 2312 nihil
1153 2256 1318 2313 huiusmodi

257 2360 325 2435 fingi
346 2379 431 2437 posse
453 2360 481 2416 in
504 2363 574 2418 certi
589 2371 617 2419 et
629 2361 747 2436 legitimi
764 2381 832 2419 usus
847 2363 936 2420 verbo
957 2363 1126 2435 (technienm
1143 2361 1318 2437 appellant):

257 2467 311 2524 nisi
337 2467 412 2524 forte
437 2467 524 2524 etiam
546 2469 739 2524 conscribo
760 2479 789 2526 et
810 2469 962 2527 condico
986 2487 1049 2526 esse
1070 2469 1206 2539 scribo,
1235 2469 1318 2524 dieo

256 2583 432 2648 praeterea
454 2584 482 2630 et
503 2574 608 2631 similia
631 2574 773 2649 fingimus.
824 2575 941 2646 (Nihilo
963 2575 1084 2632 meliora
1107 2575 1257 2632 Ernestius
1278 2575 1318 2630 ad

258 2679 337 2738 Suet.
362 2677 463 2737 Claud.
487 2681 550 2744 38.)
604 2679 767 2754 Scripserat
789 2679 902 2738 Livius:
935 2681 1008 2739 Cur
1030 2700 1097 2738 non
1119 2681 1242 2750 fertis,
1275 2699 1318 2738 ne

257 2793 311 2844 etc.
362 2786 404 2843 Ut
435 2785 587 2859 aliquoties
611 2805 647 2842 ex
669 2805 737 2842 non
760 2804 825 2842 con
847 2797 945 2843 natum
968 2797 1011 2843 est
1033 2806 1113 2858 eon,
1145 2787 1237 2844 altera
1258 2787 1318 2862 syl-

256 2890 325 2947 laba
344 2890 451 2947 extrita
473 2891 522 2964 (de
546 2911 603 2965 qno
626 2909 732 2966 genere
758 2891 852 2948 dicam
876 2893 913 2948 ad
936 2892 1048 2962 XLIV,
1072 2895 1120 2962 ut,
1147 2891 1184 2968 l),
1208 2893 1249 2950 sie
1270 2892 1318 2948 in-

257 2997 368 3053 terdum
390 3015 427 3052 ex
448 3015 516 3053 non
545 3009 596 3053 aut
621 3015 686 3054 eon
718 2997 911 3072 geminatione
938 3006 1038 3054 natum
1060 3011 1104 3056 est
1135 3019 1202 3057 non
1233 3018 1317 3068 eon,

257 3103 335 3160 velut
363 3102 440 3177 apud
471 3100 640 3160 Ciceronem
665 3105 752 3164 Tuae.
782 3104 820 3172 V,
844 3107 892 3172 33,
916 3107 953 3160 94
987 3125 1055 3162 non
1083 3115 1318 3162 contemnunt

256 3193 436 3272 scribebatur
467 3226 521 3283 pro
554 3218 801 3279 contemnunt,
833 3210 911 3284 quod
933 3211 1099 3286 Tregderus
1122 3231 1168 3268 me
1197 3219 1317 3266 stretona

256 3313 393 3384 restituit,
425 3323 454 3371 et
482 3333 535 3389 pro
568 3313 642 3372 Caeo.
667 3317 721 3384 24,
753 3319 788 3372 67
818 3335 872 3392 pro
904 3326 1012 3378 antea
1038 3317 1317 3373 commemoravi

256 3438 355 3477 omnes
377 3421 490 3478 codices
508 3421 615 3479 habent
636 3440 740 3497 pravas
762 3433 869 3479 antea
892 3441 960 3478 non
982 3423 1269 3480 commemoravi.

316 3611 364 3617 ..u-
376 3609 453 3617 --—---

274 3692 299 3758 ¹)
328 3697 366 3747 Ni
385 3697 474 3761 prosi
493 3697 678 3747 restituendum
697 3700 788 3748 Tacito
803 3702 870 3749 Ann.
884 3701 932 3760 IV,
952 3707 984 3750 28
1004 3709 1081 3750 exta:
1101 3701 1198 3762 idque
1218 3701 1257 3764 (ae
1276 3701 1316 3748 in-

325 3801 459 3840 nocentem
480 3792 551 3855 asae)
570 3789 671 3842 laeile
695 3793 873 3842 intellectu
891 3793 936 3856 (Q.
957 3793 1050 3843 Vibius
1069 3791 1255 3854 asseverabat),
1284 3794 1315 3845 nl

325 3884 540 3947 proderentur
558 3885 630 3944 alii;
655 3901 717 3934 non
737 3885 820 3935 euim
839 3901 872 3935 se
892 3887 1008 3934 cadam
1027 3885 1193 3950 principis
1213 3891 1243 3932 et
1261 3899 1316 3934 res
1351 3927 1354 3930 .

326 3989 426 4025 noves
445 3991 507 4025 uno
525 3977 619 4025 soeio
638 3961 817 4039 cogitasse.
846 3979 955 4042 (Itaque,
975 3981 1022 4028 nisi
1036 3979 1120 4042 pluras
1133 3978 1315 4038 indicarentur,

326 4083 377 4117 rem
399 4068 564 4128 detornatae,
583 4083 705 4132 apparere
724 4070 845 4134 dicebat.)
