2800 4646
570 269 626 324 241
930 266 987 314 Lib.
1007 265 1095 316 XXII.

73 448 216 518 militibus,
240 449 380 506 Romanis
403 448 546 519 dicuntur,
567 459 599 506 ut
621 459 700 506 totus
725 449 797 505 ordo
821 459 849 505 et
871 467 962 522 genus
979 449 1063 506 unius
1079 452 1132 508 ho·

75 555 154 612 minis
178 555 274 629 specie
295 553 394 610 aninlo
417 555 611 629 concipiatur,
644 554 723 629 quod
751 564 844 611 totum
867 555 978 611 tollitur
1000 565 1028 612 et·
1050 575 1132 614 ever·

74 659 140 716 titur
167 658 267 715 addito
299 659 389 715 verbo
411 659 525 734 plurali.
569 659 708 730 (Prorsus
730 659 905 715 contrarium
928 660 983 716 hoc
1008 671 1052 716 est
1072 660 1132 717 col·

74 765 239 822 lertirorunt
261 763 335 832 usui,
360 781 419 838 quo
446 783 500 839 pro
523 783 581 820 una
615 763 796 820 multitudine
826 763 1015 821 subiiciuntur
1035 765 1133 841 plures

75 869 215 938 bomiues;
247 869 300 926 etsi
331 870 360 925 in
394 888 429 926 so
459 887 576 943 quoqne
597 869 770 943 gravissime
790 868 934 926 interdum
958 882 1080 940 erratur,
1102 883 1134 928 ut

74 973 232 1049 significavi
256 975 294 1032 ad
315 975 372 1042 IV,
396 976 433 1030 58
456 993 485 1048 p.
513 972 591 1047 108.)

156 1077 229 1154 Cap.
252 1081 301 1149 20,
327 1084 339 1136 1
367 1099 425 1136 non
447 1089 519 1155 puto
542 1078 657 1135 Livium
680 1079 710 1134 in
733 1089 835 1152 aperta
860 1079 1071 1154 significatione
1093 1082 1134 1138 rei

74 1185 187 1259 longius
212 1185 336 1260 spatium
359 1184 515 1241 obtinentis
537 1184 658 1240 dixisse:
681 1183 794 1240 aciem
817 1193 897 1240 toto
919 1195 1134 1259 praetentarn

74 1291 107 1345 in
131 1290 256 1360 litore,
287 1291 342 1346 hoc
364 1288 522 1365 presertim
545 1289 700 1345 vorborum
723 1289 841 1358 ordine,
864 1289 915 1345 sed
943 1299 1021 1346 toto
1043 1307 1135 1364 prte-

76 1405 215 1452 tentam
234 1395 356 1466 litore,
378 1395 671 1470 proposidonemque
693 1405 787 1451 ortam
812 1411 875 1450 esse
895 1414 931 1450 ex
953 1395 1049 1452 littera
1070 1391 1135 1470 ttt.¹)

158 1498 256 1574 ‘Cap
280 1502 335 1570 22,
359 1504 396 1558 13
431 1499 494 1572 (ubi
516 1499 634 1556 Abelux
658 1499 775 1556 Bostari
797 1500 919 1569 suadet,
942 1511 974 1555 nt
994 1500 1135 1575 Hispanis

77 1605 190 1663 obsides
212 1605 340 1678 reddat):
375 1605 416 1662 Id
449 1615 484 1660 et
513 1605 691 1679 privatim
717 1605 957 1680 parentibus,
986 1613 1135 1680 quorun't

77 1711 269 1768 maximum
293 1728 418 1766 nomen
440 1709 474 1765 in
497 1709 717 1766 civitatibus
739 1721 794 1766 est
816 1711 907 1778 suis,
936 1719 970 1765 et
990 1709 1136 1784 publice

76 1815 224 1892 populis
245 1826 385 1890 gratum
409 1814 488 1874 erit.
531 1814 567 1870 In
593 1813 742 1871 obsidibus
765 1815 912 1890 capiendis
933 1835 992 1871 non
1013 1814 1136 1870 nominis

76 1922 334 1996 iamuspectetur,
356 1932 508 1976 uteorum
532 1931 644 1976 tantum
667 1919 750 1976 liberi
773 1921 955 1996 deligantur,
979 1921 1028 1994 qui
1052 1919 1137 1976 frictis

76 2039 105 2084 et
132 2028 220 2084 rebus
241 2025 330 2101 gestis
359 2023 484 2081 illustres
515 2024 587 2092 sint,
614 2024 665 2080 sed
695 2043 795 2081 eorum
818 2026 970 2101 capiuntur
991 2025 1058 2096 filii,
1089 2025 1138 2099 qui

77 2132 243 2202 natalibus,
270 2130 394 2198 divitiis,
424 2129 645 2204 cognationibus
674 2129 795 2186 multum
817 2129 892 2186 inter
916 2149 984 2188 suos
1006 2143 1137 2206 possunt.

77 2237 111 2292 ln
124 2235 260 2292 barbaris
273 2235 388 2308 quidem
399 2235 532 2309 gentibus
546 2235 632 2291 etiarn
646 2235 771 2310 ineptior
783 2249 827 2292 cst
843 2237 904 2292 haec
918 2235 1042 2292 nominis
1057 2255 1139 2310 mag-

77 2343 106 2398 ni
132 2341 250 2398 mentio.
309 2339 428 2396 Abelux
449 2339 568 2396 Bostari
588 2351 741 2415 parentum
767 2341 882 2398 illorum
904 2343 933 2398 in
958 2341 1018 2396 suis
1040 2341 1140 2397 civita·

76 2449 155 2504 tibus
177 2447 254 2503 vires
277 2445 527 2501 etauctoritatem
552 2448 744 2521 proponebat,
766 2465 820 2520 pro
852 2445 1141 2520 Carthaginiensibus

77 2563 221 2610 staturam
245 2551 300 2608 boc
322 2561 442 2625 accepto
465 2549 598 2606 obsidum
627 2551 815 2608 remissorum
837 2550 986 2607 beneficio.
1037 2551 1142 2624 Itaque

77 2676 137 2714 non
160 2673 286 2724 nomen,
307 2655 357 2712 sed
391 2665 612 2710 momentum
635 2654 795 2729 agebatur,
818 2653 906 2728 idque
927 2655 1101 2712 vocabulum
1124 2675 1143 2712 a

77 2761 166 2818 Livio
188 2759 315 2835 positum
338 2758 426 2815 fuisse
447 2777 540 2834 prope
561 2769 670 2815 certum
694 2753 782 2828 esti)

97 3021 123 3086 ¹)
153 3025 253 3074 Eodem
274 3025 356 3088 cupite
375 3023 423 3086 ξῖ,
443 3024 487 3072 ubl
507 3023 531 3070 iu
548 3023 681 3072 codicibus
696 3021 729 3086 (P
743 3022 883 3084 ceterisque
897 3023 984 3087 bonis)
1006 3033 1058 3072 est:
1077 3039 1144 3087 pur.

151 3120 260 3166 iectus
295 3130 371 3164 otas
397 3115 466 3176 (sed
490 3115 519 3162 iu
545 3113 692 3163 Ebusum
717 3113 860 3162 insulam
887 3115 1145 3179 transmissum),

152 3209 245 3258 rellem
263 3205 489 3255 Weissenboruius
508 3206 634 3255 tenuisset
653 3221 708 3254 eom
730 3207 920 3264 coniecturam,
945 3207 971 3254 in
992 3222 1068 3269 quum
1088 3217 1146 3257 unte

153 3301 279 3350 lucidaret
297 3311 424 3360 quamque
443 3311 492 3360 ego
512 3311 613 3361 quoquo
632 3296 756 3345 fecerum:
783 3311 841 3346 nec
862 3297 1067 3347 continentia
1086 3315 1146 3348 mo·

153 3396 194 3443 do
212 3391 404 3457 prolectant
422 3405 486 3448 ora,
505 3390 553 3438 etsi
573 3389 598 3437 id
619 3390 789 3453 compositum
812 3405 880 3438 nunc
898 3389 1019 3438 Tacitum
1037 3390 1145 3454 primunt

153 3484 236 3534 habet
254 3491 354 3534 testem.
396 3481 505 3530 Passit'a
523 3481 646 3531 orationis
664 3481 746 3530 forma
764 3482 846 3530 multo
864 3491 904 3530 ost
922 3481 1021 3532 rectior.

98 3572 127 3642 ¹)
160 3575 272 3626 Mirillca
289 3574 404 3624 iocinore
421 3575 486 3623 fiunt
504 3574 531 3622 iu
549 3589 577 3621 ro
596 3574 690 3622 critica.
728 3573 757 3632 C,
778 3578 819 3632 22,
841 3577 871 3620 18
891 3587 969 3636 quum
988 3573 1014 3622 iu
1033 3572 1073 3621 bis
1091 3587 1148 3622 rer·

156 3669 211 3717 bis:
230 3681 288 3732 per
307 3667 444 3715 eundern
464 3667 619 3724 ordinem,
639 3681 710 3728 quo,
731 3665 861 3714 omissaut
878 3665 983 3714 infinitis
1001 3665 1065 3714 locis
1084 3666 1149 3726 (vid.

156 3759 190 3808 ad
208 3757 309 3818 XXIII,
329 3765 354 3818 8,
374 3759 403 3822 3)
420 3757 524 3816 lineola,
545 3757 643 3806 lactum
662 3767 730 3806 osset
748 3757 871 3816 ordine,
890 3757 915 3804 id
934 3758 967 3806 ab
985 3757 1148 3807 Alschefskio

157 3853 186 3899 in
200 3850 267 3899 Livii
286 3851 427 3900 orationem
451 3850 584 3899 inductum
603 3849 829 3899 Weissenbornius
866 3848 903 3896 ita
920 3859 1021 3910 tuetur,
1049 3859 1077 3898 ut
1094 3850 1148 3914 lpse

157 3942 304 4005 suspicetur
321 3941 446 3991 excidisse
464 3941 590 4002 eodem
609 3941 674 3989 adeo
694 3939 821 3989 sentiebat
839 3942 974 3989 eundern
1000 3939 1148 3988 ordinem

158 4034 309 4098 significari.
349 4033 390 4082 De
410 4033 515 4083 herulus
534 4033 721 4082 nihilomnino
740 4031 839 4093 agitur3
867 4046 906 4081 res
925 4031 981 4096 ipse
1000 4033 1090 4082 eodem
1109 4049 1150 4082 or·

142 4141 253 4180 nolluit
268 4139 423 4178 Esar-ulau.
920 4152 949 4195 lg
