2826 4650
752 229 791 288 24

242 421 321 471 recte
342 412 452 473 editur:
488 412 750 490 circumagenti
785 429 822 470 se
849 409 892 470 ad
921 409 1091 468 dissonos
1120 412 1306 470 clamores

244 535 284 576 ac
315 517 457 579 subitos
497 521 672 578 tumultus
709 519 806 578 hosti
843 518 894 594 (ex
926 533 984 593 quc
1016 517 1046 573 iu
1077 517 1199 576 PLlHl
1235 518 1304 576 aliis

242 623 351 682 factum
383 635 426 683 est
459 626 579 684 minima
605 626 787 684 aberratione
822 625 1119 699 circumagentes
1151 624 1194 680 ad
1224 630 1307 698 etc),

242 728 272 786 in
294 730 349 788 illis
373 732 485 790 duobus
504 732 573 790 selis
595 729 741 790 codicibus
763 732 910 790 scribitur:
938 738 1091 810 agentes
1120 728 1163 786 ed
1186 729 1303 788 disso-

242 853 306 892 nos
341 837 519 896 clamores
554 855 594 896 ac
623 839 766 896 subitos
800 837 933 895 circum
975 835 1153 892 tumultus
1190 836 1301 893 hosti.

243 943 348 1018 Itaque
385 953 506 1019 uterque
532 945 625 1002 codex
653 945 843 1020 transcriptus
871 951 934 1000 erat
960 959 997 999 ex
1023 959 1082 998 uno
1112 959 1128 998 e
1155 943 1302 1000 communi

242 1049 400 1125 archetypo
422 1059 501 1121 orto,
524 1057 606 1107 tanta
626 1049 855 1126 propinquitate,
876 1057 909 1105 ut
928 1047 1084 1104 miratmns
1105 1065 1164 1103 non
1186 1047 1304 1120 fuerim,

241 1154 267 1210 si
288 1155 352 1230 quis
373 1156 535 1232 suspicatus
557 1164 641 1226 esset,
663 1157 758 1231 ipsum
781 1154 910 1212 codicem
931 1153 1164 1210 vormatiensem
1179 1154 1304 1212 Floren-

242 1259 311 1318 tiam
334 1260 432 1336 aliquo
454 1279 524 1320 casu
545 1263 695 1320 derectum
717 1279 793 1318 nunc
806 1259 970 1318 Mediceum
990 1259 1144 1335 appellari;
1166 1261 1301 1318 sedeam

240 1366 433 1442 suspicionem
466 1365 553 1424 facile
586 1365 750 1424 refellerent
785 1365 910 1423 minores
946 1366 1057 1440 aliquot
1083 1365 1303 1442 descrepentire,

240 1473 321 1531 velut
341 1473 412 1530 satis
432 1473 552 1548 insignis
573 1472 603 1529 in
618 1472 692 1530 libro
705 1472 761 1542 lv,
785 1471 981 1530 atiniacum
1005 1473 1068 1548 ipso
1090 1471 1307 1530 communionis

239 1578 345 1637 indicio
367 1579 536 1650 coniuncte3
571 1597 638 1636 uam
666 1576 815 1635 adnotatio
844 1577 1012 1653 marginalis
1040 1579 1143 1635 horum
1168 1577 1301 1636 codicum

239 1685 359 1761 propriu
382 1685 423 1743 sie
444 1684 652 1760 interponitur,
681 1693 714 1742 ut
739 1683 769 1740 in
790 1683 833 1744 M.
854 1693 995 1759 praterea
1018 1683 1187 1740 omittantur
1208 1685 1303 1742 verba

239 1789 367 1865 ingens
389 1799 467 1847 erat
487 1789 607 1848 accito
632 1789 815 1859 exercitu,
838 1789 953 1863 quain
975 1788 1107 1847 Rhenani
1128 1799 1219 1860 erant,
1241 1790 1301 1848 bis-

241 1911 296 1970 que
320 1905 445 1970 ponatur
466 1896 567 1953 abeis
592 1893 624 1972 (n
639 1895 771 1970 Veiis);
793 1894 889 1970 plures
911 1911 953 1952 ea
974 1895 1173 1970 discrepantia
1194 1906 1302 1966 essent,

240 2000 266 2058 si
287 2001 391 2076 sapius
419 2011 448 2059 et
474 1999 634 2059 duductius
654 2001 811 2060 Rhenanus
833 2000 939 2058 codicis
960 2001 1118 2076 scripturas
1146 2001 1302 2078 posuisset.

241 2104 300 2165 Sed
322 2107 459 2181 qnoniam
480 2107 612 2165 Rhenani
642 2107 735 2164 codex
755 2125 823 2164 raro
845 2115 1103 2176 commemoratur,
1132 2119 1159 2164 et
1180 2125 1300 2184 separa·

239 2211 280 2270 tio
302 2211 386 2270 huius
407 2211 504 2287 stirpis
526 2231 545 2270 a
565 2213 667 2271 celeus
688 2222 718 2270 et
737 2213 873 2269 universa
892 2212 1056 2287 proprietas
1079 2211 1191 2288 plenius
1212 2213 1305 2271 clari·

239 2317 382 2392 usquein
399 2337 456 2374 nno
478 2319 511 2377 M
532 2319 724 2376 demonstrari
744 2327 848 2394 potest
911 2319 1011 2392 Atque
1034 2317 1072 2374 ad
1093 2319 1301 2378 seiunctionem

240 2424 338 2500 stirpis
359 2424 564 2482 declarandam
593 2425 664 2483 nibil
692 2425 785 2500 magis
806 2423 988 2500 perspicuum
1010 2441 1073 2480 esse
1093 2433 1190 2500 potest
1211 2443 1301 2499 qnam

239 2530 477 2606 transpositiones
499 2531 564 2590 dua
584 2531 719 2590 foliorum
741 2530 861 2605 aliquot,
883 2545 1005 2604 quarum
1022 2528 1052 2586 in
1074 2528 1175 2586 ceteris
1189 2529 1300 2589 nullum

239 2643 283 2692 est
303 2635 467 2711 vestigium.
510 2637 588 2694 Nam
612 2655 676 2712 quae
697 2637 810 2694 alibro
832 2637 912 2707 VII,
937 2641 970 2707 4,
994 2639 1011 2694 6
1033 2634 1183 2713 (natura
1204 2635 1303 2693 dam·

239 2759 318 2798 nuru
342 2745 409 2814 cet.)
433 2741 470 2798 ad
495 2745 541 2813 14,
563 2745 581 2800 9
605 2741 722 2818 (qnam
744 2742 788 2799 ab
811 2759 847 2798 se
868 2759 908 2797 ac
932 2739 982 2816 -)
1004 2742 1146 2817 leguntur,
1169 2761 1205 2798 ea
1225 2743 1300 2800 inM

239 2865 293 2905 suo
322 2847 387 2904 loco
409 2847 518 2905 omissa
550 2845 612 2924 (ubi
633 2849 663 2904 in
684 2845 814 2922 margine
834 2847 993 2904 recentiore
1014 2866 1102 2904 manu
1124 2848 1302 2905 adnotatur:

239 2970 306 3010 non
330 2953 521 3010 continuat
540 2971 668 3010 novum
693 2961 727 3009 et
747 2950 894 3008 multum
921 2948 1094 3028 deficit)¹)
1120 2963 1224 3029 postea
1252 2955 1301 3012 in-

239 3065 430 3134 terponuntur
450 3057 480 3115 in
501 3077 566 3134 cap.
590 3061 639 3130 25,
662 3062 679 3116 4
702 3057 778 3114 inter
798 3056 925 3133 syllabas
946 3057 1080 3115 vocabuli
1101 3063 1156 3117 An
1172 3091 1211 3101 —
1232 3061 1299 3117 tia·

238 3163 299 3234 tis3
333 3181 397 3238 quas
422 3175 518 3222 autem
542 3163 617 3222 libro
646 3163 694 3221 lX
723 3163 857 3238 leguntur
885 3183 904 3220 a
930 3183 995 3240 cap.
1028 3168 1083 3237 tr,
1115 3166 1132 3222 2
1161 3165 1304 3239 (audita

239 3267 400 3345 perinde)
422 3287 514 3345 usque
535 3271 574 3327 ed
594 3271 679 3328 finem
702 3286 768 3344 cap.
785 3269 822 3326 22
845 3267 1016 3344 (Plistica
1036 3269 1121 3348 per),
1142 3289 1178 3328 ea
1200 3271 1303 3328 omnia

238 3374 381 3433 translata
406 3384 473 3432 sunt
498 3375 528 3432 in
554 3393 619 3453 cap.
643 3379 699 3446 to,
726 3375 781 3446 20,
810 3373 923 3432 divulso
950 3375 1094 3433 vocabulo
1122 3377 1230 3434 amici
1255 3407 1300 3420 -

237 3591 435 3602 ———...

256 3731 281 3800 ¹)
309 3736 460 3787 Recentiore
488 3754 564 3790 mann
589 3739 645 3790 lucc
669 3739 764 3804 scripta
790 3753 847 3790 esse
863 3740 890 3788 h.
909 3741 926 3790 l.
944 3741 1124 3792 Alschelskius
1148 3757 1200 3791 uon
1225 3741 1302 3802 dicis,

305 3829 351 3878 sed
370 3831 403 3878 ud
420 3829 479 3882 libr.
499 3831 550 3891 lx,
572 3837 615 3892 14,
634 3836 649 3880 2
669 3831 779 3881 similem
802 3831 996 3883 adnotationem
1021 3841 1112 3896 quarta
1133 3849 1210 3884 menn
1236 3835 1301 3898 (noc

305 3921 404 3972 librarii
421 3935 469 3972 nec
488 3923 562 3988 primi
580 3923 716 3974 alteriusve
736 3922 897 3988 comestoris)
915 3925 1036 3990 scriptam
1056 3939 1112 3976 esse
1128 3926 1174 3980 ait.
