2822 4648
283 257 341 308 Lib.
361 255 395 304 V.
751 253 809 310 128

247 440 308 498 riae
329 449 460 496 vestrm
483 439 584 511 (quam
602 436 672 493 mihi
694 435 814 510 fecistis)
837 455 943 511 quam
965 431 1313 508 calamitatis(qusm

247 543 377 620 perpessi
405 542 484 614 estis)
508 540 715 598 meminisse
742 543 854 599 irrvat.
909 540 1094 599 Calamitatis
1116 539 1221 596 civium
1243 553 1314 594 suo-

248 667 312 706 rum
335 647 475 706 Camillus
497 665 555 704 non
577 665 641 704 curn
665 649 792 723 superbe
811 647 998 704 insultatione
1022 647 1105 720 quasi
1130 645 1239 702 ultione
1260 661 1315 700 ex-

247 755 341 830 pletus
359 752 543 822 memineram
570 753 620 809 sed
648 753 690 810 ita
712 755 750 810 ab
772 753 877 810 iniuria
899 752 954 810 sibi
973 751 1057 808 illata
1079 751 1117 807 ed
1139 749 1241 826 patria
1263 767 1314 805 ce·

248 861 406 918 lumitatem
429 858 598 916 memoriam
621 860 818 930 convertebat,
840 868 880 930 ut,
902 858 978 915 illius
1000 857 1176 932 cogitatione
1192 871 1314 930 prorsus

248 965 428 1035 oblitterata,
451 972 513 1020 toto
536 964 633 1020 animo
653 964 693 1021 ad
714 965 840 1040 petriam
866 965 1023 1021 iuvandam
1048 961 1315 1034 restituendemque

249 1079 279 1127 et
300 1069 492 1126 ulciscendam
520 1067 651 1126 ferretur.
717 1069 884 1144 Sequuntur
920 1076 934 1140 ξ
970 1073 987 1127 3
1025 1071 1098 1126 lroec:
1131 1085 1206 1141 quae
1238 1083 1314 1134 vos,

249 1175 426 1249 Quirites,
448 1191 542 1230 nuno
564 1187 738 1232 moveant
760 1176 883 1251 potius
905 1175 1063 1232 caritate
1085 1191 1163 1243 sue,
1186 1183 1224 1228 ut
1244 1189 1314 1227 ma·

251 1281 371 1338 neatis
395 1281 429 1337 in
451 1280 537 1336 sede
559 1289 695 1350 vestra,
719 1299 829 1354 quam
850 1289 1007 1355 postes,
1030 1297 1134 1354 quum
1156 1277 1314 1350 relique-

249 1387 343 1457 ritis,
365 1406 407 1443 ea
428 1397 618 1444 macerent
639 1387 834 1444 desiderio.
883 1389 1049 1444 Pronomen
1078 1405 1119 1442 ea
1140 1381 1315 1460 pravissime

250 1494 367 1550 additur
397 1497 486 1567 (ques
520 1509 584 1549 vos
608 1523 644 1533 -··
668 1504 838 1549 moveant
865 1491 1050 1568 potius-
1084 1507 1186 1564 quam
1213 1505 1316 1542 --ea

251 1601 453 1672 macerent),
473 1617 508 1654 eo
533 1597 691 1672 praesertim
714 1597 788 1668 loca,
811 1607 842 1653 ut
863 1597 976 1672 pondus
999 1595 1138 1654 orationis
1165 1593 1194 1650 in
1215 1593 1246 1649 id
1270 1592 1316 1647 in-

250 1707 385 1775 clinetur,
416 1703 494 1778 quod
525 1703 554 1759 in
584 1722 616 1760 re
647 1713 818 1778 comparata
844 1700 985 1779 (potius
1008 1721 1167 1777 quam-·-
1195 1717 1314 1755 msce-

250 1809 340 1884 rent)
364 1827 428 1865 esse
449 1809 583 1868 debebat.
631 1809 737 1882 Itaque
758 1810 896 1866 hactenus
918 1809 1023 1866 rectius
1046 1807 1114 1864 olim
1129 1807 1315 1880 interpunge-

251 1917 350 1973 batur:
393 1931 496 1988 quum
533 1913 764 1987 reliqueritis
792 1931 846 1983 ea;
875 1915 926 1970 sed
954 1933 1043 1988 qaum
1072 1914 1128 1970 hoc
1159 1909 1317 1968 manifesto

251 2019 427 2077 eontrarium
451 2018 595 2076 referatur
616 2019 758 2094 superiori
778 2019 832 2076 illi:
865 2019 1044 2076 maneatis
1080 2019 1114 2074 in
1142 2019 1228 2074 sede
1250 2037 1317 2073 ve-

251 2135 346 2194 stra,
369 2135 506 2199 apparet,
530 2124 619 2180 semel
641 2125 777 2199 scriptam
815 2143 878 2181 esse
919 2125 1060 2192 litteram,
1097 2143 1160 2197 quae
1181 2123 1226 2180 bis
1244 2123 1318 2179 scri-

252 2231 346 2287 benda
368 2239 444 2286 erat:
485 2249 591 2304 quum
618 2231 851 2304 reliqueritis
880 2249 968 2294 eam,
1001 2237 1187 2286 macerent
1217 2226 1317 2283 desi-

251 2335 361 2394 derio.
405 2337 440 2392 In
463 2335 563 2392 codice
585 2337 743 2412 archetypo
766 2335 820 2392 fuit
842 2355 917 2393 eam
940 2334 1209 2409 egerent(Ml'l.
1256 2331 1316 2391 Sed

251 2441 378 2497 nondum
399 2442 455 2497 hoc
476 2451 563 2516 ceput
584 2442 773 2503 absolvimus.
820 2443 899 2499 Nem
923 2441 1059 2497 continuo
1081 2439 1111 2518 (ξ
1125 2436 1156 2513 t)
1178 2439 1241 2494 haec
1263 2457 1316 2494 ex-

251 2548 372 2622 cipiunt:
405 2548 484 2604 Non
521 2547 600 2602 sine
632 2565 743 2603 causa
776 2546 825 2602 dii
856 2546 1096 2620 hominesque
1118 2546 1210 2600 hunc
1231 2544 1317 2600 urbi

251 2653 447 2709 condendae
482 2652 600 2709 locum
634 2653 841 2726 elegerunt,
877 2651 1149 2707 saluberrimos
1189 2649 1317 2718 colles,

250 2757 389 2814 flumen
412 2769 671 2832 opportunum,
699 2787 752 2826 -,
785 2775 882 2813 tuere
909 2757 1064 2814 vicinum
1095 2755 1137 2813 ad
1159 2771 1316 2812 commo·

251 2863 389 2920 ditstes
411 2881 475 2920 nec
497 2864 705 2938 expositum
736 2861 780 2918 ed
806 2861 975 2936 pericula
996 2861 1171 2919 classium
1195 2869 1316 2916 exter-

250 2967 748 3042 narum,regionum1teliae
775 2967 940 3036 medium,
968 2967 1011 3023 ad
1042 2967 1315 3023 incrementum

250 3072 353 3129 urbis
390 3081 510 3129 natum
545 3073 654 3130 unice
690 3073 821 3129 locum.
884 3076 1203 3154 Argumentouest
1234 3071 1318 3145 ipss

251 3179 464 3252 magnitudo
500 3186 571 3234 tam
609 3196 709 3234 novae
743 3177 853 3234 urbis.
915 3177 1004 3248 Loci,
1038 3177 1087 3233 ubi
1110 3176 1318 3233 urbscondita

250 3295 302 3352 cst,
325 3283 479 3340 commodo
501 3283 666 3358 singulatim
690 3283 878 3340 substantivis
896 3291 1035 3339 notantur
1051 3279 1182 3360 (colles
1197 3313 1230 3322 —-
1244 3281 1292 3338 flu
1303 3313 1316 3324 ·

250 3407 326 3444 men
351 3419 392 3430 -
416 3387 539 3460 mare).
597 3388 652 3445 His
689 3387 839 3445 subiicitur
869 3387 940 3443 illud
972 3389 1161 3462 regionum
1194 3386 1317 3444 ltaliae

250 3493 410 3562 medium,
433 3494 511 3568 quod
530 3513 584 3569 pro
606 3493 788 3550 substantivo
810 3492 902 3568 accipi
924 3511 993 3550 usus
1008 3493 1145 3567 loquendi
1158 3493 1318 3560 vetattetsi

249 3597 366 3655 medio
397 3599 503 3655 urbis
532 3608 560 3654 et
588 3598 694 3654 similia
721 3597 851 3654 ablativo
873 3617 943 3655 casu
966 3599 1127 3671 dieantur);
1150 3599 1193 3654 sin
1217 3607 1316 3653 etitem

249 3723 314 3760 cum
337 3723 382 3774 eo,
405 3703 482 3778 quod
505 3703 651 3778 sequitur,
674 3704 790 3760 locum
824 3704 1021 3778 coniungitur,
1048 3705 1138 3762 mirus
1159 3704 1317 3760 verborum

250 3810 322 3866 ordo
353 3806 490 3878 efficitur,
518 3809 699 3866 substantivo
726 3809 755 3865 iu
778 3817 936 3865 extremam
959 3810 1056 3866 sedern
1080 3809 1204 3878 reiecto,
1225 3808 1317 3863 inter-

250 3912 346 3989 posito
368 3913 429 3969 sine
451 3915 557 3988 copula
578 3913 733 3989 participio
757 3912 920 3990 (natum);
949 3916 1000 3972 sed
1029 3916 1091 3972 sive
1112 3915 1173 3970 haec
1196 3913 1317 3970 coniun-

248 4029 355 4093 gantur
385 4019 446 4075 sive
471 4029 661 4093 separantur,
693 4037 784 4093 preve
817 4019 956 4094 repetitur
978 4028 1107 4075 extremo
1129 4019 1194 4075 loco
1219 4018 1247 4074 id
1271 4018 1317 4093 ip·
