2800 4646
590 288 649 346 279
950 286 1115 340 Βίδ.ΧΧΝ.

89 491 167 546 quos
198 481 264 548 post
286 472 458 550 Hieronymi
486 472 593 530 cedem
615 472 766 548 imperium
795 472 966 530 translatum
988 489 1068 544 esse,
1100 473 1150 532 Li·

89 578 157 636 vius
179 597 204 636 c.
227 581 281 649 21,
317 584 334 638 4
368 579 548 655 significavit.
606 577 662 638 Sit
694 587 760 636 ante
791 577 917 654 itaqua
945 577 1085 636 excidisse
1106 579 1149 638 vi·

91 679 218 756 detur.¹)

183 787 256 865 Cap.
280 789 334 865 32,
365 793 382 848 6
412 789 462 864 (de
489 789 673 848 mercenariis
694 787 782 863 regiis
813 787 974 864 Syracusas
1004 787 1149 848 intromis-

88 896 157 967 sis):
191 895 266 954 Nec
295 895 435 954 minore
456 896 553 954 intus
574 895 610 954 vi
632 913 738 971 quarn
760 891 854 950 foris
875 902 993 968 portae
1019 891 1149 952 effrin-

88 1003 288 1078 gebantur,
317 1000 562 1076 effractisque
589 1001 755 1058 omnibus
780 999 1068 1076 tutoHexapylo
1092 1020 1149 1078 ag-

88 1127 168 1166 men
193 1117 378 1184 receptum
401 1116 464 1168 est.
508 1109 745 1183 Tutoreceptum
767 1123 830 1162 esse
852 1123 966 1180 agmen,
987 1107 1067 1166 nulla
1087 1120 1150 1166 erat

87 1231 189 1284 causa,
210 1233 263 1272 cur
283 1214 441 1285 diceretur,
473 1231 561 1288 quum
583 1213 653 1272 nihil
673 1211 794 1289 periculi
814 1209 1021 1270 insidiarumve
1041 1213 1149 1289 signifi·

87 1328 186 1378 catum
209 1329 293 1378 esset.
346 1321 405 1379 Sed
435 1321 513 1394 quod
534 1319 672 1378 Dukerus
706 1330 735 1377 et
756 1317 910 1376 Creverius
931 1327 1042 1376 totum
1063 1319 1149 1378 scribi

87 1425 254 1497 volucrunt,
288 1437 346 1486 tres
368 1427 479 1484 litteras
501 1433 648 1482 mutarunt
668 1444 723 1500 pro
743 1442 817 1493 una;
845 1423 931 1482 scribi
953 1425 1028 1482 enim
1050 1425 1148 1484 debet:

88 1541 166 1590 toto
177 1531 369 1609 Hexapylo
391 1551 518 1608 agmen
539 1539 728 1608 receptum
749 1540 812 1601 eat,
834 1549 888 1606 per
909 1549 1010 1590 omnes
1032 1551 1084 1590 sex
1105 1533 1148 1592 in·

88 1637 195 1696 troitus
222 1637 284 1694 sive
304 1637 398 1698 ianoe.
442 1637 626 1696 Contrarium
649 1637 705 1694 hoc
726 1648 770 1694 est
791 1637 834 1708 ei,
857 1637 935 1712 quod
956 1657 1046 1714 supra
1067 1640 1148 1696 unis

88 1741 235 1800 foribus
272 1745 470 1822 Hexapyli
504 1741 642 1818 apertis
675 1743 799 1820 coepti
838 1743 953 1819 recipi
985 1755 1147 1804 narrantur.

88 1849 132 1908 Ut
154 1849 229 1906 enirn
240 1849 477 1910 Weissenbomio
499 1848 665 1920 concedam,
676 1849 824 1926 Hexapyli
839 1845 919 1924 (τῶν
935 1836 1147 1922 Ἑξαπύλων,

87 1963 121 2012 ut
142 1954 239 2014 Graeci
252 1955 419 2030 loquuntur)
434 1957 550 2014 nomine
571 1974 639 2014 vere
670 1973 755 2012 senae
777 1954 875 2026 sores,
904 1973 969 2030 quar
990 1957 1054 2014 alioe
1076 1957 1148 2016 alias

87 2060 264 2136 exciperent,
287 2071 319 2118 ut
340 2080 392 2137 per
414 2081 513 2120 omnes
536 2061 740 2118 transeundum
763 2071 854 2132 esset,
876 2061 1053 2137 significatas
1077 2083 1148 2134 esse,

88 2167 154 2236 (etsi
176 2185 270 2242 neque
292 2167 463 2243 scriptorum
486 2167 651 2226 testimonio
673 2167 905 2224 id-confirmatur
918 2171 1061 2242 nequead
1075 2171 1147 2228 Dio·

89 2273 166 2349 nysii
186 2272 302 2349 tyranni
333 2281 446 2328 atatem
481 2291 517 2329 ea
539 2282 688 2349 portarurn
722 2271 816 2332 forma
849 2275 993 2350 pertinere
1013 2276 1147 2349 videtur,)

89 2380 192 2438 Livius
215 2388 312 2438 tamen
349 2377 385 2434 de
414 2377 544 2453 pluribus
566 2379 677 2438 foribus
697 2380 780 2438 iuxta
801 2381 903 2456 positis
924 2381 1078 2450 intellexit,
1101 2393 1148 2452 ut,

89 2485 221 2561 pluribus
255 2485 376 2561 apertis,
409 2485 502 2544 maior
537 2485 690 2542 multitudo
716 2485 825 2544 intrare
853 2495 960 2562 posset.
1008 2485 1148 2561 Alioquin

89 2591 243 2648 nononis
264 2591 421 2660 foribus,
443 2593 494 2650 sed
518 2592 651 2668 primis
674 2591 808 2660 dixisset,
830 2611 883 2650 nec
904 2593 1020 2669 recipi
1041 2611 1147 2669 coep·

89 2709 155 2768 tos,
178 2715 252 2772 quos
275 2698 368 2772 quina
390 2697 467 2756 fores
489 2697 594 2756 clausae
618 2693 846 2770 excluderenti).

181 2801 253 2878 Cap.
287 2806 346 2874 ³6,
369 2805 405 2862 3:
451 2803 524 2862 Sub
560 2804 654 2862 idem
684 2803 783 2862 forte
816 2813 959 2881 tempus
981 2814 1147 2862 etuaves

86 2908 206 2984 longae
238 2909 300 2966 LV
327 2907 691 2985 Carthaginiensium
724 2929 799 2968 cum
823 2911 1029 2970 Bomilcare
1050 2910 1147 2970 clas-

87 3015 138 3071 sis
160 3016 195 3072 in
218 3034 382 3091 magnum
404 3016 766 3093 portumSyracnsas
788 3035 831 3073 ex
852 3017 928 3074 alt-o
949 3017 1147 3075 decurrere

88 3129 125 3178 et
145 3121 309 3178 Romana
331 3122 416 3178 item
439 3121 579 3204 classis,
601 3123 709 3180 XXX
734 3122 1039 3198 quinqueremus,
1061 3123 1147 3199 legi·

87 3247 188 3286 onem
210 3227 361 3303 primam
387 3228 560 3286 Panormi
590 3247 805 3304 exposuere.
848 3229 918 3287 Non
939 3229 1032 3286 solum
1059 3229 1147 3286 mirus

86 3345 140 3404 est,
162 3333 213 3408 qui
233 3333 358 3409 fingitur,
380 3333 535 3391 verborum
559 3335 645 3392 ordo:
680 3333 1049 3410 Carthaginiensium
1071 3354 1147 3393 cum

87 3439 297 3498 Bomilcare
318 3439 468 3508 classis,
492 3459 579 3515 quum
601 3441 768 3516 prepositis
792 3441 829 3498 ad
853 3441 974 3498 verbum
996 3439 1147 3509 referatur,

86 3545 137 3603 sed
159 3545 315 3616 inauditus,
336 3546 366 3603 in
387 3545 438 3604 tali
464 3547 579 3621 quidem
602 3543 1001 3621 reliquaesententiaeforma3
1023 3545 1146 3603 sednon

104 3813 128 3880 ¹)
153 3817 236 3868 Panlo
255 3829 314 3872 anto
333 3819 375 3882 (7)
394 3829 423 3868 et
441 3821 645 3885 (quicunque
663 3819 791 3885 populi)
810 3829 905 3884 prout
924 3821 992 3885 apud
1012 3819 1054 3870 W.
1072 3829 1146 3886 typo·

157 3911 235 3960 theta
254 3911 341 3960 deberi
356 3912 462 3971 videtur,
481 3927 533 3962 nou
552 3913 633 3962 codici
648 3913 678 3962 P.

102 3997 127 4066 ¹)
155 4001 218 4068 Cap.
238 4009 288 4062 34,
319 4009 349 4052 ts
379 4019 412 4054 ex
434 3990 615 4069 nicaenigne:
643 4005 1146 4072 omnisquaaipseseadversaut

155 4097 208 4148 lieri
228 4097 317 4148 debet:
337 4099 508 4162 omnisque
529 4113 780 4164 sponsorem,
797 4109 831 4150 ut
846 4100 912 4164 (non
940 4101 975 4148 ad
994 4099 1145 4165 idrarsa)
