2800 4646
305 272 361 321 Lib.
381 269 416 322 X.
776 275 831 330 188

266 475 333 513 eam
367 475 403 512 ex
434 455 531 512 littera
560 465 571 516 t
595 453 770 529 praecedenti
792 464 821 510 et
843 476 869 518 ιιι
891 455 1023 530 sequenti
1056 465 1149 512 ortam
1172 474 1236 513 esse
1258 457 1335 514 scri-

268 562 464 636 bendumque:
495 562 607 635 quod,
628 562 660 618 si
682 579 753 635 qua
777 561 854 618 alia
876 571 969 632 arte,
1004 580 1208 636 cognomen
1230 579 1335 618 suum

264 666 425 741 sequarit
458 666 613 724 maxime
640 665 787 724 bellicis
824 666 1008 729 laudibus.
1062 667 1203 724 Proximo
1235 668 1337 742 eapite

270 772 318 846 (4)
341 776 356 841 ξ
379 775 396 830 9
420 771 498 846 quod
521 783 550 828 et
571 773 684 830 codices
706 783 735 829 et
756 773 895 830 editiones
917 774 983 831 inde
996 793 1015 829 a
1030 772 1183 832 Gronovio
1205 773 1337 830 babent:

267 899 329 936 nec
354 887 472 934 tamen
504 876 645 934 iniussu
669 897 813 958 movere
836 879 1034 950 auderent,
1061 897 1171 950 vereor,
1194 898 1230 936 ne
1251 899 1336 935 men·

265 985 337 1041 dosc
359 1002 412 1059 pro
436 983 573 1040 moveri
597 984 750 1042 scribatur.
800 986 873 1058 Qum
894 985 968 1042 enim
1000 984 1135 1059 exemplu
1155 983 1236 1040 verbi
1263 1001 1338 1039 mo-

266 1108 350 1146 vere
372 1088 553 1146 intransitive
574 1090 661 1164 positi
680 1093 862 1167 reperiuntur
885 1091 1019 1167 plurima,
1043 1109 1079 1146 aa
1100 1091 1155 1146 hac
1177 1090 1241 1165 ipsa
1255 1089 1337 1146 mul-

266 1195 387 1252 titudine
409 1203 504 1250 certos
528 1195 589 1250 eius
611 1214 680 1253 usus
693 1198 764 1254 fines
780 1199 948 1265 ostenduut3
972 1197 1076 1254 dicitur
1101 1196 1176 1252 enim
1199 1195 1338 1252 deduce

263 1309 317 1357 ant
340 1301 376 1357 de
401 1309 464 1356 toto
487 1301 614 1357 exercitu
647 1320 663 1357 e
688 1303 789 1360 castris
815 1303 911 1360 aliove
932 1302 997 1359 loeo
1020 1301 1214 1377 proficiscenti
1237 1299 1270 1374 (a
1279 1320 1297 1356 u
1306 1301 1337 1358 i-

266 1404 446 1480 brecben),
469 1423 615 1479 nunquam
640 1408 676 1464 de
697 1409 818 1484 singulis
839 1408 1004 1465 hominibus
1027 1425 1059 1464 se
1081 1406 1336 1464 commoventibus

266 1512 342 1585 (sich
364 1510 483 1582 ruhren)
519 1520 547 1567 et
579 1513 845 1589 prorumpentibus.
888 1513 960 1582 VII,
989 1514 1065 1580 14,ss
1095 1520 1172 1568 recte
1191 1511 1336 1568 Hertzius

264 1617 414 1674 revocarit
435 1617 573 1674 moveri
595 1615 626 1691 (e
651 1620 777 1676 MLlHl
814 1620 916 1677 ceteris
938 1618 1085 1686 omuibus)
1106 1637 1160 1693 pro
1182 1635 1335 1676 morere

265 1723 566 1794 (PRottendorfienol.
723 1705 727 1713 ¹

348 1827 420 1904 Cap.
446 1832 474 1898 6,
498 1830 528 1884 3:
549 1829 667 1886 Rornae
689 1845 832 1901 quoque
854 1827 1000 1902 plebem
1023 1827 1184 1902 quietam
1212 1835 1246 1882 et
1269 1845 1335 1883 ex-

263 1944 453 1990 oneratam
476 1933 632 1990 ‹leducta
654 1934 687 1990 in
710 1933 882 1989 colonias
904 1933 1332 2007 multitudopraestabat.

264 2038 458 2114 Coerguendu
487 2048 531 2095 cst
562 2039 683 2112 antiqua
704 2037 888 2114 interpolatio
910 2039 1021 2096 indiciis
1043 2039 1211 2098 manifestis.
1254 2039 1333 2111 (guas

264 2155 307 2202 est
328 2144 403 2201 enim
425 2154 628 2201 exonerata
651 2144 773 2219 plebs?
825 2146 903 2204 Urbs
925 2153 1108 2214 exoneratur,
1146 2145 1332 2202 multitudiue

263 2250 354 2307 inutili
373 2250 430 2307 alio
456 2249 594 2321 deducta,
616 2269 673 2306 non
699 2250 791 2325 plebs,
814 2251 895 2307 cuins
916 2250 967 2307 illa
988 2251 1053 2326 ipsa
1074 2269 1143 2326 pars
1165 2261 1218 2308 est.
1247 2250 1330 2323 Quid

261 2355 365 2412 deiude
393 2355 532 2430 plebem
565 2365 802 2413 exoneratam
835 2367 1025 2432 praestare,
1059 2358 1143 2431 quasi
1164 2366 1256 2414 status
1279 2359 1330 2415 hie

263 2461 366 2534 aliquis
407 2459 444 2516 sit
484 2461 720 2518 conservandus?
779 2463 933 2536 Quomodo
967 2462 1089 2537 denique
1125 2463 1206 2538 plebs
1239 2462 1329 2518 simul

263 2567 389 2648 quieta
420 2575 453 2622 et
486 2578 690 2625 exonerata
716 2568 890 2644 praestatur?
912 2587 979 2624 nam
1009 2569 1097 2643 quieti
1121 2568 1329 2625 consulebatur

262 2683 421 2729 exonerata
443 2673 529 2742 urbe,
561 2691 619 2728 non
651 2673 706 2748 ipsi
733 2673 941 2730 exonerationi.
997 2673 1124 2731 Omnino
1159 2674 1255 2749 agitur
1289 2675 1328 2730 de

261 2797 319 2834 una
342 2778 457 2850 quiete,
479 2797 586 2852 quam.
609 2789 641 2835 ut
669 2779 741 2836 foris
763 2779 891 2836 victoriis
914 2789 943 2836 et
966 2778 1149 2849 foederibus,
1182 2780 1223 2836 sie
1245 2780 1329 2837 domi

262 2881 382 2937 coloniis
404 2883 533 2940 deductis
555 2893 669 2958 partam
693 2905 816 2955 novum,
846 2885 923 2959 quod
952 2883 1053 2941 Livius
1083 2895 1251 2942 narraturus
1273 2897 1329 2957 est.

260 2995 407 3043 certamen
444 2989 581 3044 turbavit.
639 2991 789 3064 Apparet,
820 3009 880 3046 rem
915 2987 1047 3046 effectam
1085 2991 1236 3066 (quietem)
1259 3012 1327 3050 cunr

262 3109 351 3147 causa
373 3094 606 3164 (exoneratione)
635 3097 710 3153 male
743 3095 888 3155 confundi.
940 3096 998 3155 Sed
1021 3117 1056 3154 ea
1079 3097 1211 3154 confusio
1234 3098 1328 3156 libra-

261 3196 305 3252 rio
328 3197 463 3268 debetur;
489 3200 587 3256 Livius
609 3201 651 3256 sic
673 3201 840 3276 scripserat:
865 3201 1015 3259 Plebcm
1046 3203 1203 3278 quietam
1239 3223 1327 3260 exo-

261 3311 394 3358 nerata
423 3303 456 3358 in
480 3303 649 3362 colonias
676 3307 872 3363 multitudo
903 3310 1113 3382 praestabat.
1165 3309 1328 3384 Eleganter

262 3415 290 3462 et
311 3417 379 3481 apte
401 3409 609 3466 multitudinem
634 3412 828 3468 abundantem
851 3421 879 3468 et
900 3414 938 3469 ob
966 3433 1030 3472 eam
1055 3433 1173 3472 causam
1198 3435 1327 3492 pauper·

262 3521 407 3587 talemque
429 3515 622 3572 turbulentam
656 3536 713 3573 non
748 3517 899 3574 deductam
934 3520 1007 3576 dixit
1037 3521 1066 3577 in
1093 3521 1239 3590 coloniae,
1273 3523 1325 3578 sed

261 3627 400 3692 tauquam
424 3638 496 3677 onus
526 3621 648 3700 eiectam
676 3635 704 3680 et.
729 3625 909 3682 exhaustam.
966 3625 1063 3699 Quum
1087 3627 1236 3702 proprium
1259 3647 1325 3685 ver-

262 3721 329 3778 bum
351 3740 440 3798 supra
462 3726 565 3801 aliquis
587 3729 757 3806 scripsisset,
780 3731 808 3786 id
833 3731 861 3788 in
884 3733 985 3789 ordine
996 3733 1187 3808 perscriptum
1205 3743 1233 3790 et
1249 3733 1328 3791 male

257 3843 324 3884 cum
358 3829 515 3903 quietam
549 3835 715 3910 copulatum
739 3847 791 3895 est.
815 3835 892 3906 [Cir.
914 3856 1045 3912 prooem.
1068 3858 1096 3914 p.
1123 3841 1181 3906 17).
1231 3838 1326 3896 Exo-

261 3934 384 3990 nerari
412 3945 507 3995 autem
530 3939 682 4015 dupliciter
703 3942 759 3999 dici
787 3943 872 4000 etde
898 3963 949 4013 eo,
976 3945 1022 4001 cui
1044 3963 1117 4002 onus
1139 3943 1275 4015 demitur,
1298 3959 1327 4004 et

258 4037 296 4093 de
317 4037 382 4114 ipsa
402 4061 434 4098 re
458 4043 602 4114 tollenda,
631 4065 695 4121 quer
714 4049 794 4106 oneri
818 4060 879 4119 est,
908 4049 1003 4107 lexica
1021 4051 1191 4118 ostendunt,
1222 4053 1327 4128 positis
