2820 4646
239 239 295 288 Lib.
312 239 395 288 XLV.
738 243 796 298 610

238 424 341 485 modo:
374 424 559 502 regionem
594 425 718 482 sordei
751 426 967 484 commercio
999 425 1222 501 interruptis
1244 425 1299 482 ita

238 531 355 588 videri
376 530 575 588 laceratam
600 539 635 587 et
657 530 816 606 lingeste
837 543 872 589 et
899 533 1109 608 pelagones.
1153 530 1299 607 Gryneus

239 637 334 694 locum
358 636 399 693 sie
422 635 582 692 constituit:
612 637 833 712 regionatim
857 638 1084 696 commerciis
1108 637 1301 714 interrup-

238 743 285 800 tis
307 743 359 800 ita
381 741 501 799 videri
530 743 696 800 lacerata
726 752 898 818 tanquam
930 743 1104 800 animalia
1135 742 1172 798 in
1194 753 1299 799 artus

239 849 392 906 alterum
424 849 583 907 alterius
611 850 820 925 indigentes
842 849 1034 906 distracta.
1092 847 1150 906 Sed
1172 847 1300 922 primum

239 963 371 1030 apparet,
386 964 499 1029 gentem
522 955 680 1013 laceratam
703 974 761 1012 non
785 957 992 1032 cumpluribus
1014 953 1186 1011 animalibus
1208 952 1300 1010 fuisse

241 1060 478 1136 comparandam,
500 1061 551 1118 sed
573 1079 638 1118 oum
661 1079 719 1116 une
740 1061 769 1117 in
789 1070 868 1118 artus
878 1061 1026 1118 distracto.
1057 1060 1095 1118 Et
1108 1061 1164 1116 hoe
1182 1059 1302 1133 quidem

239 1167 386 1224 sententiae
408 1165 623 1224 incommodum
648 1165 784 1224 lacillime
801 1167 918 1235 tollitur,
941 1167 1097 1224 adiuvante
1114 1167 1156 1232 (in
1168 1177 1302 1222 extrema

240 1275 325 1346 voce)
348 1273 460 1342 codioe;
496 1273 611 1330 sublata
634 1273 709 1330 enim
731 1291 790 1329 una
811 1273 916 1343 littera,
938 1272 1121 1330 scribendum
1144 1281 1201 1328 est:
1224 1281 1301 1328 tan-

240 1397 345 1452 quam
375 1378 526 1436 animali
638 1380 834 1440 distracto.
883 1380 996 1437 Deinde
1029 1387 1105 1436 recte
1137 1377 1301 1448 Bekkerus,

240 1485 286 1542 eui
310 1485 482 1542 recentiores
505 1485 720 1555 adsentiuntur,
751 1486 971 1544 commercio
993 1503 1147 1542 revocasse
1168 1484 1301 1544 ridetur:

241 1610 307 1648 nam
331 1591 550 1648 commercio
572 1591 806 1668 interruptos
831 1593 932 1649 eodem
964 1592 1050 1648 modo
1079 1591 1180 1649 Livius
1205 1591 1302 1648 dicere

239 1697 343 1772 potuit,
365 1715 423 1771 quo
445 1695 547 1755 Cicero
576 1697 605 1754 in
628 1699 741 1755 somnio
763 1697 907 1774 Scipionis
936 1717 960 1759 c,
985 1701 1019 1766 6,
1054 1699 1092 1753 20
1127 1715 1205 1767 eos,
1240 1697 1302 1771 qui

240 1803 408 1859 incolant
429 1811 573 1873 terram,
596 1803 828 1881 interruptos
859 1805 910 1862 ita
937 1821 1015 1860 esse
1038 1802 1120 1874 dicit,
1149 1813 1187 1859 ut
1209 1803 1303 1860 nihil

241 1909 457 1984 inter-ipsos
480 1910 522 1966 ab
555 1909 642 1966 aliis
675 1911 718 1968 ad
752 1912 846 1968 alios
882 1929 1029 1967 manare
1062 1909 1188 1984 possit.
1243 1909 1302 1967 Sed

242 2015 319 2088 quod
344 2015 381 2071 ad
404 2014 569 2072 lacerata
601 2025 668 2091 post
690 2016 872 2074 Gronovium
897 2015 990 2072 audiri
1011 2023 1114 2090 putant
1134 2014 1301 2072 Macedo-

240 2121 301 2177 nia
323 2139 359 2178 ex
380 2122 426 2192 iis,
449 2139 513 2196 quae
535 2131 704 2196 sequuntur,
727 2122 776 2179 ubi
799 2122 899 2178 Livius
922 2139 958 2177 ex
979 2139 1033 2176 sua
1055 2139 1180 2195 persona
1201 2121 1300 2177 Maee-

240 2227 346 2283 donum
371 2227 507 2284 iudicium
530 2235 558 2283 et
580 2225 715 2283 affectum
738 2226 903 2302 redarguit,
934 2226 963 2282 id
995 2227 1108 2300 quidem
1137 2227 1200 2282 fieri
1223 2225 1300 2282 nullo

241 2343 328 2408 pacto
359 2341 465 2408 potest.
519 2333 633 2406 Itaque,
665 2333 719 2388 nisi
751 2332 830 2389 aliud
865 2332 933 2407 quid
965 2332 1087 2402 excidit,
1120 2333 1300 2390 scribendum

241 2440 368 2496 videtur:
393 2439 631 2514 Regionatim
654 2441 875 2497 commercio
897 2439 1098 2514 interrupti
1128 2438 1180 2494 ita
1204 2435 1300 2514 [sibi]

241 2546 363 2603 videri
391 2545 551 2603 lacerati
585 2555 758 2620 tanquam
790 2557 844 2602 cet.
899 2547 977 2603 Nam
1008 2545 1107 2601 dativo
1129 2544 1179 2600 vix
1203 2561 1300 2600 carere

243 2653 271 2708 h.
295 2653 314 2712 l.
336 2671 499 2728 possumus.
542 2651 673 2726 Exponit
694 2651 796 2708 deinde
818 2651 929 2720 Livius,
961 2671 1048 2727 quam
1079 2649 1165 2707 facile
1186 2667 1219 2706 se
1237 2650 1301 2706 Ma·

243 2759 365 2816 cederes
390 2759 426 2814 de
447 2757 543 2832 petria
564 2775 618 2813 sua
639 2757 778 2815 distracta
804 2769 833 2814 et
854 2757 999 2833 discerpta
1030 2756 1175 2814 consolari
1196 2756 1301 2812 debue-

243 2865 308 2932 rint,
331 2864 496 2940 Polybium,
519 2862 631 2938 opinor,
654 2863 682 2920 iu
695 2863 862 2920 inanissima
876 2863 1035 2938 prudentia
1051 2861 1147 2938 speeie
1169 2879 1302 2936 sequeus.

243 2971 279 3026 In
301 2971 356 3026 hac
377 2979 460 3044 parte
482 2989 617 3046 maguam
634 2969 841 3026 dubitationem
856 2971 974 3038 habent,
997 2987 1061 3044 quae
1085 2972 1130 3037 §4
1154 2967 1302 3042 leguntur:

244 3076 447 3132 Maritimae
470 3095 614 3152 quoque
641 3077 940 3152 opportunitates
972 3075 1004 3132 ei
1039 3075 1089 3144 (de
1124 3073 1217 3131 altera
1237 3075 1303 3132 Ms-

245 3182 370 3239 cedoniae
404 3192 488 3258 parte
528 3183 636 3258 egitur)
677 3183 842 3258 praebent
881 3193 1009 3257 portus
1049 3182 1091 3238 ad
1131 3183 1303 3238 Toronen

245 3308 286 3345 ac
308 3299 464 3346 montem
484 3291 581 3348 Atho
605 3289 741 3365 (AEneae
762 3297 894 3344 vocant
915 3288 1029 3360 hunc),
1052 3287 1118 3344 alii
1141 3287 1183 3342 ad
1205 3287 1304 3344 insu-

245 3395 313 3452 lani
345 3395 544 3467 Euboeam,
588 3395 655 3452 alii
696 3395 738 3450 ad
780 3393 1058 3468 Hellespontum
1099 3403 1304 3478 opportune

244 3501 352 3558 versi.
414 3501 516 3558 Prima
540 3499 662 3558 offensio
685 3501 714 3556 in
736 3519 854 3557 numero
878 3509 921 3556 est
942 3509 1095 3575 portuum3
1132 3519 1201 3556 nam
1222 3499 1304 3556 initio
1386 3509 1387 3513 ’

247 3606 320 3664 duos
342 3607 503 3682 significare
527 3607 626 3664 Livius
651 3607 775 3676 videtur,
798 3606 919 3663 alterum
943 3607 979 3664 ad
1002 3608 1149 3677 Toronen,
1182 3605 1306 3662 alterum

246 3712 283 3768 ad
329 3713 430 3770 Athon
476 3715 612 3786 (hune),
660 3713 763 3769 deinde
803 3711 900 3786 plures
934 3711 1011 3786 (alii
1140 3711 1235 3786 alii);
1278 3724 1305 3768 et

246 3815 342 3892 plures
371 3820 424 3875 sub
457 3821 538 3877 Atho
569 3827 665 3876 moute
701 3827 802 3894 portus
846 3817 974 3892 appellat
1003 3817 1065 3893 ipse
1095 3818 1218 3888 XLIV,
1250 3819 1305 3884 28,

247 3923 276 3979 3.
328 3922 441 3978 Deinde
462 3925 491 3980 in
513 3925 571 3981 his:
608 3925 728 3980 AEneae
758 3933 895 3980 vocant
931 3925 1025 3981 huno
1061 3922 1182 3981 offendit
1215 3925 1305 3981 mirus

248 4026 425 4097 pronominis
449 4028 569 4101 positus.
616 4030 693 4085 Tum
718 4031 821 4086 AEueae
842 4039 957 4104 portum
989 4031 1027 4086 ad
1048 4039 1175 4086 montem
1203 4031 1305 4087 Athon

1373 4457 1383 4592 l
