<?xml version="1.0" encoding="UTF-8"?>
<!DOCTYPE html PUBLIC "-//W3C//DTD XHTML 1.0 Transitional//EN"
    "http://www.w3.org/TR/xhtml1/DTD/xhtml1-transitional.dtd">
<html xmlns="http://www.w3.org/1999/xhtml" xml:lang="en" lang="en">
 <head>
  <title>
</title>
<meta http-equiv="Content-Type" content="text/html;charset=utf-8" />
  <meta name='ocr-system' content='tesseract 3.04.00' />
  <meta name='ocr-capabilities' content='ocr_page ocr_carea ocr_par ocr_line ocrx_word'/>
</head>
<body>
  <div class='ocr_page' id='page_1' title='image "./emendationesliv02madvgoog_0555.png"; bbox 0 0 2826 4640; ppageno 0'>
   <div class='ocr_carea' id='block_1_1' title="bbox 252 233 815 293">
    <p class='ocr_par' dir='ltr' id='par_1_1' title="bbox 252 233 815 293">
     <span class='ocr_line' id='line_1_1' title="bbox 252 233 815 293; baseline 0.014 -8"><span class='ocrx_word' id='word_1_1' title='bbox 252 235 308 286; x_wconf 73' lang='lat' dir='ltr'><strong>inb.</strong></span> <span class='ocrx_word' id='word_1_2' title='bbox 324 233 411 284; x_wconf 73' lang='lat' dir='ltr'><strong>mi</strong></span> <span class='ocrx_word' id='word_1_3' title='bbox 755 239 815 293; x_wconf 76' lang='lat' dir='ltr'><strong>stt</strong></span> 
     </span>
    </p>
   </div>
   <div class='ocr_carea' id='block_1_2' title="bbox 187 417 1322 3657">
    <p class='ocr_par' dir='ltr' id='par_1_2' title="bbox 187 417 1322 3657">
     <span class='ocr_line' id='line_1_2' title="bbox 251 417 1321 496; baseline 0.001 -21"><span class='ocrx_word' id='word_1_4' title='bbox 251 437 355 495; x_wconf 84' lang='lat' dir='ltr'><strong>paoem</strong></span> <span class='ocrx_word' id='word_1_5' title='bbox 376 437 397 475; x_wconf 83' lang='lat' dir='ltr'><strong>a</strong></span> <span class='ocrx_word' id='word_1_6' title='bbox 416 417 559 478; x_wconf 73' lang='lat' dir='ltr'><strong>Romanis</strong></span> <span class='ocrx_word' id='word_1_7' title='bbox 579 419 688 493; x_wconf 75' lang='lat' dir='ltr'><strong>potatJ:</strong></span> <span class='ocrx_word' id='word_1_8' title='bbox 723 419 850 494; x_wconf 77' lang='lat' dir='ltr'><strong>Neque</strong></span> <span class='ocrx_word' id='word_1_9' title='bbox 876 419 989 477; x_wconf 78' lang='lat' dir='ltr'><strong>finiri</strong></span> <span class='ocrx_word' id='word_1_10' title='bbox 1016 420 1153 478; x_wconf 84' lang='lat' dir='ltr'><strong>ballum</strong></span> <span class='ocrx_word' id='word_1_11' title='bbox 1182 421 1321 496; x_wconf 85' lang='lat' dir='ltr'><strong>magni·</strong></span> 
     </span>
     <span class='ocr_line' id='line_1_3' title="bbox 252 523 1321 600; baseline 0 -18"><span class='ocrx_word' id='word_1_12' title='bbox 252 523 431 582; x_wconf 82' lang='lat' dir='ltr'><strong>iieentius</strong></span> <span class='ocrx_word' id='word_1_13' title='bbox 453 543 562 600; x_wconf 87' lang='lat' dir='ltr'><strong>qnam</strong></span> <span class='ocrx_word' id='word_1_14' title='bbox 584 523 631 580; x_wconf 87' lang='lat' dir='ltr'><strong>ab</strong></span> <span class='ocrx_word' id='word_1_15' title='bbox 661 533 734 581; x_wconf 87' lang='lat' dir='ltr'><strong>tam</strong></span> <span class='ocrx_word' id='word_1_16' title='bbox 767 524 1002 582; x_wconf 69' lang='lat' dir='ltr'><strong>memorabili</strong></span> <span class='ocrx_word' id='word_1_17' title='bbox 1042 544 1164 600; x_wconf 81' lang='lat' dir='ltr'><strong>pugna</strong></span> <span class='ocrx_word' id='word_1_18' title='bbox 1200 543 1321 600; x_wconf 85' lang='lat' dir='ltr'><strong>neque</strong></span> 
     </span>
     <span class='ocr_line' id='line_1_4' title="bbox 251 629 1322 705; baseline 0 -18"><span class='ocrx_word' id='word_1_19' title='bbox 251 646 349 705; x_wconf 87' lang='lat' dir='ltr'><strong>apem</strong></span> <span class='ocrx_word' id='word_1_20' title='bbox 382 629 587 688; x_wconf 77' lang='lat' dir='ltr'><strong>firmiorem</strong></span> <span class='ocrx_word' id='word_1_21' title='bbox 625 630 728 705; x_wconf 83' lang='lat' dir='ltr'><strong>pacis</strong></span> <span class='ocrx_word' id='word_1_22' title='bbox 766 639 955 705; x_wconf 75' lang='lat' dir='ltr'><strong>perpetuae</strong></span> <span class='ocrx_word' id='word_1_23' title='bbox 989 631 1088 698; x_wconf 86' lang='lat' dir='ltr'><strong>dari,</strong></span> <span class='ocrx_word' id='word_1_24' title='bbox 1123 649 1230 705; x_wconf 87' lang='lat' dir='ltr'><strong>quam</strong></span> <span class='ocrx_word' id='word_1_25' title='bbox 1263 639 1322 688; x_wconf 86' lang='lat' dir='ltr'><strong>eet.</strong></span> 
     </span>
     <span class='ocr_line' id='line_1_5' title="bbox 251 734 1322 812; baseline -0.002 -18"><span class='ocrx_word' id='word_1_26' title='bbox 251 734 355 794; x_wconf 85' lang='lat' dir='ltr'><strong>Codex</strong></span> <span class='ocrx_word' id='word_1_27' title='bbox 384 754 507 812; x_wconf 80' lang='lat' dir='ltr'><strong>pugna</strong></span> <span class='ocrx_word' id='word_1_28' title='bbox 537 753 653 811; x_wconf 85' lang='lat' dir='ltr'><strong>spem,</strong></span> <span class='ocrx_word' id='word_1_29' title='bbox 681 735 791 792; x_wconf 81' lang='lat' dir='ltr'><strong>omisso</strong></span> <span class='ocrx_word' id='word_1_30' title='bbox 822 754 950 810; x_wconf 90' lang='lat' dir='ltr'><strong>neqne.</strong></span> <span class='ocrx_word' id='word_1_31' title='bbox 1008 737 1079 794; x_wconf 79' lang='lat' dir='ltr'><strong>Non</strong></span> <span class='ocrx_word' id='word_1_32' title='bbox 1109 755 1199 792; x_wconf 92' lang='lat' dir='ltr'><strong>unum</strong></span> <span class='ocrx_word' id='word_1_33' title='bbox 1231 735 1322 811; x_wconf 81' lang='lat' dir='ltr'><strong>igitur</strong></span> 
     </span>
     <span class='ocr_line' id='line_1_6' title="bbox 251 840 1321 910; baseline 0.002 -14"><span class='ocrx_word' id='word_1_34' title='bbox 251 841 427 898; x_wconf 82' lang='lat' dir='ltr'><strong>vocabulum</strong></span> <span class='ocrx_word' id='word_1_35' title='bbox 449 841 614 898; x_wconf 84' lang='lat' dir='ltr'><strong>addendum</strong></span> <span class='ocrx_word' id='word_1_36' title='bbox 636 849 710 910; x_wconf 86' lang='lat' dir='ltr'><strong>erat,</strong></span> <span class='ocrx_word' id='word_1_37' title='bbox 740 840 792 897; x_wconf 87' lang='lat' dir='ltr'><strong>aed</strong></span> <span class='ocrx_word' id='word_1_38' title='bbox 819 841 894 898; x_wconf 87' lang='lat' dir='ltr'><strong>duo:</strong></span> <span class='ocrx_word' id='word_1_39' title='bbox 923 843 967 900; x_wconf 85' lang='lat' dir='ltr'><strong>ab</strong></span> <span class='ocrx_word' id='word_1_40' title='bbox 989 851 1063 900; x_wconf 88' lang='lat' dir='ltr'><strong>tam</strong></span> <span class='ocrx_word' id='word_1_41' title='bbox 1083 841 1321 899; x_wconf 69' lang='lat' dir='ltr'><strong>memorabili</strong></span> 
     </span>
     <span class='ocr_line' id='line_1_7' title="bbox 250 942 1321 1023; baseline 0 -21"><span class='ocrx_word' id='word_1_42' title='bbox 250 942 684 1023; x_wconf 71' lang='lat' dir='ltr'><strong>pugna1poase,neqna]</strong></span> <span class='ocrx_word' id='word_1_43' title='bbox 706 963 806 1020; x_wconf 87' lang='lat' dir='ltr'><strong>spem</strong></span> <span class='ocrx_word' id='word_1_44' title='bbox 827 955 882 1003; x_wconf 74' lang='lat' dir='ltr'><strong>ete.</strong></span> <span class='ocrx_word' id='word_1_45' title='bbox 923 947 1004 1004; x_wconf 82' lang='lat' dir='ltr'><strong>Nam</strong></span> <span class='ocrx_word' id='word_1_46' title='bbox 1029 965 1138 1022; x_wconf 86' lang='lat' dir='ltr'><strong>posse</strong></span> <span class='ocrx_word' id='word_1_47' title='bbox 1159 946 1321 1003; x_wconf 85' lang='lat' dir='ltr'><strong>desiderari</strong></span> 
     </span>
     <span class='ocr_line' id='line_1_8' title="bbox 251 1049 1321 1128; baseline -0.003 -18"><span class='ocrx_word' id='word_1_48' title='bbox 251 1060 331 1110; x_wconf 85' lang='lat' dir='ltr'><strong>reete</strong></span> <span class='ocrx_word' id='word_1_49' title='bbox 351 1049 507 1109; x_wconf 80' lang='lat' dir='ltr'><strong>Creverius</strong></span> <span class='ocrx_word' id='word_1_50' title='bbox 525 1051 678 1110; x_wconf 73' lang='lat' dir='ltr'><strong>intellexit.</strong></span> <span class='ocrx_word' id='word_1_51' title='bbox 722 1051 896 1127; x_wconf 86' lang='lat' dir='ltr'><strong>Paulopost</strong></span> <span class='ocrx_word' id='word_1_52' title='bbox 916 1055 945 1126; x_wconf 74' lang='grc'><strong>(5</strong></span> <span class='ocrx_word' id='word_1_53' title='bbox 958 1054 990 1127; x_wconf 81' lang='lat'><strong>8)</strong></span> <span class='ocrx_word' id='word_1_54' title='bbox 1012 1053 1092 1128; x_wconf 87' lang='lat' dir='ltr'><strong>qnod</strong></span> <span class='ocrx_word' id='word_1_55' title='bbox 1106 1052 1149 1108; x_wconf 85' lang='lat' dir='ltr'><strong>sie</strong></span> <span class='ocrx_word' id='word_1_56' title='bbox 1168 1050 1321 1108; x_wconf 71' lang='lat' dir='ltr'><strong>scribitur:</strong></span> 
     </span>
     <span class='ocr_line' id='line_1_9' title="bbox 250 1155 1321 1232; baseline -0.004 -16"><span class='ocrx_word' id='word_1_57' title='bbox 250 1157 441 1232; x_wconf 82' lang='lat' dir='ltr'><strong>Nunquam</strong></span> <span class='ocrx_word' id='word_1_58' title='bbox 462 1157 507 1215; x_wconf 90' lang='lat' dir='ltr'><strong>ab</strong></span> <span class='ocrx_word' id='word_1_59' title='bbox 523 1156 662 1215; x_wconf 86' lang='lat' dir='ltr'><strong>talibus</strong></span> <span class='ocrx_word' id='word_1_60' title='bbox 678 1157 849 1214; x_wconf 82' lang='lat' dir='ltr'><strong>consiliis</strong></span> <span class='ocrx_word' id='word_1_61' title='bbox 870 1158 1098 1215; x_wconf 70' lang='lat' dir='ltr'><strong>abhorrebat</strong></span> <span class='ocrx_word' id='word_1_62' title='bbox 1119 1155 1222 1232; x_wconf 81' lang='lat' dir='ltr'><strong>regis</strong></span> <span class='ocrx_word' id='word_1_63' title='bbox 1244 1157 1321 1213; x_wconf 89' lang='lat' dir='ltr'><strong>ani-</strong></span> 
     </span>
     <span class='ocr_line' id='line_1_10' title="bbox 250 1260 1321 1340; baseline -0.002 -21"><span class='ocrx_word' id='word_1_64' title='bbox 250 1279 343 1332; x_wconf 81' lang='lat' dir='ltr'><strong>mus3</strong></span> <span class='ocrx_word' id='word_1_65' title='bbox 364 1261 491 1336; x_wconf 85' lang='lat' dir='ltr'><strong>itaque</strong></span> <span class='ocrx_word' id='word_1_66' title='bbox 521 1260 683 1338; x_wconf 89' lang='lat' dir='ltr'><strong>plurium</strong></span> <span class='ocrx_word' id='word_1_67' title='bbox 713 1279 864 1319; x_wconf 84' lang='lat' dir='ltr'><strong>assensn</strong></span> <span class='ocrx_word' id='word_1_68' title='bbox 894 1263 1143 1340; x_wconf 85' lang='lat' dir='ltr'><strong>comprobata</strong></span> <span class='ocrx_word' id='word_1_69' title='bbox 1165 1269 1222 1318; x_wconf 90' lang='lat' dir='ltr'><strong>est</strong></span> <span class='ocrx_word' id='word_1_70' title='bbox 1242 1279 1321 1318; x_wconf 88' lang='lat' dir='ltr'><strong>sen·</strong></span> 
     </span>
     <span class='ocr_line' id='line_1_11' title="bbox 250 1365 1321 1443; baseline -0.005 -16"><span class='ocrx_word' id='word_1_71' title='bbox 250 1368 382 1438; x_wconf 89' lang='lat' dir='ltr'><strong>tentia,</strong></span> <span class='ocrx_word' id='word_1_72' title='bbox 428 1365 582 1424; x_wconf 83' lang='lat' dir='ltr'><strong>ridiculum</strong></span> <span class='ocrx_word' id='word_1_73' title='bbox 622 1377 680 1436; x_wconf 82' lang='lat' dir='ltr'><strong>eat;</strong></span> <span class='ocrx_word' id='word_1_74' title='bbox 722 1386 760 1424; x_wconf 83' lang='lat' dir='ltr'><strong>ex</strong></span> <span class='ocrx_word' id='word_1_75' title='bbox 797 1367 875 1443; x_wconf 78' lang='lat' dir='ltr'><strong>regis</strong></span> <span class='ocrx_word' id='word_1_76' title='bbox 903 1367 980 1425; x_wconf 88' lang='lat' dir='ltr'><strong>enim</strong></span> <span class='ocrx_word' id='word_1_77' title='bbox 1015 1367 1104 1424; x_wconf 87' lang='lat' dir='ltr'><strong>animi</strong></span> <span class='ocrx_word' id='word_1_78' title='bbox 1144 1366 1248 1423; x_wconf 75' lang='lat' dir='ltr'><strong>habim</strong></span> <span class='ocrx_word' id='word_1_79' title='bbox 1292 1373 1321 1422; x_wconf 86' lang='lat' dir='ltr'><strong>et</strong></span> 
     </span>
     <span class='ocr_line' id='line_1_12' title="bbox 249 1471 1321 1548; baseline -0.006 -14"><span class='ocrx_word' id='word_1_80' title='bbox 249 1475 435 1534; x_wconf 72' lang='lat' dir='ltr'><strong>inclinatione</strong></span> <span class='ocrx_word' id='word_1_81' title='bbox 466 1473 559 1548; x_wconf 86' lang='lat' dir='ltr'><strong>ipsius</strong></span> <span class='ocrx_word' id='word_1_82' title='bbox 597 1472 730 1547; x_wconf 83' lang='lat' dir='ltr'><strong>seqnitur</strong></span> <span class='ocrx_word' id='word_1_83' title='bbox 771 1491 927 1544; x_wconf 76' lang='lat' dir='ltr'><strong>emensos,</strong></span> <span class='ocrx_word' id='word_1_84' title='bbox 964 1493 1023 1530; x_wconf 90' lang='lat' dir='ltr'><strong>non</strong></span> <span class='ocrx_word' id='word_1_85' title='bbox 1057 1472 1197 1540; x_wconf 76' lang='lat' dir='ltr'><strong>eliomm3</strong></span> <span class='ocrx_word' id='word_1_86' title='bbox 1241 1471 1321 1547; x_wconf 80' lang='lat' dir='ltr'><strong>regis</strong></span> 
     </span>
     <span class='ocr_line' id='line_1_13' title="bbox 251 1576 1320 1654; baseline -0.005 -15"><span class='ocrx_word' id='word_1_87' title='bbox 251 1581 366 1639; x_wconf 89' lang='lat' dir='ltr'><strong>demum</strong></span> <span class='ocrx_word' id='word_1_88' title='bbox 396 1596 517 1637; x_wconf 85' lang='lat' dir='ltr'><strong>assensu</strong></span> <span class='ocrx_word' id='word_1_89' title='bbox 550 1577 718 1649; x_wconf 85' lang='lat' dir='ltr'><strong>declarato,</strong></span> <span class='ocrx_word' id='word_1_90' title='bbox 758 1587 894 1654; x_wconf 87' lang='lat' dir='ltr'><strong>poterant</strong></span> <span class='ocrx_word' id='word_1_91' title='bbox 932 1578 983 1635; x_wconf 85' lang='lat' dir='ltr'><strong>alii</strong></span> <span class='ocrx_word' id='word_1_92' title='bbox 1022 1576 1189 1635; x_wconf 71' lang='lat' dir='ltr'><strong>aasenmndi</strong></span> <span class='ocrx_word' id='word_1_93' title='bbox 1223 1576 1320 1634; x_wconf 87' lang='lat' dir='ltr'><strong>studio</strong></span> 
     </span>
     <span class='ocr_line' id='line_1_14' title="bbox 250 1681 1320 1761; baseline -0.003 -17"><span class='ocrx_word' id='word_1_94' title='bbox 250 1687 326 1744; x_wconf 88' lang='lat' dir='ltr'><strong>idem</strong></span> <span class='ocrx_word' id='word_1_95' title='bbox 358 1685 505 1761; x_wconf 87' lang='lat' dir='ltr'><strong>probare,</strong></span> <span class='ocrx_word' id='word_1_96' title='bbox 548 1683 602 1740; x_wconf 86' lang='lat' dir='ltr'><strong>etsi</strong></span> <span class='ocrx_word' id='word_1_97' title='bbox 634 1685 681 1741; x_wconf 86' lang='lat' dir='ltr'><strong>hin</strong></span> <span class='ocrx_word' id='word_1_98' title='bbox 718 1702 778 1741; x_wconf 92' lang='lat' dir='ltr'><strong>non</strong></span> <span class='ocrx_word' id='word_1_99' title='bbox 814 1684 991 1753; x_wconf 72' lang='lat' dir='ltr'><strong>assentatio,</strong></span> <span class='ocrx_word' id='word_1_100' title='bbox 1020 1683 1071 1739; x_wconf 87' lang='lat' dir='ltr'><strong>sed</strong></span> <span class='ocrx_word' id='word_1_101' title='bbox 1101 1681 1190 1738; x_wconf 88' lang='lat' dir='ltr'><strong>timor</strong></span> <span class='ocrx_word' id='word_1_102' title='bbox 1217 1681 1320 1742; x_wconf 83' lang='lat' dir='ltr'><strong>valuit.</strong></span> 
     </span>
     <span class='ocr_line' id='line_1_15' title="bbox 250 1784 1320 1866; baseline -0.007 -16"><span class='ocrx_word' id='word_1_103' title='bbox 250 1792 343 1850; x_wconf 77' lang='lat' dir='ltr'><strong>Recta</strong></span> <span class='ocrx_word' id='word_1_104' title='bbox 371 1789 470 1846; x_wconf 86' lang='lat' dir='ltr'><strong>omnia</strong></span> <span class='ocrx_word' id='word_1_105' title='bbox 497 1797 582 1845; x_wconf 85' lang='lat' dir='ltr'><strong>erunt</strong></span> <span class='ocrx_word' id='word_1_106' title='bbox 610 1789 728 1847; x_wconf 85' lang='lat' dir='ltr'><strong>sublata</strong></span> <span class='ocrx_word' id='word_1_107' title='bbox 756 1788 862 1848; x_wconf 79' lang='lat' dir='ltr'><strong>vocula</strong></span> <span class='ocrx_word' id='word_1_108' title='bbox 889 1797 944 1845; x_wconf 89' lang='lat' dir='ltr'><strong>est</strong></span> <span class='ocrx_word' id='word_1_109' title='bbox 971 1784 1053 1866; x_wconf 89' lang='lat' dir='ltr'><strong>(st),</strong></span> <span class='ocrx_word' id='word_1_110' title='bbox 1085 1805 1150 1861; x_wconf 75' lang='lat' dir='ltr'><strong>quar</strong></span> <span class='ocrx_word' id='word_1_111' title='bbox 1172 1805 1210 1844; x_wconf 84' lang='lat' dir='ltr'><strong>ex</strong></span> <span class='ocrx_word' id='word_1_112' title='bbox 1240 1805 1320 1844; x_wconf 87' lang='lat' dir='ltr'><strong>sen-</strong></span> 
     </span>
     <span class='ocr_line' id='line_1_16' title="bbox 250 1893 1320 1970; baseline -0.003 -17"><span class='ocrx_word' id='word_1_113' title='bbox 250 1895 368 1953; x_wconf 85' lang='lat' dir='ltr'><strong>tentio</strong></span> <span class='ocrx_word' id='word_1_114' title='bbox 398 1903 465 1952; x_wconf 86' lang='lat' dir='ltr'><strong>orta</strong></span> <span class='ocrx_word' id='word_1_115' title='bbox 497 1903 555 1950; x_wconf 85' lang='lat' dir='ltr'><strong>est:</strong></span> <span class='ocrx_word' id='word_1_116' title='bbox 597 1893 747 1969; x_wconf 87' lang='lat' dir='ltr'><strong>Itaque,</strong></span> <span class='ocrx_word' id='word_1_117' title='bbox 778 1894 941 1970; x_wconf 87' lang='lat' dir='ltr'><strong>plurium</strong></span> <span class='ocrx_word' id='word_1_118' title='bbox 972 1911 1126 1950; x_wconf 84' lang='lat' dir='ltr'><strong>uasenau</strong></span> <span class='ocrx_word' id='word_1_119' title='bbox 1157 1910 1320 1968; x_wconf 87' lang='lat' dir='ltr'><strong>eumpro-</strong></span> 
     </span>
     <span class='ocr_line' id='line_1_17' title="bbox 249 1998 1320 2074; baseline -0.004 -16"><span class='ocrx_word' id='word_1_120' title='bbox 249 2001 338 2058; x_wconf 88' lang='lat' dir='ltr'><strong>bata</strong></span> <span class='ocrx_word' id='word_1_121' title='bbox 370 1999 571 2069; x_wconf 85' lang='lat' dir='ltr'><strong>sententia,</strong></span> <span class='ocrx_word' id='word_1_122' title='bbox 614 1999 733 2074; x_wconf 83' lang='lat' dir='ltr'><strong>legati</strong></span> <span class='ocrx_word' id='word_1_123' title='bbox 765 2000 809 2057; x_wconf 92' lang='lat' dir='ltr'><strong>ad</strong></span> <span class='ocrx_word' id='word_1_124' title='bbox 844 1998 1035 2058; x_wconf 83' lang='lat' dir='ltr'><strong>consulem</strong></span> <span class='ocrx_word' id='word_1_125' title='bbox 1070 1998 1184 2060; x_wconf 82' lang='lat' dir='ltr'><strong>missi.</strong></span> <span class='ocrx_word' id='word_1_126' title='bbox 1245 1998 1320 2056; x_wconf 88' lang='lat' dir='ltr'><strong>Plu-</strong></span> 
     </span>
     <span class='ocr_line' id='line_1_18' title="bbox 251 2104 1320 2180; baseline -0.002 -16"><span class='ocrx_word' id='word_1_127' title='bbox 251 2106 326 2164; x_wconf 86' lang='lat' dir='ltr'><strong>rium</strong></span> <span class='ocrx_word' id='word_1_128' title='bbox 348 2105 520 2163; x_wconf 88' lang='lat' dir='ltr'><strong>sententiam</strong></span> <span class='ocrx_word' id='word_1_129' title='bbox 543 2123 606 2174; x_wconf 87' lang='lat' dir='ltr'><strong>rex,</strong></span> <span class='ocrx_word' id='word_1_130' title='bbox 632 2104 662 2160; x_wconf 90' lang='lat' dir='ltr'><strong>in</strong></span> <span class='ocrx_word' id='word_1_131' title='bbox 683 2104 806 2162; x_wconf 86' lang='lat' dir='ltr'><strong>eandem</strong></span> <span class='ocrx_word' id='word_1_132' title='bbox 826 2113 941 2180; x_wconf 84' lang='lat' dir='ltr'><strong>partem</strong></span> <span class='ocrx_word' id='word_1_133' title='bbox 965 2121 1020 2161; x_wconf 84' lang='lat' dir='ltr'><strong>sua</strong></span> <span class='ocrx_word' id='word_1_134' title='bbox 1041 2114 1146 2180; x_wconf 83' lang='lat' dir='ltr'><strong>sponte</strong></span> <span class='ocrx_word' id='word_1_135' title='bbox 1165 2104 1320 2172; x_wconf 81' lang='lat' dir='ltr'><strong>inclinans,</strong></span> 
     </span>
     <span class='ocr_line' id='line_1_19' title="bbox 187 2195 1316 2290; baseline -0.001 -21"><span class='ocrx_word' id='word_1_136' title='bbox 187 2281 191 2290; x_wconf 41' lang='grc'>,</span> <span class='ocrx_word' id='word_1_137' title='bbox 252 2221 367 2269; x_wconf 63' lang='lat' dir='ltr'><strong>neuun</strong></span> <span class='ocrx_word' id='word_1_138' title='bbox 389 2219 442 2270; x_wconf 72' lang='lat' dir='ltr'><strong>en.</strong></span> <span class='ocrx_word' id='word_1_139' title='bbox 487 2209 608 2285; x_wconf 81' lang='lat' dir='ltr'><strong>(Polyb.</strong></span> <span class='ocrx_word' id='word_1_140' title='bbox 630 2209 769 2282; x_wconf 80' lang='lat' dir='ltr'><strong>xxvn,</strong></span> <span class='ocrx_word' id='word_1_141' title='bbox 800 2213 834 2271; x_wconf 79' lang='lat' dir='ltr'><strong>s:</strong></span> <span class='ocrx_word' id='word_1_142' title='bbox 862 2207 980 2271; x_wconf 62' lang='grc' dir='ltr'><strong><em>Ταῦτα</em></strong></span> <span class='ocrx_word' id='word_1_143' title='bbox 1009 2207 1075 2288; x_wconf 71' lang='grc' dir='ltr'><strong>μὲν</strong></span> <span class='ocrx_word' id='word_1_144' title='bbox 1111 2195 1175 2270; x_wconf 61' lang='grc' dir='ltr'><strong>οὖν</strong></span> <span class='ocrx_word' id='word_1_145' title='bbox 1207 2196 1316 2270; x_wconf 65' lang='grc' dir='ltr'><strong><em>ἐδόκει</em></strong></span> 
     </span>
     <span class='ocr_line' id='line_1_20' title="bbox 251 2309 1318 2396; baseline -0.002 -18"><span class='ocrx_word' id='word_1_146' title='bbox 251 2325 323 2384; x_wconf 77' lang='grc' dir='ltr'><strong><em>τοῖς</em></strong></span> <span class='ocrx_word' id='word_1_147' title='bbox 344 2309 477 2376; x_wconf 73' lang='grc' dir='ltr'><strong><em>πλείοσι</em></strong></span> <span class='ocrx_word' id='word_1_148' title='bbox 499 2311 568 2374; x_wconf 75' lang='grc' dir='ltr'><strong>τῶν</strong></span> <span class='ocrx_word' id='word_1_149' title='bbox 590 2309 708 2393; x_wconf 80' lang='grc' dir='ltr'><em>φίλων·</em></span> <span class='ocrx_word' id='word_1_150' title='bbox 739 2315 1047 2396; x_wconf 72' lang='grc' dir='ltr'><strong><em>συγκαταθεμένου</em></strong></span> <span class='ocrx_word' id='word_1_151' title='bbox 1079 2310 1114 2374; x_wconf 81' lang='grc' dir='ltr'><strong>δὲ</strong></span> <span class='ocrx_word' id='word_1_152' title='bbox 1135 2314 1201 2376; x_wconf 76' lang='grc' dir='ltr'><strong>τοῦ</strong></span> <span class='ocrx_word' id='word_1_153' title='bbox 1224 2312 1318 2394; x_wconf 83' lang='lat' dir='ltr'><strong>Hap-</strong></span> 
     </span>
     <span class='ocr_line' id='line_1_21' title="bbox 252 2415 1318 2503; baseline -0.007 -18"><span class='ocrx_word' id='word_1_154' title='bbox 252 2421 333 2490; x_wconf 78' lang='lat' dir='ltr'><strong>os&#39;toc</strong></span> <span class='ocrx_word' id='word_1_155' title='bbox 373 2419 570 2499; x_wconf 76' lang='grc' dir='ltr'><strong><em>ἐπέμποντο</em></strong></span> <span class='ocrx_word' id='word_1_156' title='bbox 610 2416 819 2500; x_wconf 77' lang='grc' dir='ltr'><strong><em>παραχρῆμα</em></strong></span> <span class='ocrx_word' id='word_1_157' title='bbox 860 2415 1100 2503; x_wconf 78' lang='grc' dir='ltr'><strong>πρεσβευταί.)</strong></span> <span class='ocrx_word' id='word_1_158' title='bbox 1169 2422 1221 2480; x_wconf 83' lang='lat' dir='ltr'><strong>Ab</strong></span> <span class='ocrx_word' id='word_1_159' title='bbox 1262 2439 1318 2478; x_wconf 86' lang='lat' dir='ltr'><strong>usu</strong></span> 
     </span>
     <span class='ocr_line' id='line_1_22' title="bbox 251 2525 1314 2604; baseline -0.003 -17"><span class='ocrx_word' id='word_1_160' title='bbox 251 2527 389 2604; x_wconf 86' lang='lat' dir='ltr'><strong>loquendi</strong></span> <span class='ocrx_word' id='word_1_161' title='bbox 409 2525 569 2584; x_wconf 86' lang='lat' dir='ltr'><strong>certissimo</strong></span> <span class='ocrx_word' id='word_1_162' title='bbox 595 2525 674 2583; x_wconf 86' lang='lat' dir='ltr'><strong>Livii</strong></span> <span class='ocrx_word' id='word_1_163' title='bbox 695 2537 724 2584; x_wconf 91' lang='lat' dir='ltr'><strong>et</strong></span> <span class='ocrx_word' id='word_1_164' title='bbox 752 2527 937 2602; x_wconf 86' lang='lat' dir='ltr'><strong>antiquorum</strong></span> <span class='ocrx_word' id='word_1_165' title='bbox 959 2527 1098 2597; x_wconf 78' lang='lat' dir='ltr'><strong>discedit,</strong></span> <span class='ocrx_word' id='word_1_166' title='bbox 1128 2527 1207 2602; x_wconf 90' lang='lat' dir='ltr'><strong>quod</strong></span> <span class='ocrx_word' id='word_1_167' title='bbox 1238 2532 1254 2596; x_wconf 72' lang='grc' dir='ltr'><strong>ξ</strong></span> <span class='ocrx_word' id='word_1_168' title='bbox 1280 2531 1314 2585; x_wconf 87' lang='lat'><strong>11</strong></span> 
     </span>
     <span class='ocr_line' id='line_1_23' title="bbox 251 2631 1319 2709; baseline 0 -19"><span class='ocrx_word' id='word_1_169' title='bbox 251 2632 368 2709; x_wconf 77' lang='lat' dir='ltr'><strong>legitur:</strong></span> <span class='ocrx_word' id='word_1_170' title='bbox 389 2631 448 2690; x_wconf 89' lang='lat' dir='ltr'><strong>Ita</strong></span> <span class='ocrx_word' id='word_1_171' title='bbox 469 2641 541 2688; x_wconf 89' lang='lat' dir='ltr'><strong>tum</strong></span> <span class='ocrx_word' id='word_1_172' title='bbox 563 2649 638 2688; x_wconf 88' lang='lat' dir='ltr'><strong>moa</strong></span> <span class='ocrx_word' id='word_1_173' title='bbox 659 2641 755 2702; x_wconf 87' lang='lat' dir='ltr'><strong>erat,</strong></span> <span class='ocrx_word' id='word_1_174' title='bbox 778 2632 814 2689; x_wconf 92' lang='lat' dir='ltr'><strong>in</strong></span> <span class='ocrx_word' id='word_1_175' title='bbox 837 2633 1006 2690; x_wconf 88' lang='lat' dir='ltr'><strong>adversis</strong></span> <span class='ocrx_word' id='word_1_176' title='bbox 1027 2634 1168 2690; x_wconf 83' lang='lat' dir='ltr'><strong>vultum</strong></span> <span class='ocrx_word' id='word_1_177' title='bbox 1189 2651 1319 2691; x_wconf 84' lang='lat' dir='ltr'><strong>seeun-</strong></span> 
     </span>
     <span class='ocr_line' id='line_1_24' title="bbox 251 2735 1319 2811; baseline -0.003 -14"><span class='ocrx_word' id='word_1_178' title='bbox 251 2739 303 2796; x_wconf 86' lang='lat' dir='ltr'><strong>dte</strong></span> <span class='ocrx_word' id='word_1_179' title='bbox 323 2735 479 2796; x_wconf 71' lang='lat' dir='ltr'><strong>fortunae</strong></span> <span class='ocrx_word' id='word_1_180' title='bbox 499 2754 643 2811; x_wconf 82' lang='lat' dir='ltr'><strong>gerere,</strong></span> <span class='ocrx_word' id='word_1_181' title='bbox 674 2737 861 2795; x_wconf 87' lang='lat' dir='ltr'><strong>moderari</strong></span> <span class='ocrx_word' id='word_1_182' title='bbox 893 2739 1036 2796; x_wconf 87' lang='lat' dir='ltr'><strong>animos</strong></span> <span class='ocrx_word' id='word_1_183' title='bbox 1066 2739 1101 2795; x_wconf 93' lang='lat' dir='ltr'><strong>in</strong></span> <span class='ocrx_word' id='word_1_184' title='bbox 1134 2738 1319 2796; x_wconf 82' lang='lat' dir='ltr'><strong>secundis.</strong></span> 
     </span>
     <span class='ocr_line' id='line_1_25' title="bbox 251 2842 1319 2916; baseline 0.001 -16"><span class='ocrx_word' id='word_1_185' title='bbox 251 2842 353 2900; x_wconf 85' lang='lat' dir='ltr'><strong>Livius</strong></span> <span class='ocrx_word' id='word_1_186' title='bbox 374 2842 532 2916; x_wconf 77' lang='lat' dir='ltr'><strong>scripserat</strong></span> <span class='ocrx_word' id='word_1_187' title='bbox 553 2843 692 2912; x_wconf 81' lang='lat' dir='ltr'><strong>animo,</strong></span> <span class='ocrx_word' id='word_1_188' title='bbox 724 2853 758 2900; x_wconf 88' lang='lat' dir='ltr'><strong>ut</strong></span> <span class='ocrx_word' id='word_1_189' title='bbox 788 2843 858 2901; x_wconf 87' lang='lat' dir='ltr'><strong>alibi</strong></span> <span class='ocrx_word' id='word_1_190' title='bbox 888 2843 1071 2901; x_wconf 85' lang='lat' dir='ltr'><strong>moderari</strong></span> <span class='ocrx_word' id='word_1_191' title='bbox 1100 2843 1162 2901; x_wconf 77' lang='lat' dir='ltr'><strong>iroe</strong></span> <span class='ocrx_word' id='word_1_192' title='bbox 1185 2843 1255 2916; x_wconf 88' lang='lat' dir='ltr'><strong>(IV,</strong></span> <span class='ocrx_word' id='word_1_193' title='bbox 1280 2849 1319 2914; x_wconf 76' lang='grc'><strong>7),</strong></span> 
     </span>
     <span class='ocr_line' id='line_1_26' title="bbox 252 2943 1319 3025; baseline 0.002 -21"><span class='ocrx_word' id='word_1_194' title='bbox 252 2947 336 3004; x_wconf 91' lang='lat' dir='ltr'><strong>odio</strong></span> <span class='ocrx_word' id='word_1_195' title='bbox 366 2943 507 3024; x_wconf 86' lang='lat' dir='ltr'><strong>(XXXI,</strong></span> <span class='ocrx_word' id='word_1_196' title='bbox 538 2947 605 3020; x_wconf 78' lang='lat'><strong>44),</strong></span> <span class='ocrx_word' id='word_1_197' title='bbox 634 2965 706 3004; x_wconf 80' lang='lat' dir='ltr'><strong>suo</strong></span> <span class='ocrx_word' id='word_1_198' title='bbox 727 2947 883 3006; x_wconf 77' lang='lat' dir='ltr'><strong>fortuna</strong></span> <span class='ocrx_word' id='word_1_199' title='bbox 913 2947 1097 3025; x_wconf 85' lang='lat' dir='ltr'><strong>(XXXVII,</strong></span> <span class='ocrx_word' id='word_1_200' title='bbox 1130 2948 1200 3022; x_wconf 81' lang='lat'>35);</span> <span class='ocrx_word' id='word_1_201' title='bbox 1230 2948 1319 3025; x_wconf 85' lang='lat' dir='ltr'><strong>longe</strong></span> 
     </span>
     <span class='ocr_line' id='line_1_27' title="bbox 251 3051 1318 3128; baseline 0.002 -18"><span class='ocrx_word' id='word_1_202' title='bbox 251 3053 398 3110; x_wconf 82' lang='lat' dir='ltr'><strong>divorsum</strong></span> <span class='ocrx_word' id='word_1_203' title='bbox 428 3059 487 3122; x_wconf 87' lang='lat' dir='ltr'><strong>eat,</strong></span> <span class='ocrx_word' id='word_1_204' title='bbox 518 3052 597 3126; x_wconf 87' lang='lat' dir='ltr'><strong>quod</strong></span> <span class='ocrx_word' id='word_1_205' title='bbox 628 3070 694 3110; x_wconf 86' lang='lat' dir='ltr'><strong>oum</strong></span> <span class='ocrx_word' id='word_1_206' title='bbox 724 3053 770 3110; x_wconf 90' lang='lat' dir='ltr'><strong>hia</strong></span> <span class='ocrx_word' id='word_1_207' title='bbox 792 3053 1051 3112; x_wconf 83' lang='lat' dir='ltr'><strong>Drakenborehius</strong></span> <span class='ocrx_word' id='word_1_208' title='bbox 1080 3053 1134 3125; x_wconf 93' lang='lat' dir='ltr'><strong>(ad</strong></span> <span class='ocrx_word' id='word_1_209' title='bbox 1154 3053 1211 3124; x_wconf 90' lang='lat' dir='ltr'><strong>IV,</strong></span> <span class='ocrx_word' id='word_1_210' title='bbox 1235 3058 1264 3124; x_wconf 86' lang='grc'><strong>7,</strong></span> <span class='ocrx_word' id='word_1_211' title='bbox 1287 3051 1318 3128; x_wconf 87' lang='grc'><strong>6)</strong></span> 
     </span>
     <span class='ocr_line' id='line_1_28' title="bbox 251 3157 1318 3234; baseline 0 -17"><span class='ocrx_word' id='word_1_212' title='bbox 251 3157 410 3229; x_wconf 80' lang='lat' dir='ltr'><strong>confundit,</strong></span> <span class='ocrx_word' id='word_1_213' title='bbox 432 3157 615 3215; x_wconf 88' lang='lat' dir='ltr'><strong>moderari</strong></span> <span class='ocrx_word' id='word_1_214' title='bbox 638 3157 722 3214; x_wconf 86' lang='lat' dir='ltr'><strong>iura</strong></span> <span class='ocrx_word' id='word_1_215' title='bbox 742 3158 884 3217; x_wconf 78' lang='lat' dir='ltr'><strong>infimis</strong></span> <span class='ocrx_word' id='word_1_216' title='bbox 917 3160 1155 3234; x_wconf 81' lang='lat' dir='ltr'><strong>summisque,</strong></span> <span class='ocrx_word' id='word_1_217' title='bbox 1182 3160 1240 3217; x_wconf 86' lang='lat' dir='ltr'><strong>hoc</strong></span> <span class='ocrx_word' id='word_1_218' title='bbox 1265 3169 1318 3230; x_wconf 87' lang='lat' dir='ltr'><strong>est,</strong></span> 
     </span>
     <span class='ocr_line' id='line_1_29' title="bbox 250 3262 1318 3342; baseline 0 -20"><span class='ocrx_word' id='word_1_219' title='bbox 250 3283 352 3342; x_wconf 78' lang='lat' dir='ltr'><strong>regere</strong></span> <span class='ocrx_word' id='word_1_220' title='bbox 383 3273 413 3321; x_wconf 86' lang='lat' dir='ltr'><strong>et</strong></span> <span class='ocrx_word' id='word_1_221' title='bbox 442 3262 593 3338; x_wconf 72' lang='lat' dir='ltr'><strong>equaliter</strong></span> <span class='ocrx_word' id='word_1_222' title='bbox 624 3263 803 3324; x_wconf 86' lang='lat' dir='ltr'><strong>distribuere.</strong></span> <span class='ocrx_word' id='word_1_223' title='bbox 855 3266 891 3323; x_wconf 92' lang='lat' dir='ltr'><strong>in</strong></span> <span class='ocrx_word' id='word_1_224' title='bbox 922 3265 1030 3322; x_wconf 85' lang='lat' dir='ltr'><strong>talibus</strong></span> <span class='ocrx_word' id='word_1_225' title='bbox 1060 3266 1148 3323; x_wconf 87' lang='lat' dir='ltr'><strong>rebus</strong></span> <span class='ocrx_word' id='word_1_226' title='bbox 1174 3283 1318 3340; x_wconf 86' lang='lat' dir='ltr'><strong>perquam</strong></span> 
     </span>
     <span class='ocr_line' id='line_1_30' title="bbox 250 3367 1319 3447; baseline -0.006 -17"><span class='ocrx_word' id='word_1_227' title='bbox 250 3371 448 3447; x_wconf 86' lang='lat' dir='ltr'><strong>imprudenter</strong></span> <span class='ocrx_word' id='word_1_228' title='bbox 467 3367 596 3439; x_wconf 81' lang='lat' dir='ltr'><strong>faciunt,</strong></span> <span class='ocrx_word' id='word_1_229' title='bbox 626 3370 677 3444; x_wconf 91' lang='lat' dir='ltr'><strong>qui</strong></span> <span class='ocrx_word' id='word_1_230' title='bbox 706 3369 893 3442; x_wconf 71' lang='lat' dir='ltr'><strong>stabilitum</strong></span> <span class='ocrx_word' id='word_1_231' title='bbox 915 3371 1017 3428; x_wconf 77' lang='lat' dir='ltr'><strong>esteris</strong></span> <span class='ocrx_word' id='word_1_232' title='bbox 1038 3368 1120 3426; x_wconf 86' lang='lat' dir='ltr'><strong>libris</strong></span> <span class='ocrx_word' id='word_1_233' title='bbox 1140 3367 1206 3425; x_wconf 84' lang='lat' dir='ltr'><strong>usui</strong></span> <span class='ocrx_word' id='word_1_234' title='bbox 1228 3387 1319 3424; x_wconf 90' lang='lat' dir='ltr'><strong>unum</strong></span> 
     </span>
     <span class='ocr_line' id='line_1_31' title="bbox 251 3473 1319 3553; baseline -0.002 -18"><span class='ocrx_word' id='word_1_235' title='bbox 251 3476 415 3553; x_wconf 84' lang='lat' dir='ltr'><strong>exemplum</strong></span> <span class='ocrx_word' id='word_1_236' title='bbox 437 3493 474 3532; x_wconf 86' lang='lat' dir='ltr'><strong>ex</strong></span> <span class='ocrx_word' id='word_1_237' title='bbox 495 3474 540 3532; x_wconf 89' lang='lat' dir='ltr'><strong>his</strong></span> <span class='ocrx_word' id='word_1_238' title='bbox 563 3475 691 3550; x_wconf 89' lang='lat' dir='ltr'><strong>quinque</strong></span> <span class='ocrx_word' id='word_1_239' title='bbox 721 3473 803 3532; x_wconf 85' lang='lat' dir='ltr'><strong>libris</strong></span> <span class='ocrx_word' id='word_1_240' title='bbox 824 3488 993 3552; x_wconf 86' lang='lat' dir='ltr'><strong>opponunt,</strong></span> <span class='ocrx_word' id='word_1_241' title='bbox 1023 3477 1061 3534; x_wconf 86' lang='lat' dir='ltr'><strong>ab</strong></span> <span class='ocrx_word' id='word_1_242' title='bbox 1092 3475 1177 3533; x_wconf 83' lang='lat' dir='ltr'><strong>unius</strong></span> <span class='ocrx_word' id='word_1_243' title='bbox 1208 3474 1319 3533; x_wconf 81' lang='lat' dir='ltr'><strong>indocti</strong></span> 
     </span>
     <span class='ocr_line' id='line_1_32' title="bbox 251 3579 1318 3657; baseline -0.003 -17"><span class='ocrx_word' id='word_1_244' title='bbox 251 3591 281 3640; x_wconf 89' lang='lat' dir='ltr'><strong>et</strong></span> <span class='ocrx_word' id='word_1_245' title='bbox 302 3583 331 3639; x_wconf 92' lang='lat' dir='ltr'><strong>in</strong></span> <span class='ocrx_word' id='word_1_246' title='bbox 359 3599 463 3640; x_wconf 81' lang='lat' dir='ltr'><strong>vocum</strong></span> <span class='ocrx_word' id='word_1_247' title='bbox 494 3579 746 3638; x_wconf 87' lang='lat' dir='ltr'><strong>terminationibus</strong></span> <span class='ocrx_word' id='word_1_248' title='bbox 774 3599 852 3657; x_wconf 85' lang='lat' dir='ltr'><strong>saepe</strong></span> <span class='ocrx_word' id='word_1_249' title='bbox 881 3583 990 3640; x_wconf 84' lang='lat' dir='ltr'><strong>incauti</strong></span> <span class='ocrx_word' id='word_1_250' title='bbox 1020 3581 1132 3640; x_wconf 87' lang='lat' dir='ltr'><strong>librarii</strong></span> <span class='ocrx_word' id='word_1_251' title='bbox 1159 3579 1217 3638; x_wconf 85' lang='lat' dir='ltr'><strong>fido</strong></span> <span class='ocrx_word' id='word_1_252' title='bbox 1245 3599 1318 3657; x_wconf 91' lang='lat' dir='ltr'><strong>pen·</strong></span> 
     </span>
    </p>
   </div>
   <div class='ocr_carea' id='block_1_3' title="bbox 251 3685 1399 3762">
    <p class='ocr_par' dir='ltr' id='par_1_3' title="bbox 251 3685 1399 3762">
     <span class='ocr_line' id='line_1_33' title="bbox 251 3685 1399 3762; baseline -0.006 -15"><span class='ocrx_word' id='word_1_253' title='bbox 251 3688 393 3747; x_wconf 87' lang='lat' dir='ltr'><strong>dentibus.</strong></span> <span class='ocrx_word' id='word_1_254' title='bbox 438 3685 576 3759; x_wconf 84' lang='lat' dir='ltr'><strong>Sequitur</strong></span> <span class='ocrx_word' id='word_1_255' title='bbox 598 3687 625 3756; x_wconf 69' lang='grc' dir='ltr'><strong>(ξ</strong></span> <span class='ocrx_word' id='word_1_256' title='bbox 651 3687 699 3755; x_wconf 85' lang='grc'><strong>13)</strong></span> <span class='ocrx_word' id='word_1_257' title='bbox 721 3685 750 3742; x_wconf 92' lang='lat' dir='ltr'><strong>in</strong></span> <span class='ocrx_word' id='word_1_258' title='bbox 771 3687 884 3744; x_wconf 84' lang='lat' dir='ltr'><strong>codiee:</strong></span> <span class='ocrx_word' id='word_1_259' title='bbox 915 3688 999 3746; x_wconf 82' lang='lat' dir='ltr'><strong>Haeo</strong></span> <span class='ocrx_word' id='word_1_260' title='bbox 1026 3705 1135 3762; x_wconf 89' lang='lat' dir='ltr'><strong>quum</strong></span> <span class='ocrx_word' id='word_1_261' title='bbox 1156 3686 1318 3743; x_wconf 90' lang='lat' dir='ltr'><strong>renunti-</strong></span> <span class='ocrx_word' id='word_1_262' title='bbox 1398 3757 1399 3760; x_wconf 7' lang='grc' dir='ltr'><strong>Ἴ</strong></span> 
     </span>
    </p>
   </div>
   <div class='ocr_carea' id='block_1_4' title="bbox 249 3789 1399 4077">
    <p class='ocr_par' dir='ltr' id='par_1_4' title="bbox 249 3789 1399 4077">
     <span class='ocr_line' id='line_1_34' title="bbox 252 3789 1399 3874; baseline -0.003 -23"><span class='ocrx_word' id='word_1_263' title='bbox 252 3802 377 3851; x_wconf 87' lang='lat' dir='ltr'><strong>assent</strong></span> <span class='ocrx_word' id='word_1_264' title='bbox 410 3789 542 3865; x_wconf 86' lang='lat' dir='ltr'><strong>legati,</strong></span> <span class='ocrx_word' id='word_1_265' title='bbox 577 3791 759 3848; x_wconf 77' lang='lat' dir='ltr'><strong>miraculo</strong></span> <span class='ocrx_word' id='word_1_266' title='bbox 793 3792 935 3867; x_wconf 85' lang='lat' dir='ltr'><strong>ignaris</strong></span> <span class='ocrx_word' id='word_1_267' title='bbox 970 3792 1083 3850; x_wconf 88' lang='lat' dir='ltr'><strong>moris</strong></span> <span class='ocrx_word' id='word_1_268' title='bbox 1104 3790 1319 3866; x_wconf 84' lang='lat' dir='ltr'><strong>pertinenia</strong></span> <span class='ocrx_word' id='word_1_269' title='bbox 1398 3805 1399 3874; x_wconf 56' lang='grc' dir='ltr'>ξ</span> 
     </span>
     <span class='ocr_line' id='line_1_35' title="bbox 249 3875 1399 3973; baseline 0 -21"><span class='ocrx_word' id='word_1_270' title='bbox 249 3897 358 3954; x_wconf 87' lang='lat' dir='ltr'><strong>moris</strong></span> <span class='ocrx_word' id='word_1_271' title='bbox 395 3913 485 3953; x_wconf 87' lang='lat' dir='ltr'><strong>esse.</strong></span> <span class='ocrx_word' id='word_1_272' title='bbox 553 3897 698 3973; x_wconf 67' lang='lat' dir='ltr'><strong>Gryneus</strong></span> <span class='ocrx_word' id='word_1_273' title='bbox 734 3897 849 3955; x_wconf 89' lang='lat' dir='ltr'><strong>sublato</strong></span> <span class='ocrx_word' id='word_1_274' title='bbox 890 3897 982 3955; x_wconf 87' lang='lat' dir='ltr'><strong>altero</strong></span> <span class='ocrx_word' id='word_1_275' title='bbox 1018 3895 1129 3954; x_wconf 84' lang='lat' dir='ltr'><strong>moris</strong></span> <span class='ocrx_word' id='word_1_276' title='bbox 1169 3895 1318 3954; x_wconf 85' lang='lat' dir='ltr'><strong>substituit</strong></span> <span class='ocrx_word' id='word_1_277' title='bbox 1398 3875 1399 3932; x_wconf 58' lang='lat' dir='ltr'><strong>l</strong></span> 
     </span>
     <span class='ocr_line' id='line_1_36' title="bbox 252 4000 1317 4077; baseline 0.002 -21"><span class='ocrx_word' id='word_1_278' title='bbox 252 4000 510 4068; x_wconf 83' lang='lat' dir='ltr'><strong>Romanorum,</strong></span> <span class='ocrx_word' id='word_1_279' title='bbox 543 4001 733 4060; x_wconf 82' lang='lat' dir='ltr'><strong>incommodo</strong></span> <span class='ocrx_word' id='word_1_280' title='bbox 760 4002 841 4072; x_wconf 87' lang='lat' dir='ltr'><strong>looo;</strong></span> <span class='ocrx_word' id='word_1_281' title='bbox 871 4003 923 4060; x_wconf 82' lang='lat' dir='ltr'><strong>sed</strong></span> <span class='ocrx_word' id='word_1_282' title='bbox 945 4003 1024 4077; x_wconf 91' lang='lat' dir='ltr'><strong>quod</strong></span> <span class='ocrx_word' id='word_1_283' title='bbox 1048 4001 1167 4077; x_wconf 90' lang='lat' dir='ltr'><strong>quidam</strong></span> <span class='ocrx_word' id='word_1_284' title='bbox 1202 4003 1317 4060; x_wconf 87' lang='lat' dir='ltr'><strong>moris</strong></span> 
     </span>
    </p>
   </div>
   <div class='ocr_carea' id='block_1_5' title="bbox 0 0 1418 4640">
    <p class='ocr_par' dir='ltr' id='par_1_5' title="bbox 0 0 1418 4640">
     <span class='ocr_line' id='line_1_37' title="bbox 0 0 1418 4640; baseline 0 0"><span class='ocrx_word' id='word_1_285' title='bbox 0 0 1418 4640; x_wconf 95' lang='lat' dir='ltr'><strong> </strong></span> 
     </span>
    </p>
   </div>
  </div>
 </body>
</html>
