2822 4648
591 283 629 340 85
979 283 1036 333 Lib.
1055 283 1106 332 ΠΙ.

73 468 224 544 aliquid
245 465 334 526 mibi
356 466 526 532 animum.
559 483 616 522 non
645 463 775 525 afficit.
824 467 909 535 vid„
942 469 966 526 si
995 469 1068 526 tanti
1090 477 1144 538 ost,

73 593 144 649 quas
167 575 205 632 ad
226 573 350 641 XXXI,
375 573 422 642 ts,
446 575 463 629 4
487 571 625 628 dicantur.
1134 643 1137 651 Ι

165 678 262 755 'Cam
287 683 336 750 64,
359 681 377 735 3
401 679 462 750 (ubi
484 678 580 754 agitur
600 679 636 735 de
657 679 837 736 tribunorum
859 679 952 755 plebis
974 677 1093 737 consilio
1115 690 1144 737 st

74 787 134 844 sibi
169 795 197 843 et
228 785 393 844 consulibus
425 785 626 861 magistratum
659 784 872 862 continuandi):
921 783 1142 844 Consensum

74 903 222 968 patrum
258 892 523 957 causabantur,
567 909 635 965 quo
668 909 732 965 par
767 891 1024 948 contumeliam
1059 911 1144 950 con-

76 999 197 1056 sulum
219 998 300 1054 iura
329 995 448 1072 plebis
480 995 669 1053 labefacta
701 1005 836 1065 essent3
869 997 953 1072 quid
982 997 1142 1056 futurum

75 1104 236 1162 nondam
269 1101 429 1160 firmatis
462 1101 621 1177 legibus,
665 1103 694 1159 si
732 1120 847 1160 novos
879 1104 1048 1162 tribunos
1080 1124 1144 1181 per

76 1209 264 1266 factiones
285 1225 372 1265 suas
391 1207 563 1266 consules
586 1208 708 1265 adorti
724 1207 866 1266 essenti
894 1209 1143 1283 Quemadmodum

79 1315 262 1372 tribunorum
285 1313 394 1370 nomini
416 1313 588 1371 adiectivnm
611 1314 727 1370 additur
749 1313 899 1390 (novos),
918 1315 959 1372 sic
980 1318 1144 1374 necessario

78 1421 231 1478 consulum
262 1420 371 1477 nomini
391 1419 554 1476 addendum
580 1429 655 1486 erat;
688 1439 755 1476 nam
787 1419 884 1477 alios
905 1423 1037 1480 consules
1060 1425 1144 1480 time·

78 1529 154 1584 bant
177 1529 241 1599 (ant
261 1526 362 1583 timere
385 1525 475 1582 videri
499 1525 658 1598 volebant).
679 1525 795 1600 iugenio
817 1526 947 1584 diversos
970 1527 1072 1597 abiis,
1095 1527 1144 1602 qui

76 1652 158 1692 nunc
182 1643 292 1700 essent,
324 1632 401 1707 plebi
427 1632 513 1706 grati.
568 1632 682 1689 Deinde
708 1649 799 1707 pravo
828 1631 1011 1690 factiones
1039 1633 1143 1709 plurali

79 1759 203 1798 numero
233 1739 378 1806 dicuntur;
412 1738 460 1812 qui
490 1739 565 1794 enim
598 1738 774 1794 timebantur
802 1739 950 1824 consules,
982 1737 1030 1794 uni
1052 1738 1144 1813 plebis

80 1844 316 1903 adversariorum
339 1841 457 1900 factioni
492 1845 580 1902 dediti
603 1863 656 1918 per
682 1862 746 1900 eam
777 1863 864 1900 uuam
893 1845 1057 1918 aggressuri
1093 1844 1144 1902 tri-

80 1955 177 2008 bunos
211 1957 306 2014 erant;
332 1948 431 2006 'altera
459 1959 576 2006 senatus
607 1949 695 2006 factio
725 1948 817 2005 lenior
843 1958 872 2004 et
902 1950 1018 2007 Horatii
1049 1949 1146 2006 Vals-

80 2060 184 2132 rioqne
205 2055 308 2112 favens
329 2075 387 2112 non
409 2073 479 2112 sane
496 2065 631 2132 suspecta
646 2065 717 2112 erat.
756 2053 940 2128 Quamquam
959 2058 1014 2114 hoc
1029 2075 1145 2132 quoque

80 2183 205 2240 pravum
229 2173 285 2220 cst:
317 2181 409 2235 neque
433 2162 507 2219 enim
530 2161 671 2230 consules,
700 2162 749 2236 qui
770 2161 932 2236 imperium,
963 2171 1145 2238 potestatem.

79 2270 197 2326 lictores
219 2267 376 2336 habebant,
397 2266 621 2342 perfectiones.
644 2267 694 2324 sed
716 2267 805 2324 factio
827 2267 926 2324 onmia
948 2268 983 2324 ad
1006 2268 1145 2343 patricios

79 2377 198 2432 trahens
210 2393 264 2448 per
275 2373 406 2430 consules
420 2373 550 2430 tribunos
567 2373 717 2430 adoritura
732 2374 824 2432 videri
841 2383 965 2450 poterat.
989 2373 1144 2430 Postremo

79 2489 204 2556 apparet
233 2484 286 2546 (ex
313 2479 424 2537 verbis:
456 2497 667 2536 consensum
696 2489 839 2555 patrum
869 2478 1145 2554 causabantur),
1226 2465 1234 2478 ’

80 2587 211 2643 tribunos
235 2585 270 2642 de
291 2585 478 2660 patriciorum
501 2585 627 2642 consiliis
647 2585 736 2660 loqui,
759 2585 797 2642 ad
816 2603 879 2660 quoe
899 2585 1082 2660 exsequenda
1103 2586 1145 2642 iffi

79 2691 213 2748 consules
240 2689 313 2747 alios
335 2701 504 2765 quaererent,
535 2709 594 2748 non
617 2691 653 2747 de
674 2691 839 2750 consulibus
861 2691 1001 2748 factiones
1023 2692 1145 2748 incitan-

80 2797 166 2854 tibus.
218 2795 404 2854 Manifestum
428 2807 471 2853 est
496 2797 597 2872 igitur,
631 2797 745 2854 Livium
778 2798 940 2873 scripsisse:
970 2799 1002 2854 si
1032 2817 1145 2856 novos

79 2903 249 2959 tribunos
280 2921 343 2978 per
371 2903 548 2964 factiosis
580 2921 650 2966 sna
683 2903 852 2961 consules
885 2904 1087 2980 (popularibus
1117 2915 1144 2962 et

79 3009 173 3076 bonis,
196 3007 317 3064 Valerio
339 3009 531 3084 Horatioque,
551 3009 723 3082 contrarios)
746 3011 866 3068 adorti
894 3019 1023 3070 essant.
1081 3015 1145 3087 Αρ-

78 3125 176 3192 ρπεῐ.Ι
212 3114 249 3170 ad
281 3113 513 3189 praepositionem
543 3115 669 3188 proximi
698 3116 823 3174 nominis
855 3134 952 3172 casum
982 3135 1146 3174 accommo-

78 3223 179 3278 datum
202 3237 266 3276 esse
289 3220 364 3288 (vid.
388 3239 508 3295 prooem
541 3239 569 3296 p.
599 3225 664 3292 to);
697 3222 781 3296 quid,
810 3222 887 3296 quod
909 3222 938 3278 in
960 3221 1023 3278 eod.
1046 3223 1146 3280 archc-

77 3337 148 3402 typo
170 3325 323 3401 vestigium
346 3325 407 3382 vari
423 3325 538 3382 videtur
558 3327 717 3385 mansisse?
739 3347 806 3385 nam
828 3329 857 3386 in
873 3329 903 3384 M
917 3347 935 3384 a
948 3327 1042 3404 prima
1059 3348 1144 3386 manu

78 3443 122 3488 est
143 3432 331 3490 factionis.
362 3429 462 3503 (Cum
483 3449 553 3488 suae
574 3431 750 3491 factionis
773 3433 1146 3505 hominibusXXXIV‚

79 3541 176 3608 21,4;
198 3537 257 3594 ibd.
274 3539 367 3608 48,2;
391 3537 562 3595 consules
584 3549 792 3597 vestrarum
814 3541 973 3615 partium
997 3541 1052 3596 hoc
1071 3540 1146 3597 libro

77 3665 104 3704 c.
129 3649 178 3714 67,
204 3646 252 3712 9.)

164 3749 237 3826 Cap.
263 3753 310 3817 65,
335 3751 366 3806 6:
396 3749 632 3808 affirmantes
654 3752 820 3824 (consules),
843 3753 980 3810 urbano
1003 3771 1147 3828 quoquc

76 3858 159 3915 otio
191 3855 285 3912 foris
316 3849 437 3912 omnia
470 3856 676 3931 tranquilla
710 3875 804 3937 esse,
840 3877 904 3934 per
938 3857 1147 3916 discordias

77 3963 207 4022 civiles
232 3975 403 4022 externos
425 3961 557 4019 toffera
579 3962 729 4023 animos.
767 3963 903 4022 Dabebat
918 3964 988 4022 dici:
1008 3964 1147 4021 urbano

77 4069 157 4126 otio
186 4067 279 4124 foris
308 4087 465 4142 quoquo,
496 4087 550 4126 nec
577 4069 637 4128 ulla
664 4080 708 4128 est
729 4071 831 4127 mutati
854 4070 963 4128 ordinis
985 4071 1148 4138 excusatio;
