2810 4644
572 287 631 344 355
966 283 1025 335 Lib.
1042 283 1132 340 XXX.

166 465 238 543 Cap.
263 469 319 535 32,
348 471 365 524 5
389 467 438 544 (da
460 466 563 526 animia
584 467 716 538 militum,
738 485 827 543 quum
849 465 992 544 proelium
1014 469 1053 527 ad
1074 470 1132 528 Za·

71 592 151 631 mam
181 573 278 632 inituri
299 585 413 646 erant):
441 572 867 650 Contemplantibuaque
896 576 1000 634 modo
1022 593 1130 647 auam,

70 679 178 738 modo
201 681 360 740 boetium
382 681 511 748 aoiem,
540 699 646 756 quum
668 679 787 738 oonlia
809 682 923 756 megia
946 699 1052 757 quam
1069 701 1131 740 ra·

69 785 172 843 tione
193 799 390 863 pensarent
409 789 518 856 vires,
539 786 650 844 simul
674 785 766 855 laeta,
797 785 904 844 simul
925 788 1053 846 tristia
1074 789 1130 846 ob·

70 895 329 952 versabantur.
376 893 409 953 Si
429 892 527 950 stolidi
548 891 654 962 oculis,
675 909 735 948 non
758 891 872 950 ratione
894 902 1065 970 peneaeeent
1086 895 1131 952 vi·

69 1017 128 1070 ree,
148 999 219 1056 nihil
241 999 320 1058 alind
347 1000 403 1058 niai
423 1017 541 1056 enorum
571 1009 601 1056 et
621 995 747 1056 hostium
772 997 923 1057 multitudo
946 999 1131 1068 occurrisset;

69 1106 235 1164 mirandum
256 1116 353 1164 tamen
373 1115 465 1177 esset,
486 1123 539 1164 our
562 1106 662 1164 Livius
685 1106 761 1162 hune
783 1113 931 1179 stuporem
953 1124 1131 1164 commemo-

69 1213 183 1271 ratione
204 1214 322 1290 dignum
346 1221 485 1288 puteeeet.
529 1210 588 1272 Sed
611 1222 640 1270 at
661 1229 725 1288 quae
746 1210 912 1286 praecedunt
941 1221 970 1269 et
1000 1229 1065 1286 qua
1085 1229 1131 1270 ee·

72 1329 208 1393 quantur,
229 1319 401 1391 ostendunt,
425 1337 491 1376 eum
512 1319 568 1376 hoo
590 1336 743 1388 narrasse,
771 1317 893 1374 militum
916 1317 1019 1375 animia
1040 1317 1130 1376 totino

72 1423 139 1482 belli
161 1425 279 1501 eiusque
300 1443 420 1483 casuum
443 1423 613 1482 memoriam
635 1425 823 1482 obversatam
845 1439 909 1480 aeae
930 1440 1038 1498 eoaque
1048 1424 1130 1482 varie

72 1532 215 1590 affecisse.
258 1535 363 1607 Itaque
386 1539 453 1588 ante
476 1529 583 1586 multos
604 1547 697 1586 annos
718 1529 927 1586 adnotaveram
948 1528 1131 1588 scribendum

70 1656 148 1696 eaeo:
171 1657 273 1713 quum
299 1657 369 1695 non
399 1634 515 1694 oeulis
547 1633 662 1710 magia
690 1653 795 1709 quam
826 1634 970 1691 ratione
999 1653 1129 1710 penea-

70 1755 152 1802 rent
172 1745 283 1813 viram
303 1745 437 1818 idemque
459 1740 696 1798 Weissenbornio
717 1739 747 1796 in
766 1750 889 1798 mentem
911 1741 1033 1811 venisse,
1054 1760 1131 1801 nuno

70 1850 168 1921 video,
188 1869 242 1908 neo
262 1861 359 1908 umen
380 1849 500 1906 firmiter
527 1848 766 1922 comprehensum
788 1863 859 1904 ease.
911 1845 1039 1905 Similem
1062 1866 1130 1906 ora·

70 1957 158 2015 tionia
180 1955 304 2014 formam
326 1957 387 2014 hmo
408 1955 517 2012 habent
543 1953 572 2011 in
594 1953 702 2024 XLII,
727 1956 779 2024 ll,
804 1955 837 2010 2:
858 1953 1130 2030 praoeoupatie

70 2083 142 2121 non
164 2065 315 2122 auribus
337 2061 454 2138 magis
477 2077 581 2136 qnam
603 2059 742 2119 animis.
801 2057 985 2118 Contrariam
1015 2067 1129 2116 eonten-

68 2171 141 2229 tiam
164 2170 264 2230 Livius
285 2169 383 2246 posuit
404 2169 459 2239 vl,
486 2169 531 2236 13,
556 2170 586 2224 l:
609 2165 807 2224 multitudo
830 2164 1007 2233 hostium,
1035 2163 1129 2221 nulli

70 2277 125 2334 rei
152 2287 393 2352 praeterquam
424 2291 573 2332 numero
603 2271 701 2330 freta
730 2279 765 2329 et
796 2269 912 2328 oeulis
941 2279 1131 2346 utramque

71 2384 223 2442 metiens
244 2381 370 2440 aciem.
381 2375 413 2454 ¹)

73 2584 269 2593 ..α-

142 2699 218 2748 quam
237 2685 269 2734 de
288 2698 319 2732 eo
337 2681 449 2746 reperiet
466 2681 510 2730 aed
529 2679 629 2728 etiamei
647 2678 674 2726 in
692 2676 811 2726 omnibu·
830 2675 973 2734 eodioibm,
986 2675 1061 2726 bonit
1074 2689 1128 2726 ma·

144 2777 254 2834 liaabeit
266 2775 362 2826 lineola
379 2775 469 2824 littera
487 2789 510 2826 nr
529 2773 614 2832 index,
628 2785 710 2834 neque
730 2769 832 2820 ablativi
843 2782 925 2832 neque
944 2766 1130 2817 cohibendo

143 2869 198 2919 eine
216 2869 362 2918 aeooeativo
380 2867 491 2930 potitum
510 2865 570 2915 ferri
588 2871 681 2930 potest.
718 2861 759 2912 Se
784 2861 812 2909 in
835 2875 897 2910 vera
915 2861 1040 2925 scriptura
1069 2859 1131 2926 (ei-

142 2962 301 3013 lerentem
321 2976 353 3010 ao
376 2957 556 3022 fortunam)
581 2957 662 3006 nihilo
686 2955 770 3004 minue
796 2954 829 3003 ad
857 2951 987 3002 fortunam
1011 2951 1130 3006 relartnr.

144 3055 274 3116 Quoniam
293 3055 319 3104 in
338 3055 387 3104 hoo
406 3053 488 3118 eapite
508 3050 648 3114 aliquoties
666 3048 775 3096 aliorum
803 3061 900 3097 erronee
924 3047 1061 3110 castigavi,
1085 3046 1131 3096 ad·

143 3149 211 3208 dam,
231 3162 272 3197 me
289 3147 374 3211 ipsum
390 3146 416 3194 iu
434 3147 552 3210 proximo
571 3143 700 3208 superiora
720 3140 804 3205 eapite
822 3139 932 3203 (29)§4
951 3137 1131 3202 (Hannibal

143 3240 226 3290 nihil
254 3240 381 3302 quidem
402 3253 512 3286 eornm
531 3275 539 3291 .
559 3271 592 3286 ..
620 3235 696 3286 lato
715 3233 823 3282 animo
842 3232 964 3291 audiit,
994 3230 1131 3280 maxime

142 3334 250 3382 hostie
268 3332 399 3382 iiduoia
418 3367 424 3380 .
445 3367 452 3380 .
472 3367 478 3380 .
496 3325 681 3395 peroniano)
700 3340 753 3375 non
771 3333 839 3375 reete
858 3325 921 3374 olim
934 3323 1131 3390 probaeaeDra·

141 3425 290 3474 kenborolrii
309 3426 491 3482 aeneatorum,
510 3437 587 3486 qoam
606 3421 682 3469 etiem
702 3416 747 3466 W.
767 3425 870 3466 aeontne
889 3425 936 3474 eet,
955 3431 988 3466 ex
1008 3417 1042 3474 ei,
1062 3416 1130 3478 qnod

142 3519 168 3566 in
187 3518 316 3567 oodioibne
334 3527 395 3582 poet
412 3517 549 3566 maxime
568 3513 678 3568 additur.
698 3511 837 3560 eoilieet
854 3507 995 3558 efficientia.
1032 3507 1130 3556 Verum

142 3613 167 3662 id
185 3612 235 3662 hoo
253 3610 320 3670 looo,
340 3610 383 3659 nbi
401 3608 559 3660 contentioni
588 3605 685 3670 (nihil
703 3601 1044 3668 quidem)“euperedditur
1060 3598 1130 3648 alind

142 3706 232 3762 meina,
248 3704 307 3768 poni
326 3719 378 3754 uon
392 3705 483 3768 potuit.
525 3700 594 3761 Quid
609 3699 699 3757 eubeit,
718 3695 820 3756 oeeoio;
840 3695 872 3744 ed
884 3693 950 3744 Livii
968 3689 1131 3742 comendi-

141 3813 200 3848 nem
221 3796 378 3861 optieeimnm
398 3804 477 3846 estete
503 3794 675 3852 ..audiit;
701 3783 865 3856 [ceterum]
900 3786 1040 3836 maxime
1069 3817 1131 3836 ...

142 3890 318 3956 peroniano
343 3897 396 3939 aet.
434 3889 485 3940 Sed
505 3903 536 3938 eo
554 3886 664 3950 vestigia
682 3898 733 3933 uon
755 3881 859 3932 ducunt.

88 3979 115 4050 ¹)
142 3983 486 4050 cep.at‚1neqnepor
509 3980 672 4030 adventuo
697 3975 746 4024 toi
772 3987 857 4038 apem
885 3983 944 4035 pro:
969 3969 1131 4020 adventus

141 4079 187 4130 tui
207 4093 261 4144 epe
278 4077 413 4128 livianum
440 4084 477 4124 eet
497 4086 579 4136 neque
604 4073 643 4122 ab
661 4071 825 4120 adventas
844 4065 889 4114 tui
908 4077 978 4128 προς
996 4064 1083 4127 itaque
1106 4063 1133 4112 in
