2810 4644
272 255 330 304 Lib.
341 255 467 305 xxvln.
771 260 831 316 336

272 440 378 498 tionem
406 451 465 498 tres
497 442 574 518 apud
603 441 876 500 Drakenborcbinm
906 441 1019 499 codices
1057 453 1183 500 recentes
1210 443 1322 512 habent,

273 548 387 604 sublata
407 565 480 604 voce
500 549 615 618 modo,
638 567 697 623 qua
717 558 780 605 tota
800 545 942 604 sententia
963 547 1116 617 evertitur,
1144 548 1185 604 sic
1205 548 1323 623 scripse·

272 663 350 712 runt:
372 653 555 711 consulem
575 673 728 729 peceare
750 654 921 720 arbitror,
943 653 1002 727 qui
1130 673 1203 710 non
1226 673 1323 711 sena·

272 769 401 830 torem,
430 759 490 833 qui
511 770 564 816 cet.
618 759 730 819 Similia
752 759 950 816 additamenta
980 777 1016 815 ex
1038 760 1094 817 hae
1115 759 1224 816 decade
1243 759 1325 836 posui

271 884 300 940 p.
325 860 428 935 208.¹)
471 864 515 936 (Si
539 865 604 939 quis
626 866 779 923 conabitur
804 884 873 922 non
896 875 1102 922 senatorem
1133 865 1237 923 modo
1259 885 1325 924 con·

271 970 389 1046 iungere
400 989 464 1027 cum
475 970 547 1028 illis:
569 981 734 1029 senatum
750 970 819 1029 lud.
831 972 948 1040 habet,
963 969 1113 1028 ridiculam
1127 970 1232 1030 efficiet
1245 991 1327 1048 sepa·

271 1076 413 1134 rationem
436 1087 553 1134 senatus
575 1079 709 1135 etunius
731 1077 872 1134 senatoris
894 1077 1070 1151 adiectaque
1085 1077 1161 1134 illius
1182 1079 1328 1136 sententie

271 1183 411 1240 relativae:
434 1181 503 1257 qui,
526 1183 660 1258 dequo
683 1195 735 1241 etc.
757 1183 900 1240 rationem
923 1201 1043 1258 prorsus
1064 1189 1232 1259 pervertet)

354 1287 507 1365 Capti,
543 1293 558 1346 7
583 1293 650 1348 et8
682 1290 724 1364 (in
746 1289 847 1346 eadem
877 1287 913 1361 Q.
936 1287 1022 1345 Fabii
1043 1289 1201 1358 oratione):
1233 1289 1327 1363 Quin

270 1393 384 1469 igitur
416 1395 459 1451 ad
495 1395 563 1452 hoo
593 1395 821 1471 accingeris,
854 1411 920 1450 nec
940 1413 1005 1468 per
1023 1395 1116 1451 istos
1143 1395 1327 1463 circuitus,

270 1509 317 1568 ut,
339 1518 445 1574 quum
466 1500 501 1557 in
523 1500 692 1558 Africam
718 1499 929 1568 traieceris,
950 1511 1155 1558 secuturum
1183 1513 1219 1559 te
1240 1501 1327 1559 illuc

270 1605 514 1663 Hannibalem
539 1625 674 1682 speres,
689 1606 813 1683 potins
835 1623 938 1680 quam
959 1617 1061 1664 recto
1082 1607 1163 1664 hinc
1183 1609 1326 1674 itinere,

270 1711 330 1767 ubi
360 1712 549 1769 Hannibal
579 1722 650 1782 est,
684 1731 723 1770 eo
752 1711 885 1768 bellum
915 1711 1096 1768 intendis?
1141 1713 1326 1788 egregiam

269 1815 376 1872 istam
397 1817 554 1891 palmam
583 1818 672 1875 belli
693 1817 828 1874 Punici
849 1818 995 1892 patrati
1015 1817 1129 1893 petis?
1171 1819 1326 1876 Postrema

269 1922 331 1978 hoec
357 1921 549 1996 interrogatio
580 1923 621 1980 sic
660 1941 789 1982 seorsum
821 1923 918 1998 posita
946 1923 1045 1998 inepta
1074 1932 1125 1979 ast.
1181 1922 1325 1998 Quoniam

270 2028 345 2085 anim
367 2029 403 2085 de
424 2028 571 2086 voluntate
594 2029 737 2104 Scipionis
758 2029 883 2086 dubitari
904 2029 1012 2104 nequit,
1034 2028 1099 2085 ideo
1113 2039 1226 2088 tantum
1240 2031 1326 2087 inter-

269 2143 402 2208 rogatur,
423 2143 456 2190 ut
477 2133 669 2210 adiungatur,
696 2137 765 2210 quid
794 2137 832 2192 ad
863 2153 927 2192 eam
948 2153 1009 2190 rem
1030 2137 1262 2210 consequendam
1285 2133 1325 2191 f-

272 2237 402 2295 ciendum
423 2239 468 2296 sit.
516 2239 626 2297 Verum
642 2241 712 2298 nihil
733 2241 873 2299 dusmcdi
898 2240 1027 2314 sequitur
1047 2240 1201 2316 potiusque
1216 2243 1246 2299 id
1262 2249 1325 2297 ante

272 2343 378 2401 dictum
408 2355 452 2402 est
474 2353 551 2414 (nec
578 2358 732 2406 ..recto
759 2349 897 2405 itinere
926 2390 955 2406 ..
992 2364 1032 2402 ιο
1054 2346 1186 2404 bellum
1210 2350 1323 2405 inten-

272 2448 371 2524 dist).
421 2451 478 2510 Sed
506 2469 543 2507 ne
573 2451 770 2526 superioribus
798 2453 913 2528 quidem
941 2452 1059 2527 adiungi
1080 2453 1248 2529 simpliciter
1268 2455 1325 2511 hee

271 2552 458 2628 interrogatio
480 2567 576 2631 potest
597 2555 643 2630 (et
667 2559 850 2634 egregiam
879 2557 962 2632 ..?)‚
985 2559 1120 2633 quoniam
1141 2559 1220 2616 nulla
1243 2560 1272 2616 in
1293 2575 1324 2612 ea

272 2657 442 2734 significatio
464 2670 508 2717 ast
529 2661 597 2732 vire,
621 2680 680 2736 qua
703 2661 840 2719 utendum
863 2661 917 2734 sit,
940 2683 1004 2738 quae
1026 2676 1110 2734 esset,
1132 2665 1157 2720 si
1178 2665 1220 2722 sic
1243 2666 1324 2722 inter·

273 2873 470 2884 ..-—-—.

297 3029 321 3094 ι)
338 3029 423 3078 Lubet
438 3045 495 3080 enm
515 3035 699 3096 antiquissima
726 3035 752 3082 in
776 3034 890 3083 Livisnn
910 3036 1039 3084 codicibus
1058 3036 1262 3100 interpolationis
1280 3047 1321 3082 ex·

343 3121 434 3185 emplis
449 3132 511 3173 orta
530 3141 563 3174 ex
581 3142 658 3190 pravo
676 3126 808 3176 intellectu
826 3128 957 3176 sententias
982 3143 1034 3177 non
1058 3127 1167 3177 difficilia
1191 3137 1216 3176 et
1239 3127 1321 3177 lormoe

341 3217 614 3282 orationisperspicute
634 3217 1072 3282 coniungeresimileexeuiplumcx
1091 3221 1233 3284 antiquiore
1253 3217 1321 3267 Cice·

342 3310 411 3358 renis
439 3310 543 3369 codiee,
563 3325 638 3373 quam
658 3311 778 3360 Livianus
794 3309 861 3358 nllus
880 3321 931 3370 est,
958 3311 1195 3362 manifestissimum
1214 3325 1261 3360 nec
1286 3317 1321 3356 ts·

342 3415 399 3452 men
417 3417 433 3450 a
452 3417 579 3467 quoquam
598 3403 810 3454 animadversum.
847 3401 913 3450 Nam
931 3402 945 3450 1
963 3403 994 3450 de
1013 3419 1065 3468 rep.
1085 3410 1133 3464 st,
1153 3409 1198 3462 51,
1218 3404 1262 3452 ubi
1282 3399 1321 3450 ei-

342 3509 400 3544 cero
420 3496 532 3558 scripsit:
553 3511 662 3550 nornen
681 3494 735 3543 1111
753 3493 924 3558 principes
944 3497 1142 3561 optimatium
1162 3497 1321 3546 mordicus

342 3590 467 3647 tenent,
487 3604 519 3642 rc
538 3599 648 3637 autem
667 3591 788 3646 carent,
817 3587 935 3636 librarius
966 3603 1043 3652 quum
1069 3603 1103 3636 re
1129 3603 1174 3652 pro
1205 3585 1321 3637 adverbio

342 3693 456 3742 reapse
475 3680 623 3743 accepisset,
643 3680 735 3729 additis
753 3679 858 3728 vocibus
877 3693 912 3728 eo
930 3681 1068 3746 nominc,
1083 3683 1203 3730 orationis
1216 3681 1321 3731 sormam

342 3781 367 3819 et
385 3771 553 3821 membrorum
572 3774 685 3838 pondere
712 3772 890 3834 insignitorum
914 3773 981 3821 inter
1006 3788 1033 3822 se
1063 3774 1225 3834 relationem,
1250 3783 1319 3835 quum

342 3863 482 3912 litterarum
510 3863 597 3915 lormis
619 3863 775 3927 significavi,
794 3864 965 3928 pessumdedit
982 3861 1127 3929 effecitque,
1154 3875 1182 3914 nt
1211 3865 1322 3914 dicantur

341 3957 466 4020 principes
485 3955 521 4004 1111
541 3971 627 4006 carere
646 3971 678 4006 eo
699 3958 811 4018 nomine,
830 3955 898 4021 quod
919 3963 1028 4004 teneant.
1064 3955 1123 4005 Non
1143 3957 1244 4006 nomine
1256 3964 1321 4003 care·

340 4047 410 4106 bant,
430 4049 473 4096 sed
491 4063 526 4096 re.
