2822 4648
299 259 356 309 Lib.
375 258 424 308 lx.
769 262 826 318 176

264 444 442 504 semodio
463 443 591 520 lapsos
612 442 1337 519 victoriaeposseesionempnceineerta

264 560 432 610 mutasse.
498 551 588 608 Recte
620 551 676 607 boo
708 549 839 608 Antonio
871 549 1025 608 Perizonio
1064 549 1220 624 displicuit3
1260 569 1335 608 nem

214 697 221 712 .
264 656 379 716 medie
401 656 476 713 tabi
496 655 576 713 nullo
597 655 735 730 loquendi
749 673 802 712 usu
824 653 995 728 defenditur,
1016 655 1092 713 Isbi
1114 663 1210 712 eutem
1232 657 1337 714 inter

264 762 380 820 medis
403 760 486 839 (duo)
511 762 684 830 consilia,
715 770 747 818 ut
768 761 814 830 sit,
835 773 959 836 utroque
980 763 1132 837 repudiato
1154 762 1270 819 tertium
1297 781 1335 820 nc

264 869 390 928 medium
419 869 517 942 sequi,
550 885 669 944 prorsus
695 867 821 925 absurde
853 866 972 934 dIcitur,
1005 868 1171 944 frustraque
1192 869 1332 926 Draken-

264 974 399 1034 borchius
418 983 450 1030 et
469 972 723 1032 Weissenboruius
745 973 891 1030 advocent
911 974 1052 1032 eiusmodi
1074 975 1216 1050 exemplo,
1242 974 1333 1050 quale

265 1091 321 1138 ost:
343 1099 406 1162 per
426 1079 564 1137 medios
586 1080 748 1137 Threces
770 1079 838 1150 ire,
870 1077 1061 1152 simileesset,
1082 1081 1107 1138 si
1129 1082 1207 1156 quis:
1228 1083 1333 1144 luter

264 1186 402 1244 medios
423 1183 628 1261 Campanos
656 1204 696 1243 oc
724 1187 906 1244 Romanos
935 1185 989 1244 ire
1015 1186 1150 1254 dixisset,
1180 1194 1213 1244 ut
1243 1197 1332 1256 esset,

265 1292 390 1350 medium
410 1292 467 1362 ire,
497 1301 614 1350 neutros
636 1292 834 1367 attingentem.
863 1292 965 1350 Liuius
986 1304 1047 1360 eut,
1073 1291 1151 1368 quod
1172 1292 1331 1350 Perizonio

264 1399 386 1476 placuit,
418 1398 534 1455 medio
565 1399 690 1474 lapsos
719 1397 835 1473 scripsit
863 1407 913 1456 eut
933 1398 1043 1474 potius:
1073 1398 1172 1456 inter
1194 1416 1268 1472 quoe
1292 1418 1330 1456 se

265 1505 382 1562 medie
402 1503 532 1579 lapsos
557 1505 616 1566 rlr
638 1505 805 1562 victorie
825 1503 1099 1580 possessionem
1131 1514 1185 1566 eet.
1234 1504 1332 1562 Error

265 1630 352 1686 quem
382 1609 475 1667 facilis
496 1609 583 1668 fuerit
608 1610 652 1687 (ut
673 1611 732 1668 vis
753 1622 820 1668 ente
841 1609 878 1666 vi
899 1609 1065 1684 excideret),
1088 1619 1217 1686 apparet.

350 1715 423 1791 Cep.
452 1718 496 1785 13,
519 1721 551 1773 l:
583 1717 716 1792 Itaque
738 1734 806 1773 non
831 1714 903 1772 lusi
925 1717 1029 1773 modo
1051 1717 1175 1774 hostes
1196 1717 1329 1781 (Somni-

264 1833 308 1880 tes
330 1841 349 1879 o
370 1823 406 1895 Q.
428 1821 555 1880 Publilio
577 1823 708 1897 consule)
730 1831 829 1886 sunt.
856 1821 919 1878 sed
948 1839 989 1878 ne
1017 1821 1153 1879 cestris
1182 1821 1329 1896 quidem

264 1927 340 1986 suis
361 1927 482 2003 iugem
504 1928 680 2004 impedire
698 1927 959 2002 aueiApulienr
976 1927 1152 2004 dissipati
1174 1927 1327 2002 petiere.

264 2032 342 2106 Quid
377 2034 415 2090 sit
445 2033 580 2092 cestris
612 2034 688 2091 suis
721 2031 841 2108 lugam
874 2034 1068 2110 impedire,
1102 2051 1160 2092 nou
1182 2033 1329 2116 intelligo}

263 2137 451 2214 intelligerem
476 2139 615 2206 fortasse,
645 2139 669 2196 si
690 2149 766 2196 esset
787 2139 924 2196 cestris
953 2139 1097 2196 tuendis
1119 2137 1240 2214 fugem
1262 2140 1328 2196 im-

266 2245 404 2322 pedire,
434 2244 487 2302 etsi
517 2263 553 2300 ne
580 2245 622 2302 sic
652 2245 768 2320 quidem
797 2245 1021 2321 impediendi
1051 2246 1170 2303 verbum
1198 2245 1234 2302 de
1256 2243 1328 2320 luge

265 2350 441 2410 retardanda
463 2359 551 2425 etque
573 2352 808 2426 interrumpendo
837 2361 937 2427 aptum
958 2360 1042 2410 esset.
1094 2351 1269 2421 Videndum,
1291 2371 1329 2408 ne

267 2457 367 2516 Livius
397 2456 427 2512 id
454 2456 549 2532 ipsum
570 2457 700 2531 posuerit
721 2458 852 2527 verbum,
879 2457 985 2532 quoin
1007 2456 1169 2514 snerrnndo
1191 2455 1328 2513 Alschef-

266 2564 345 2624 slrius
367 2581 436 2620 usus
458 2571 516 2634 est,
539 2555 751 2641 inhibere.¹)

350 2667 431 2748 Cep.¹
449 2671 502 2738 16,
528 2669 565 2725 13
594 2667 659 2736 (ubi
680 2667 717 2724 de
738 2669 773 2727 L.
790 2669 910 2744 Papirio
932 2666 1058 2726 Cursore
1079 2666 1187 2743 egitur)
1210 2667 1326 2726 Livium

266 2775 373 2834 dixisse
404 2774 534 2831 virium
569 2773 618 2843 vi,
655 2773 761 2848 plureli
799 2783 829 2831 et
860 2773 998 2848 singulari
1035 2773 1163 2830 eiusdem
1191 2773 1328 2830 vocabuli

285 3034 309 3102 ι)
336 3037 434 3087 Eodem
454 3053 509 3102 cop.
534 3039 548 3100 ξ
570 3045 600 3088 10
628 3042 709 3088 codex
727 3040 880 3105 archetypus
898 3040 1000 3099 hebuit,
1028 3047 1057 3088 ut
1082 3039 1178 3088 editur:
1212 3039 1324 3088 consul

336 3131 470 3179 virtore
495 3132 646 3180 exercitu
671 3133 821 3192 advenit3
850 3147 897 3181 nec
921 3141 1008 3182 temen
1034 3134 1118 3182 omnis
1141 3130 1267 3178 dubitatio
1295 3132 1327 3180 dc

337 3223 517 3286 propositione
536 3239 604 3272 oum
624 3225 743 3273 addends
760 3225 913 3274 excluditur.
950 3225 1015 3274 Nem
1034 3227 1102 3287 quod
1122 3223 1215 3289 usitate
1234 3223 1328 3272 dicitur

336 3329 451 3378 magno
481 3317 634 3365 exercitu
662 3317 790 3370 ceolre.
820 3317 1003 3378 instructo,
1022 3317 1148 3368 infesto
1177 3317 1326 3366 exercitu

336 3409 459 3466 venire,
485 3409 529 3458 ubi
553 3417 598 3458 eut
621 3409 752 3473 copiarum
772 3408 910 3458 multitudo
935 3417 981 3456 eut
998 3409 1089 3458 modus
1107 3415 1133 3456 et
1150 3407 1232 3458 forms
1250 3411 1326 3459 eundi

336 3500 507 3563 rignideetur,
536 3517 587 3552 non
606 3503 727 3551 continuo
753 3501 820 3550 idem
840 3502 967 3551 ablativus
985 3502 1042 3551 sine
1060 3503 1239 3566 propositione
1256 3504 1327 3552 reni-

336 3593 394 3642 endi
417 3595 501 3644 verbIs
526 3596 628 3644 additur
651 3595 772 3643 adiuncto
797 3595 921 3644 eiusmodi
946 3595 1087 3654 adiecero,
1111 3595 1180 3659 quod
1199 3595 1326 3645 exereitus

336 3687 452 3736 habitum
477 3696 503 3735 et
528 3689 708 3753 proprietatem
728 3687 854 3749 significet
881 3689 1023 3750 (victore
1053 3688 1200 3738 exercitu
1230 3688 1329 3736 sdve-

335 3779 427 3844 nire).
464 3780 521 3831 Lib.
545 3779 592 3841 111,
613 3785 655 3840 24,
675 3785 690 3829 8
711 3789 737 3829 et
753 3779 854 3840 XXIII,
877 3787 901 3838 2.
920 3786 935 3829 ³
954 3780 1098 3845 prnpositio
1121 3781 1235 3840 additum
1259 3783 1327 3842 quod

335 3871 436 3930 XXIII,
457 3877 498 3932 41,
519 3878 532 3920 5
552 3872 647 3936 legitur
663 3874 793 3923 victore
812 3874 961 3923 exercitu
982 3871 1092 3920 urbem
1120 3873 1264 3936 aggredi,
1293 3875 1328 3923 ibi

337 3966 498 4014 instrumenti
528 3965 600 4014 notio
627 3965 722 4018 subest.
769 3965 841 4015 Nihil
866 3966 974 4026 definio;
999 3979 1059 4014 nem
1088 3966 1181 4030 exiguo
1206 3965 1256 4014 line
1274 3965 1332 4016 hac

337 4065 501 4120 separentur,
519 4057 580 4120 quid
600 4067 683 4106 temen
703 4055 813 4118 differet,
835 4059 1000 4108 enlmedverti
1019 4059 1087 4108 volo.
