2820 4646
610 241 669 299 sta
697 207 700 214 ⁵
1005 241 1062 291 nu.
1072 241 1170 294 xn1v.

106 429 202 487 minus
225 435 287 486 arat
308 425 576 504 reprehendendus;
602 445 656 484 nec
675 424 844 498 intelligitur
864 423 1087 500 significaturus,
1119 445 1172 486 cur

106 554 194 593 nemo
216 553 304 592 ausus
325 534 363 592 sit
384 532 544 592 consulenti
559 532 695 602 suadem
717 529 821 588 saltam
840 548 927 588 vera
948 533 1102 591 suadere
1124 533 1171 592 di-

108 641 231 698 cendum
254 647 330 709 erat3
363 638 414 696 sed
445 638 507 714 ipsa
529 637 630 696 Livius
659 636 821 714 (superiore
847 636 979 712 ospitat
1007 639 1054 712 tr)
1077 645 1169 716 appa2

106 745 199 802 ruisse
222 745 332 802 Perseo
354 743 436 814 dixit,
466 743 536 818 quid
557 762 667 816 omnes,
696 743 722 801 si
745 742 916 814 consuleret,
937 745 1053 802 suasuri
1075 755 1172 804 essent

106 851 168 926 (ut,
198 850 276 926 quod
303 849 436 920 nolebat,
463 850 587 925 pecunia
615 851 685 908 data
714 849 869 908 Gallorum
897 869 988 926 opera
1017 856 1170 924 uteretur).

106 957 213 1032 Itaque
234 956 395 1014 consulenti
415 956 477 1032 regi
498 965 527 1013 et
548 957 672 1015 suadere
693 966 723 1015 et
743 975 814 1013 vara
829 956 953 1014 suadere
967 957 1168 1033 patelierent.

106 1063 271 1139 scripserat
293 1061 406 1119 Livius:
429 1081 535 1137 quum
556 1063 717 1121 suadere
739 1081 808 1124 neu
831 1061 1043 1120 consulenti
1064 1082 1169 1122 nemo

106 1169 268 1226 auderet.
311 1167 378 1226 Hoc
399 1168 493 1244 ipsum
515 1169 594 1240 dicit,
608 1169 728 1240 Persea,
751 1187 839 1244 quum
861 1169 956 1240 sciret,
978 1187 1078 1226 omnes
1100 1187 1170 1226 con·

106 1273 228 1331 trarium
250 1273 295 1344 ai,
329 1275 407 1350 qnod
439 1283 569 1349 optaret,
599 1293 737 1334 suasuros
762 1293 840 1343 esse,
871 1285 1046 1351 exprompta
1073 1273 1169 1350 ipsum

107 1379 240 1438 oratione
270 1379 307 1436 de
335 1379 490 1438 Gallorum
521 1381 645 1456 perfidia
676 1390 706 1438 et
740 1379 865 1451 feritate,
898 1400 957 1438 non
989 1380 1166 1438 consulendo

107 1495 209 1544 contre
231 1485 344 1544 dicendi
365 1487 461 1544 locum
493 1505 552 1542 non
573 1485 696 1544 dedisse.
758 1487 838 1545 Non
868 1496 935 1544 ante
971 1505 1036 1544 con
1069 1486 1169 1544 omissi

106 1611 166 1650 non
186 1610 255 1649 rara
277 1592 411 1668 exempla
433 1602 500 1650 sunt
520 1599 550 1649 et
569 1591 600 1648 in
615 1591 738 1650 aliorum
755 1593 903 1652 codicibus
928 1603 957 1650 et
978 1592 1008 1649 in
1030 1593 1116 1664 Livii,
1137 1603 1169 1650 ut

107 1697 149 1767 ΙΙ,
172 1700 221 1766 45,
244 1700 261 1753 4
284 1697 314 1754 in
336 1698 426 1770 Med„
447 1699 477 1756 in
498 1696 627 1757 Vindob.
650 1699 752 1770 XLII,
777 1703 823 1772 14,
847 1695 909 1771 8.¹)
953 1701 1001 1758 Dc
1022 1699 1169 1758 contrario

107 1821 207 1860 errore
228 1801 289 1860 dixi
311 1805 349 1861 ad
364 1805 421 1876 IV,
436 1809 463 1876 4,
479 1807 496 1862 9
512 1823 541 1880 p.
558 1806 610 1864 90.
654 1805 798 1863 Extremo
821 1807 916 1883 capite
937 1811 952 1878 ξ
978 1807 1014 1864 12
1035 1813 1085 1878 (-
1099 1825 1169 1864 nam

107 1913 122 1978 ς
145 1909 163 1966 9
187 1907 246 1966 iam
277 1907 446 1968 Gronovius
474 1910 575 1968 misit
604 1929 658 1986 pro
680 1911 792 1970 missa
815 1913 902 1972 scribi
923 1912 1007 1970 iussit
1030 1912 1083 1988 -·)
1106 1913 1168 1970 lucc

106 2014 245 2072 eduntur:
268 2014 346 2074 Hoc
367 2016 494 2073 audito
516 2017 688 2089 Perseus,
707 2017 942 2076 contraxisse
969 2037 1045 2076 sum
1075 2016 1169 2092 (Gen-

106 2122 190 2191 tium)
211 2120 455 2179 necessitates
476 2131 579 2179 ratus
603 2123 647 2180 ad
678 2124 812 2181 bellurn
836 2124 961 2199 utique
994 2143 1069 2182 enm
1103 2125 1168 2181 Ro·

107 2228 239 2305 manis,
280 2227 322 2284 ad
356 2228 615 2300 revocandum,
658 2230 717 2304 qui
752 2229 941 2306 pecuniam
975 2229 1169 2306 portabat,

106 2335 217 2406 misit,
250 2351 315 2409 quse
348 2333 438 2390 tacite
465 2335 661 2409 praetermissa
682 2335 788 2406 miror,
821 2334 876 2392 nisi
904 2335 983 2411 quod
1003 2335 1167 2392 dubitatum

105 2449 161 2511 est,
182 2459 220 2498 an
242 2439 329 2498 scribi
351 2447 511 2514 oporteret:
545 2441 588 2498 ad
609 2439 854 2510 revocandos,
888 2441 948 2515 qui
976 2440 1169 2518 pecuniam

105 2547 321 2625 portabant.
365 2547 442 2604 Nam
458 2564 552 2620 neque
575 2547 819 2606 necessitates
840 2545 945 2622 plurali
969 2565 1089 2604 numero
1104 2546 1169 2608 h.l

109 2731 130 2738 -
138 2705 284 2738 -Λωη
299 2733 305 2738 .

125 2843 152 2914 ¹)
170 2849 201 2899 In
220 2847 352 2901 Ciceronis
371 2851 525 2902 Cluentiana
545 2866 568 2904 o.
587 2855 629 2912 ⁴5,
648 2854 695 2901 127
723 2853 852 2903 verissima
878 2852 1020 2904 Lambinus
1043 2853 1167 2904 raadtnit:

178 2945 244 2993 Ant
262 2945 349 2994 illud
368 2943 531 3008 asserant,
556 2942 682 3008 aliquid
702 2960 788 3006 sese,
812 2947 897 3011 quod
916 2947 951 2996 da
970 2946 1021 2996 his
1040 2947 1168 2998 dnobus

179 3037 359 3086 habuerint
377 3046 589 3102 compertam,
610 3037 646 3086 da
665 3039 786 3088 catoris
804 3053 868 3087 non
887 3040 1091 3104 comperisse,
1109 3055 1169 3106 pro:

177 3131 215 3179 de
235 3130 357 3179 ceteris
377 3131 580 3194 comperisse.
615 3131 735 3180 Postulat
748 3129 846 3191 Cicero,
865 3139 893 3180 ut
905 3133 1062 3192 ostendatur,
1081 3145 1170 3198 reapse

179 3237 298 3272 censores
321 3223 419 3287 aliquid
446 3223 577 3286 singulare
600 3223 627 3271 in
652 3223 752 3274 duobos
770 3223 821 3274 illis
846 3225 985 3284 iudicibus,
1015 3239 1080 3287 qnos
1099 3225 1169 3274 solos

178 3317 329 3374 notaverint,
354 3315 521 3378 comperisses
548 3315 663 3380 alioquin
686 3331 714 3366 ae
739 3317 924 3366 affirmaturum
951 3315 1087 3380 significat,
1106 3316 1170 3366 nibil

178 3407 261 3458 valere
287 3408 356 3458 illam
382 3407 479 3456 incerto
502 3421 603 3458 rumora
624 3423 770 3472 expressam
795 3411 981 3472 notationem',
996 3407 1168 3468 Negationem

179 3501 321 3550 addendam
341 3515 406 3560 esse,
426 3500 468 3550 rel
492 3500 573 3550 solnm
592 3515 735 3566 pronomen
752 3501 880 3565 aliquid
899 3501 1024 3561 ostendit,
1051 3515 1169 3568 proquo

179 3593 294 3657 alioquin
315 3594 396 3644 idem
415 3595 553 3643 dicendum
571 3603 634 3644 arat.
677 3593 729 3644 Sed
746 3610 852 3660 prorsus
870 3594 1006 3644 ridiculum
1025 3601 1064 3644 est
1081 3603 1170 3659 postn-

179 3686 241 3747 lare,
260 3695 289 3736 ut
307 3701 426 3736 censores
449 3685 570 3746 aderant,
596 3701 623 3738 se
646 3687 713 3736 idem
739 3687 892 3751 comperisse
911 3688 942 3736 dc
961 3687 1000 3746 iia,
1025 3688 1057 3736 de
1078 3687 1170 3751 qnibna

180 3779 228 3842 ipsi
255 3782 384 3830 contraria
407 3780 549 3830 amiserint.
594 3780 674 3843 Apud
692 3780 818 3830 Senecam
837 3779 914 3830 Rhea.
941 3777 1063 3831 controv.
1081 3779 1118 3840 11,
1139 3787 1169 3830 lt

179 3887 205 3935 p.
227 3874 275 3920 17³
297 3873 355 3938 liip.
391 3872 568 3924 scribendum:
594 3871 631 3922 lu
654 3872 715 3922 hac
733 3868 963 3922 controversia
981 3871 1079 3922 Latro
1098 3887 1171 3924 ocu-

180 3965 317 4014 trariam
342 3979 403 4014 rem
427 3981 492 4016 non
516 3968 753 4016 controversie
780 3967 814 4029 (v.
836 3978 899 4012 rem
920 3965 1169 4030 controversia)

178 4057 282 4120 dixit,
300 4049 354 4108 aad
373 4057 462 4107 sibi.-

924 4171 973 4226 ³⁷⁹
