2826 4640
273 237 333 287 Β,
354 236 440 288 ml.
776 243 837 298 530

272 421 320 479 rit.
342 421 481 496 quma:-
509 423 577 480 ΗΕ
609 425 735 482 udan
763 425 803 480 ὑ
821 425 878 480 he
904 421 1065 479 tantine
1092 431 1255 494 εμπ.
1284 427 1334 470 ιιι

273 527 519 601 quisinetin
544 529 881 603 mamm
924 521 1334 600 (sputamine

274 633 406 708 antipae
436 643 466 690 et
493 651 559 690 em
587 645 735 691 tentare
764 635 940 708 αι’-ξω
968 641 1104 688 unm.
1138 629 1236 684 chet
1260 645 1335 684 eer-

272 751 389 806 κτοις
422 757 545 815 prum
575 750 620 794 est
648 741 740 795 euim
767 751 886 799 teuto.
916 739 947 794 ai
973 739 1060 813 sque)
1090 751 1251 804 εετιιις
1282 751 1335 808 po·

272 855 346 901 tent
367 845 441 902 diei:
473 845 504 902 ei
537 845 696 920 aliquem
726 847 897 902 amicitie
928 851 1132 916 respectu
1163 839 1336 896 liaberet.

273 951 441 1022 tentare)
487 951 593 1025 ltaque
614 951 797 1008 unm-m
817 961 903 1024 puto:
930 953 1118 1011 relellm
1139 956 1202 1002 nt
1222 944 1334 1000 elim

272 1054 316 1110 ad
345 1054 435 1111 belli
473 1057 689 1113 societatem
723 1055 907 1132 perlicere
935 1056 1069 1110 iussus.
1125 1055 1204 1109 Ante
1236 1049 1334 1106 unu·

273 1159 590 1218 Decimiusreteutare
620 1160 975 1219 cadumum·
1004 1160 1394 1231 innuptum-i

272 1259 1333 1340 hpotemsequeretur,iubebetm.deiude.siponet,etiamadbelli

272 1369 442 1428 weietatem
462 1371 612 1446 pedicare.
674 1371 825 1430 Fau'llime
853 1381 924 1446 poet
959 1379 1126 1427 cerneret
1155 1365 1265 1424 exu'dit
1299 1385 1334 1421 re
1393 1383 1394 1406 ἢ

271 1485 380 1539 antet
428 1477 1208 1541 Retmtmfflvertouviusaimx,5msac
1255 1471 1334 1528 Tum

272 1586 338 1652 5⁴,
360 1583 410 1639 ubi
431 1593 489 1638 eet:
519 1583 668 1659 Epirus,
700 1583 843 1640 AEtolia
871 1593 909 1639 et
928 1582 1144 1643 Thessalia,
1177 1578 1332 1635 deludam

271 1697 389 1744 eeseet
410 1699 506 1745 ortum
528 1707 566 1744 ex
586 1695 598 1750 t
619 1689 751 1762 sequenti
784 1697 830 1754 (ut
853 1707 879 1747 e,
903 1691 953 1758 to,
976 1692 1004 1748 t.
1025 1686 1181 1753 XXXIX,
1212 1686 1262 1748 33,
1293 1684 1332 1755 tt

271 1791 427 1849 debueram
450 1793 592 1850 adnotare
615 1794 653 1850 ad
675 1795 734 1853 111.
769 1799 792 1851 1.
823 1798 892 1869 5p.
916 1797 966 1849 70.
1015 1791 1126 1849 Eodem
1147 1789 1282 1864 capite}
1307 1792 1333 1844 7.
1393 1769 1394 1796 ³

271 1897 320 1953 ubi
352 1897 394 1954 sic
429 1899 539 1955 editor:
582 1900 730 1956 Lentuli
773 1900 1041 1956 circumeuntes
1083 1894 1332 1970 Peloponnesi

271 2002 406 2076 oppida
441 2021 547 2078 quum
680 2005 858 2062 civitates
893 2002 1201 2068 adhortarentur,
1242 2040 1333 2057 .....

270 2105 458 2164 fremitum
489 2109 524 2165 in
564 2109 801 2168 contionibus
842 2108 1058 2167 audiebant,
1105 2105 1250 2164 Achaia
1285 2105 1332 2160 iu·

270 2210 514 2286 dignantibus
535 2225 601 2284 cet,
623 2233 681 2272 non
702 2215 787 2272 nimia
810 2235 863 2290 per
883 2233 915 2271 se
929 2213 1023 2290 placet
1048 2211 1118 2269 sstud
1141 2210 1332 2268 fremitum

270 2317 398 2374 audire
422 2319 458 2375 de
480 2319 533 2388 iia,
563 2319 669 2394 quibus
690 2321 850 2378 dicentibus
870 2320 1003 2377 homines
1020 2317 1198 2384 fremebam,
1228 2316 1281 2373 aed
1302 2316 1332 2372 in

270 2421 369 2479 codice
396 2424 437 2480 sie
469 2425 618 2482 scribitur:
655 2425 838 2483 fremitum
868 2426 902 2482 in
934 2423 1168 2482 contionibus
1198 2421 1331 2479 freme-

270 2527 370 2596 bant,
401 2531 537 2586 Acheis
566 2527 892 2606 indignantibus.¹)
947 2529 1130 2597 Videndum,
1162 2545 1199 2584 ne
1230 2526 1331 2583 Livius

269 2629 453 2690 fremitum
467 2635 514 2700 (in
531 2636 770 2693 contionibus
785 2645 849 2706 eat,
864 2634 1085 2708 Achaeiscet.)
1097 2631 1331 2708 impersonaliter

269 2737 383 2808 dixerit,
404 2751 437 2796 ut
458 2740 529 2798 alibi
552 2741 817 2798 tumultuatum
844 2741 912 2808 (etsi
938 2741 1045 2798 licebat
1064 2739 1198 2796 usitatius
1220 2737 1329 2794 dicare:

269 2841 433 2900 fremitus
454 2844 489 2900 in
511 2854 606 2901 cont.
628 2845 723 2916 luit),
745 2845 949 2903 fremebant
975 2845 1104 2902 additum
1125 2845 1164 2901 sit
1185 2843 1224 2899 ab
1246 2861 1330 2898 enar·

268 2946 353 3002 renti.
410 2949 525 3007 Maiore
559 2952 707 3008 molimine
739 2969 813 3026 opus
849 2961 893 3008 est
922 2951 952 3007 iu
984 2950 1036 3019 iis,
1072 2967 1136 3024 quae
1169 2957 1329 3023 sequuntur

269 3053 296 3120 (t
331 3050 372 3128 8).
439 3053 486 3111 Ea
517 3055 558 3112 sic
603 3057 739 3113 eduntur:
779 3099 806 3116 ..
849 3056 992 3113 Achaeis
1032 3053 1327 3138 indignantibus.

268 3157 393 3214 eodem
421 3175 459 3216 se
491 3158 577 3216 loco
600 3178 694 3230 esse,
721 3159 783 3234 qui
806 3160 925 3217 omnia
950 3179 969 3216 a
989 3159 1191 3235 principiis
1211 3160 1325 3216 Mace·

267 3261 391 3320 donici
417 3263 507 3322 belli
528 3265 797 3340 praestitissent
827 3265 1002 3324 Romanis
1027 3273 1061 3322 et
1082 3263 1325 3322 Macedonum

267 3367 434 3444 Philippi
459 3369 556 3428 bello
578 3372 708 3428 hostes
729 3369 901 3442 fuissent,
925 3389 996 3446 quo
1020 3369 1194 3428 Messenii
1217 3377 1328 3445 atque

266 3470 357 3542 Elii,
380 3473 443 3547 qui
468 3493 534 3549 pro
558 3475 744 3534 Antiocho
774 3478 879 3533 hoste
910 3495 1010 3533 arma
1032 3477 1213 3534 adversus
1238 3496 1268 3551 p.
1293 3477 1328 3533 R.

266 3575 438 3634 tulissent
459 3597 517 3648 ac,
547 3599 662 3655 nuper
694 3582 728 3639 iu
754 3581 951 3640 Achaicum
980 3581 1179 3639 contributi
1209 3581 1327 3639 conci·

267 3677 362 3750 lium,
402 3681 505 3740 velut
536 3687 721 3761 premium
755 3687 846 3750 belli
877 3705 914 3744 ae
948 3687 1153 3744 victoribus
1186 3686 1329 3745 Achaia

269 3869 275 3874 .
301 3869 463 3880 -——.—..

286 3993 311 4062 ¹)
335 4000 499 4064 Kreyssigiuu
518 4005 543 4051 in
557 4007 645 4055 codice
664 4008 845 4057 audiebant
862 4009 1044 4060 fremebant
1059 4025 1116 4061 eoae
1131 4012 1248 4060 credidit.
