2826 4640
638 267 695 324 539
795 275 800 286 “
1049 269 1194 322 Linxtn.

134 460 237 518 reapse
258 461 317 500 nun
345 443 482 515 efficitur,
519 446 655 520 quoniam
688 448 922 524 phalangitarum
956 471 1091 510 uumerus
1114 455 1140 524 (ξ
1164 454 1196 528 3)

134 549 280 606 nonsatis
301 548 449 618 definitum
478 550 585 625 pendet
618 552 693 610 onim
715 572 752 610 ax
774 555 832 612 XL
854 555 964 614 milium
986 575 1122 627 numero,
1146 559 1196 633 qui

135 673 194 712 non
217 655 353 712 convenit
370 671 435 711 cnm
456 655 530 730 ipse,
556 675 620 731 quae
641 658 688 715 hic
711 658 864 734 colligitur,
895 678 1018 720 summa.
1082 662 1140 721 Sed
1164 674 1198 721 ut

134 759 199 817 XX
219 759 299 816 milia
319 759 555 836 phalangitarum
577 761 692 834 fuerint,
713 782 772 820 non
782 763 937 833 XXXIX,
959 767 1009 823 sed
1019 767 1144 825 XXXV
1146 769 1195 827 111

133 863 215 922 milia
236 863 366 940 peditum
388 864 559 925 efficiuntur.

218 967 292 1046 Cap.
316 973 365 1042 52,
389 975 421 1028 5:
443 971 527 1046 Ipso
552 971 708 1038 (Perseus)
732 975 914 1032 constitit
937 976 972 1033 in
993 974 1197 1046 tribunali,

135 1076 295 1134 circeso
319 1078 458 1135 habens
479 1075 584 1133 filios
606 1075 705 1146 duos,
727 1095 877 1152 qnorum
900 1080 1027 1150 maior,
1058 1081 1195 1157 Philip·

134 1199 217 1259 pus,
239 1191 374 1240 natura
400 1181 534 1250 frater,
562 1179 763 1256 adoptione
783 1182 908 1254 filius,
930 1185 1058 1255 minor,
1093 1205 1194 1260 quem

135 1286 391 1344 Alexandrum
420 1287 624 1354 vocabant,
657 1288 842 1345 naturalis
864 1299 953 1350 erat.
1001 1287 1116 1346 Codex:
1148 1291 1196 1348 fi·

134 1392 207 1450 lios
228 1393 330 1462 duos,
356 1391 458 1449 cuins
479 1391 539 1448 val
561 1409 712 1465 quorum
734 1411 821 1467 pars
845 1394 1041 1470 Philippus
1065 1411 1135 1464 cet,
1159 1415 1197 1453 ex

134 1515 194 1582 qno
217 1496 297 1556 ”alia
318 1496 434 1554 Livium
456 1497 606 1573 scripsisse
628 1505 715 1570 atque
737 1497 994 1574 vulgolegantuf',
1011 1500 1196 1558 recteWeiu

135 1603 307 1660 senbomius
328 1602 479 1672 iudicarit,
501 1602 657 1677 scripserat
679 1611 786 1678 eutem,
809 1603 927 1678 opinor,
948 1605 1006 1661 sic:
1037 1649 1065 1664 ..
1093 1604 1197 1664 filios

134 1707 235 1779 duos,
258 1710 361 1767 cuius
383 1710 484 1790 paris
506 1706 704 1784 Philippus
725 1717 857 1766 natura
886 1708 1020 1780 frater,
1052 1710 1196 1786 adopti-

135 1831 207 1870 one
234 1812 358 1883 filius,
394 1813 511 1870 minor
541 1821 594 1872 etc.
654 1814 726 1870 Par
760 1815 883 1873 filiorum
914 1825 1026 1890 patrem
1053 1816 1196 1892 cingebat.

135 1917 282 1994 Corrupto
305 1921 407 1995 paris
429 1921 558 1989 nomine,
582 1937 670 1993 quum
700 1919 805 1976 cuius
828 1920 866 1978 ad
889 1919 992 1978 filios
1014 1923 1107 1979 dnos
1130 1924 1195 1980 viti·

134 2043 186 2082 ose
208 2023 310 2082 referri
340 2025 500 2095 videretur,
523 2025 623 2082 addita
658 2025 824 2082 coniectura
851 2035 909 2082 cst:
940 2027 999 2084 vel
1033 2047 1193 2102 quorum.

133 2129 302 2206 Philippum
331 2130 470 2188 maiorem
491 2129 590 2198 fuisse,
612 2139 714 2186 notata
735 2129 764 2187 in
787 2131 878 2188 altero
903 2141 972 2189 aetas
997 2133 1068 2190 satis
1095 2143 1194 2192 ostsu-

135 2234 234 2304 debat,
256 2245 289 2291 ut
310 2235 403 2292 omitti
426 2236 540 2292 maior
561 2245 638 2292 recte
659 2245 766 2310 posset.

226 2337 300 2416 Cap.
325 2342 374 2408 53,
402 2345 430 2397 l:
459 2339 570 2415 Quum
593 2359 814 2416 peromnem
837 2341 1046 2399 orationem
1080 2345 1194 2414 (Persei

133 2445 398 2520 apudexarnitum)
422 2447 514 2502 satis
536 2441 721 2520 frequenti
744 2447 899 2504 adsensu
924 2446 1193 2505 succlamatum

133 2559 246 2621 esset,
268 2561 340 2608 tum
362 2569 453 2610 varo
475 2571 517 2609 ea
537 2551 767 2610 vociferatio
790 2553 896 2610 simul
923 2550 1191 2626 indignantium

135 2655 463 2730 minitantiumque
568 2667 701 2716 exorta
722 2667 799 2727 est,
834 2667 949 2718 utcet.
997 2659 1106 2728 Miror,
1143 2661 1193 2734 qui

137 2779 238 2818 omnes
261 2759 412 2830 fefellerit,
444 2771 511 2836 post
543 2772 616 2819 tum
651 2781 737 2819 vero
770 2763 928 2821 desiderari
956 2764 1017 2822 eius
1052 2765 1191 2840 temporis

132 2866 232 2942 puncti
253 2865 507 2942 significationem,
530 2885 588 2943 quo
607 2884 721 2924 surnma
743 2867 914 2926 vociferatio
937 2879 1002 2926 orta
1026 2872 1079 2941 sit,
1106 2873 1193 2943 (con-

132 2971 253 3029 trariam
276 2970 345 3027 illis:
382 2989 447 3046 per
478 2989 617 3028 omnem
650 2973 879 3046 orationem);
909 2976 1098 3048 nequeenim
1120 2991 1192 3034 tum

132 3095 219 3134 vero
256 3085 301 3132 est
335 3085 408 3132 tum
430 3093 516 3134 vero
547 3087 637 3146 tum,
672 3079 750 3155 quod
782 3080 877 3156 ipsum
899 3079 1018 3139 ridicule
1040 3082 1194 3140 dicoretur.

131 3181 250 3240 Excidit
270 3181 372 3256 igiturt
403 3183 446 3240 ad
468 3184 542 3240 haec
564 3193 732 3242 extrema
754 3195 805 3242 aut
828 3185 921 3244 simile
942 3187 1059 3262 aliquid.

216 3285 289 3363 Cap.
314 3291 367 3357 54,
392 3291 409 3344 3
432 3289 483 3359 (de
508 3292 724 3366 oppugnatione
746 3289 845 3366 oppidi
869 3287 1045 3366 Mylarum):
1068 3291 1193 3348 Multi·

131 3393 221 3452 tudo
243 3393 480 3450 Macedonum
505 3395 548 3452 ad
570 3396 798 3453 subeundum
820 3395 855 3452 in
876 3395 993 3453 vicem
1010 3395 1191 3471 proelium

131 3501 229 3558 haud
251 3497 462 3558 difficulter
487 3502 717 3559 succedebat.
772 3501 849 3574 Quid
871 3499 909 3557 sit
929 3501 1125 3558 succedere
1147 3501 1192 3558 ad

131 3605 362 3663 subeundum
394 3605 534 3682 proelium
565 3606 678 3678 nesci03
714 3607 911 3664 succedere
933 3606 1076 3682 proelio
1108 3606 1192 3681 uovi;

132 3710 290 3768 difficultas
321 3711 436 3785 quidem
459 3713 630 3770 succedendi
652 3713 815 3771 necessario
837 3711 961 3788 pertinet
994 3711 1032 3768 ad
1060 3711 1117 3770 loci
1138 3713 1193 3770 ini·

131 3817 288 3894 quitatem,
321 3835 379 3874 non
402 3817 439 3874 ad
461 3817 634 3894 paucitatem
670 3817 925 3876 multitudinemve.
982 3815 1084 3876 Codex
1106 3817 1194 3876 habet

131 3921 296 3980 sedebat.
356 3917 547 3982 Scribendum
574 3941 637 3982 esso
664 3935 715 3982 aut
745 3925 971 4000 suppetebat
1001 3933 1052 3981 sut
1084 3923 1194 3982 suffi-

129 4024 264 4100 ciebat,
286 4029 469 4105 perspicuum
493 4039 535 4087 est
560 4031 646 4088 otiam
668 4049 705 4088 ex
727 4029 868 4088 similibus
889 4029 979 4100 locis,
1008 4029 1057 4088 ubi
1080 4047 1193 4106 oppug-
