2826 4640
594 273 653 330 519
998 271 1056 322 Lib.
1068 271 1156 322 XLII.

177 451 250 528 Cep.
276 453 325 524 24,
353 457 386 510 1:
408 453 645 528 Interrogsri
667 451 867 512 Gulussam
889 455 1050 530 placuit,
1072 455 1156 530 qnid

93 558 138 616 sd
170 575 212 616 es
239 559 325 632 (quse
353 557 442 632 legati
472 555 732 635 Certhngenienses
760 559 853 636 questi
884 560 979 633 erent)
1009 577 1155 636 respou-

93 664 215 732 deret,
238 672 315 730 eut,
340 663 371 720 si
396 663 500 738 prius
523 663 666 736 mullet,
688 672 934 740 expromeret,
955 683 1065 740 super
1086 683 1156 740 qna

91 788 130 826 re
150 769 300 827 Romsnr
324 767 498 825 venisset.
553 765 669 825 Codex:
705 786 814 844 super
840 787 912 844 qus
932 788 972 827 re
997 787 1068 846 prx
1089 771 1156 829 Ro·

92 892 180 932 mom
211 874 388 932 venisset.
437 871 573 930 Potuitne
598 872 640 930 sic
667 873 772 931 mutari
802 873 883 950 ipse
912 875 1022 948 (Rom.
1044 873 1156 947 ven.)?

93 981 240 1038 Prostereu
271 979 369 1054 potius
404 976 553 1034 librarium
587 987 827 1054 expromeret
855 998 910 1055 pro
941 998 1156 1056 expromere

91 1084 242 1159 scripsisse
262 1091 361 1158 putem
383 1091 504 1160 propter
524 1083 771 1159 responderet
793 1091 822 1140 et
843 1084 975 1142 maliet
996 1105 1083 1160 quem
1106 1087 1156 1144 Li-

91 1189 171 1246 vium
191 1189 222 1247 in
242 1190 299 1247 hsc
320 1188 468 1246 sententiar
490 1187 720 1246 conformatione
744 1190 805 1247 haeo
820 1189 968 1248 veriosse:
991 1191 1155 1250 Interro-

90 1295 174 1370 geri
202 1295 242 1354 G.
274 1293 419 1370 placuit
526 1303 587 1352 out
691 1303 940 1369 expromeret,
961 1297 1083 1354 moleste
1103 1298 1155 1356 ob·

90 1400 219 1458 litterato
261 1399 409 1458 sententio
453 1398 598 1474 primorie
645 1407 674 1456 et
709 1399 946 1458 secundariorum
982 1401 1155 1460 ‹bscrimIne

90 1505 213 1562 Midime
224 1523 301 1564 ‚rsro
322 1505 352 1562 in
377 1503 442 1562 eod.
459 1503 680 1562 vindobonensi
698 1511 727 1560 et
740 1522 832 1579 preve
846 1505 988 1564 infinitivo
1003 1507 1124 1565 adhesit
1134 1513 1156 1578 t,

89 1611 174 1669 utin
196 1611 252 1668 hoo
283 1610 357 1668 libro
385 1627 410 1666 c.
436 1611 492 1680 25,
529 1612 560 1666 ll
587 1609 780 1682 (deberet),
816 1627 841 1670 c.
863 1609 920 1681 29,
951 1613 969 1668 3
998 1613 1155 1688 (exspoc-

89 1717 213 1788 tsret),
235 1735 260 1777 o.
283 1717 341 1784 37,
362 1717 379 1772 2
403 1717 579 1786 (tentaret
686 1715 919 1790 perliceret),
941 1713 1064 1788 ediisque
1084 1713 1156 1772 Iocis

89 1821 141 1896 (-·
169 1839 194 1880 o.
210 1823 259 1892 62,
276 1825 292 1880 d
317 1822 522 1896 imponeret
542 1829 571 1876 et
592 1829 691 1876 esset
711 1817 855 1890 scribitur,
876 1819 1016 1876 retinetur
1030 1819 1155 1878 medium

88 1927 241 1985 credere
264 1928 328 1999 -),
350 1935 378 1983 et
397 1924 580 1984 coniunctim
602 1924 762 1982 detructum
786 1934 844 1995 θοις
867 1924 936 1982 slibi
957 1933 995 1982 nt
1016 1924 1156 1992 additum,

88 2043 123 2090 nt
144 2051 169 2091 c.
192 2033 241 2102 24,
264 2033 282 2090 8
304 2039 517 2089 statuerent
537 2048 591 2104 pro
611 2037 779 2086 stetuere
801 2028 1045 2104 (ofredXLIV,
1067 2031 1096 2100 2,
1113 2025 1155 2106 5).

87 2137 138 2196 Ne
159 2155 184 2195 c.
207 2140 262 2208 39,
291 2139 309 2196 6
332 2137 448 2211 quidem
470 2134 590 2205 dubito,
613 2133 682 2210 quin
703 2133 873 2193 Gronovius
894 2145 974 2194 recte
994 2135 1081 2194 scribi
1103 2155 1155 2193 vo·

86 2243 187 2302 lueritr
216 2243 330 2319 iegati
360 2241 420 2300 vel
452 2259 531 2300 cum
562 2239 683 2298 tribus
714 2240 843 2298 venire
879 2239 1057 2298 iubebant
1086 2237 1155 2308 vel,

86 2349 118 2406 si
150 2357 290 2406 tentum
313 2365 444 2424 agmen
476 2346 713 2416 traduceret,
746 2344 893 2402 obsides
914 2345 1002 2402 dere
1024 2341 1104 2418 (cod.
1127 2355 1156 2402 et

87 2453 155 2511 edd.
177 2453 312 2526 duret),
343 2451 435 2510 nihii
464 2450 613 2509 frondis
634 2449 717 2508 fore
738 2449 775 2508 in
797 2449 999 2524 colloquio.
1059 2448 1155 2506 Nimis

86 2577 166 2634 steps
187 2558 337 2634 elegantiae
358 2556 435 2634 false
456 2557 567 2633 species
596 2555 762 2614 obtenditur
792 2554 975 2614 librariorum
999 2553 1154 2623 erroribus,

86 2665 239 2722 utstatim
264 2683 290 2725 e.
313 2665 368 2732 24,
390 2665 424 2734 9,
456 2671 578 2738 excepto
599 2660 753 2732 notkero,
787 2677 887 2718 omnes
917 2666 1037 2735 propter
1066 2655 1154 2714 telem

87 2770 214 2846 speciem
241 2777 413 2846 spreverunt
433 2767 627 2826 necessarium
647 2763 792 2825 Gronovii
819 2761 1062 2822 emendationem:
1092 2779 1154 2818 nec

88 2893 210 2934 novos
239 2883 421 2946 statuere¹
445 2872 540 2930 fines
572 2873 635 2929 sed
671 2879 820 2928 veteres
850 2868 1056 2926 observare
1089 2868 1154 2944 (pro

88 2980 296 3054 observari)
318 2979 353 3036 in
375 2977 498 3036 animo
520 2977 665 3038 hebere.
709 2975 892 3034 Inonimo
914 2973 1033 3032 hsbeo
1055 2969 1154 3030 fines

87 3085 284 3144 observari
328 3103 382 3160 pro
415 3103 467 3154 eo,
504 3082 584 3158 quod
621 3093 665 3140 est
701 3081 808 3152 volo,
856 3081 980 3152 iubeo,
1018 3079 1153 3137 Letinum

88 3209 148 3250 nou
172 3199 224 3252 est.

173 3295 247 3372 Cep.
270 3299 325 3365 25,
360 3299 377 3352 4
400 3294 442 3367 (in
464 3295 597 3352 cretione
618 3295 704 3352 trium
725 3293 906 3369 legatorum,
929 3291 1028 3367 quiin
1052 3289 1153 3347 Mece-

86 3401 206 3460 donism
228 3403 266 3460 ud
287 3419 334 3460 res
355 3399 526 3475 repetendus
550 3401 629 3458 missi
653 3399 784 3468 inerunt,
815 3397 844 3455 iu
866 3397 981 3470 senatu)
1002 3395 1032 3452 in
1055 3394 1153 3454 codice

87 3505 239 3562 scribitur:
261 3505 343 3566 Sue
364 3505 551 3563 orationis
573 3524 740 3564 summum
763 3501 897 3572 fuisse,
918 3500 1055 3558 foedus
1077 3518 1153 3558 cum

87 3608 267 3685 Philippo
288 3609 399 3667 ictum
422 3628 462 3666 se
484 3629 559 3670 cum
584 3611 665 3687 ipso
687 3629 729 3668 eo
752 3615 1006 3685 postmortem
1029 3605 1153 3682 petris

86 3725 313 3775 renovatum.
357 3715 452 3774 Soribi
485 3716 590 3774 debet:
618 3715 754 3775 foedus
781 3733 806 3774 c.
835 3715 897 3772 Ph.
928 3711 1041 3770 ictum
1063 3729 1152 3782 esse,

86 3838 164 3879 cum
187 3821 266 3898 ipso
288 3840 328 3879 eo
419 3831 645 3879 renovatum.
711 3819 801 3894 (Edd.
821 3819 973 3890 foedus,
995 3837 1069 3878 oum
1093 3817 1152 3878 Ph.

84 3927 206 3997 ictum,
227 3944 304 3984 oum
326 3927 408 4003 ipso
430 3945 470 3984 eo
492 3935 559 3984 cett.
582 3925 708 3997 XLIII,
736 3930 765 3996 1,
796 3929 811 3983 7
843 3927 907 3984 eod.
927 3926 965 3984 iu
987 3925 1152 3985 Macedo·

83 4032 181 4090 uism
203 4049 239 4089 se
260 4051 315 4108 pro
337 4033 372 4090 in
397 4032 652 4090 Macedonium
675 4033 777 4104 esse)
822 4031 880 4092 Sed
896 4033 1032 4108 graviore
1048 4031 1152 4090 mondo
