<?xml version="1.0" encoding="UTF-8"?>
<!DOCTYPE html PUBLIC "-//W3C//DTD XHTML 1.0 Transitional//EN"
    "http://www.w3.org/TR/xhtml1/DTD/xhtml1-transitional.dtd">
<html xmlns="http://www.w3.org/1999/xhtml" xml:lang="en" lang="en">
 <head>
  <title>
</title>
<meta http-equiv="Content-Type" content="text/html;charset=utf-8" />
  <meta name='ocr-system' content='tesseract 3.04.00' />
  <meta name='ocr-capabilities' content='ocr_page ocr_carea ocr_par ocr_line ocrx_word'/>
</head>
<body>
  <div class='ocr_page' id='page_1' title='image "./emendationesliv02madvgoog_0389.png"; bbox 0 0 2800 4646; ppageno 0'>
   <div class='ocr_carea' id='block_1_1' title="bbox 225 265 783 325">
    <p class='ocr_par' dir='ltr' id='par_1_1' title="bbox 225 265 783 325">
     <span class='ocr_line' id='line_1_1' title="bbox 225 265 783 325; baseline -0.002 -9"><span class='ocrx_word' id='word_1_1' title='bbox 225 266 282 316; x_wconf 78' lang='lat' dir='ltr'>Lib.</span> <span class='ocrx_word' id='word_1_2' title='bbox 293 265 407 316; x_wconf 76' lang='lat' dir='ltr'>mit</span> <span class='ocrx_word' id='word_1_3' title='bbox 723 269 783 325; x_wconf 77' lang='grc'>380</span> 
     </span>
    </p>
   </div>
   <div class='ocr_carea' id='block_1_2' title="bbox 203 449 1319 3169">
    <p class='ocr_par' dir='ltr' id='par_1_2' title="bbox 203 449 1319 3169">
     <span class='ocr_line' id='line_1_2' title="bbox 225 449 1282 524; baseline -0.004 -16"><span class='ocrx_word' id='word_1_4' title='bbox 225 451 371 510; x_wconf 71' lang='lat' dir='ltr'>invidie</span> <span class='ocrx_word' id='word_1_5' title='bbox 400 469 497 522; x_wconf 85' lang='lat' dir='ltr'>ease,</span> <span class='ocrx_word' id='word_1_6' title='bbox 536 452 668 508; x_wconf 86' lang='lat' dir='ltr'>universe</span> <span class='ocrx_word' id='word_1_7' title='bbox 695 451 859 508; x_wconf 73' lang='lat' dir='ltr'>animorum</span> <span class='ocrx_word' id='word_1_8' title='bbox 886 451 1022 509; x_wconf 71' lang='lat' dir='ltr'><strong>alienatio</strong></span> <span class='ocrx_word' id='word_1_9' title='bbox 1059 449 1282 524; x_wconf 80' lang='lat' dir='ltr'>conmliatinque</span> 
     </span>
     <span class='ocr_line' id='line_1_3' title="bbox 226 555 1282 633; baseline -0.003 -19"><span class='ocrx_word' id='word_1_10' title='bbox 226 557 437 614; x_wconf 70' lang='lat' dir='ltr'>obversabatur</span> <span class='ocrx_word' id='word_1_11' title='bbox 456 557 606 614; x_wconf 75' lang='lat' dir='ltr'>scribentis</span> <span class='ocrx_word' id='word_1_12' title='bbox 627 557 805 633; x_wconf 81' lang='lat' dir='ltr'>cogitetioni.</span> <span class='ocrx_word' id='word_1_13' title='bbox 856 557 904 614; x_wconf 88' lang='lat' dir='ltr'>De</span> <span class='ocrx_word' id='word_1_14' title='bbox 924 558 1115 633; x_wconf 87' lang='lat' dir='ltr'>snpen&#39;ornm,</span> <span class='ocrx_word' id='word_1_15' title='bbox 1141 571 1217 630; x_wconf 87' lang='lat' dir='ltr'>ques</span> <span class='ocrx_word' id='word_1_16' title='bbox 1236 555 1282 610; x_wconf 89' lang='lat' dir='ltr'>in·</span> 
     </span>
     <span class='ocr_line' id='line_1_4' title="bbox 225 659 1282 739; baseline -0.004 -19"><span class='ocrx_word' id='word_1_17' title='bbox 225 662 433 738; x_wconf 84' lang='lat' dir='ltr'>terpoletornm</span> <span class='ocrx_word' id='word_1_18' title='bbox 454 662 579 720; x_wconf 72' lang='lat' dir='ltr'>ludibria</span> <span class='ocrx_word' id='word_1_19' title='bbox 592 664 775 739; x_wconf 87' lang='lat' dir='ltr'>deceperunt,</span> <span class='ocrx_word' id='word_1_20' title='bbox 795 663 946 721; x_wconf 80' lang='lat' dir='ltr'>conatibus</span> <span class='ocrx_word' id='word_1_21' title='bbox 965 663 1036 721; x_wconf 82' lang='lat' dir='ltr'>nihil</span> <span class='ocrx_word' id='word_1_22' title='bbox 1057 663 1161 720; x_wconf 77' lang='lat' dir='ltr'>dicam</span> <span class='ocrx_word' id='word_1_23' title='bbox 1204 659 1282 718; x_wconf 82' lang='lat' dir='ltr'>Bek-</span> 
     </span>
     <span class='ocr_line' id='line_1_5' title="bbox 225 768 1281 845; baseline -0.002 -19"><span class='ocrx_word' id='word_1_24' title='bbox 225 769 312 826; x_wconf 86' lang='lat' dir='ltr'>kerus</span> <span class='ocrx_word' id='word_1_25' title='bbox 335 779 364 826; x_wconf 87' lang='lat' dir='ltr'>et</span> <span class='ocrx_word' id='word_1_26' title='bbox 386 768 649 840; x_wconf 86' lang='lat' dir='ltr'>Weissenbornius,</span> <span class='ocrx_word' id='word_1_27' title='bbox 670 769 891 845; x_wconf 74' lang='lat' dir='ltr'>interpolatione</span> <span class='ocrx_word' id='word_1_28' title='bbox 905 769 1029 840; x_wconf 85' lang='lat' dir='ltr'>sublata,</span> <span class='ocrx_word' id='word_1_29' title='bbox 1049 769 1160 826; x_wconf 76' lang='lat' dir='ltr'>lacnnae</span> <span class='ocrx_word' id='word_1_30' title='bbox 1180 777 1281 824; x_wconf 87' lang='lat' dir='ltr'>notam</span> 
     </span>
     <span class='ocr_line' id='line_1_6' title="bbox 224 868 1282 950; baseline -0.002 -20"><span class='ocrx_word' id='word_1_31' title='bbox 224 885 393 950; x_wconf 87' lang='lat' dir='ltr'>posuerunt,</span> <span class='ocrx_word' id='word_1_32' title='bbox 414 868 463 930; x_wconf 89' lang='lat' dir='ltr'>ille</span> <span class='ocrx_word' id='word_1_33' title='bbox 486 875 561 932; x_wconf 89' lang='lat' dir='ltr'>inter</span> <span class='ocrx_word' id='word_1_34' title='bbox 582 874 721 932; x_wconf 84' lang='lat' dir='ltr'>animos</span> <span class='ocrx_word' id='word_1_35' title='bbox 751 883 781 931; x_wconf 85' lang='lat' dir='ltr'>et</span> <span class='ocrx_word' id='word_1_36' title='bbox 801 893 922 948; x_wconf 88' lang='lat' dir='ltr'>quum,</span> <span class='ocrx_word' id='word_1_37' title='bbox 953 875 1000 932; x_wconf 87' lang='lat' dir='ltr'>hie</span> <span class='ocrx_word' id='word_1_38' title='bbox 1029 875 1103 932; x_wconf 89' lang='lat' dir='ltr'>inter</span> <span class='ocrx_word' id='word_1_39' title='bbox 1132 873 1282 930; x_wconf 86' lang='lat' dir='ltr'>emicum</span> 
     </span>
     <span class='ocr_line' id='line_1_7' title="bbox 225 977 1283 1055; baseline -0.002 -19"><span class='ocrx_word' id='word_1_40' title='bbox 225 989 255 1036; x_wconf 89' lang='lat' dir='ltr'>et</span> <span class='ocrx_word' id='word_1_41' title='bbox 275 981 444 1049; x_wconf 59' lang='lat' dir='ltr'>merirum</span> <span class='ocrx_word' id='word_1_42' title='bbox 475 981 543 1050; x_wconf 91' lang='lat' dir='ltr'>sed,</span> <span class='ocrx_word' id='word_1_43' title='bbox 574 999 633 1038; x_wconf 82' lang='lat' dir='ltr'>nne</span> <span class='ocrx_word' id='word_1_44' title='bbox 654 979 754 1037; x_wconf 88' lang='lat' dir='ltr'>addita</span> <span class='ocrx_word' id='word_1_45' title='bbox 774 979 986 1055; x_wconf 73' lang='lat' dir='ltr'>praepositione,</span> <span class='ocrx_word' id='word_1_46' title='bbox 1013 980 1110 1038; x_wconf 84' lang='lat' dir='ltr'>omnis</span> <span class='ocrx_word' id='word_1_47' title='bbox 1132 977 1283 1054; x_wconf 71' lang='lat' dir='ltr'>aptissime</span> 
     </span>
     <span class='ocr_line' id='line_1_8' title="bbox 225 1079 1283 1161; baseline -0.002 -19"><span class='ocrx_word' id='word_1_48' title='bbox 225 1097 292 1142; x_wconf 87' lang='lat' dir='ltr'>snut</span> <span class='ocrx_word' id='word_1_49' title='bbox 315 1104 368 1142; x_wconf 87' lang='lat' dir='ltr'>nec</span> <span class='ocrx_word' id='word_1_50' title='bbox 390 1086 544 1161; x_wconf 78' lang='lat' dir='ltr'>quicquam</span> <span class='ocrx_word' id='word_1_51' title='bbox 568 1086 727 1143; x_wconf 70' lang='lat' dir='ltr'>desiderari</span> <span class='ocrx_word' id='word_1_52' title='bbox 743 1096 794 1143; x_wconf 87' lang='lat' dir='ltr'>ent</span> <span class='ocrx_word' id='word_1_53' title='bbox 807 1085 960 1142; x_wconf 88' lang='lat' dir='ltr'>commode</span> <span class='ocrx_word' id='word_1_54' title='bbox 973 1085 1116 1161; x_wconf 90' lang='lat' dir='ltr'>interponi</span> <span class='ocrx_word' id='word_1_55' title='bbox 1140 1095 1245 1160; x_wconf 87' lang='lat' dir='ltr'>petest.</span> <span class='ocrx_word' id='word_1_56' title='bbox 1255 1079 1283 1156; x_wconf 91' lang='lat'>¹)</span> 
     </span>
     <span class='ocr_line' id='line_1_9' title="bbox 309 1189 1284 1267; baseline -0.003 -18"><span class='ocrx_word' id='word_1_57' title='bbox 309 1189 383 1267; x_wconf 83' lang='lat' dir='ltr'>Cep.</span> <span class='ocrx_word' id='word_1_58' title='bbox 407 1194 435 1262; x_wconf 85' lang='lat'>9,</span> <span class='ocrx_word' id='word_1_59' title='bbox 458 1195 476 1250; x_wconf 85' lang='grc'><strong>6</strong></span> <span class='ocrx_word' id='word_1_60' title='bbox 507 1191 675 1266; x_wconf 83' lang='lat' dir='ltr'>(postquem</span> <span class='ocrx_word' id='word_1_61' title='bbox 705 1191 806 1248; x_wconf 85' lang='lat' dir='ltr'>Livius</span> <span class='ocrx_word' id='word_1_62' title='bbox 833 1201 986 1264; x_wconf 85' lang='lat' dir='ltr'>utrumqne</span> <span class='ocrx_word' id='word_1_63' title='bbox 1007 1189 1163 1259; x_wconf 86' lang='lat' dir='ltr'>consulem,</span> <span class='ocrx_word' id='word_1_64' title='bbox 1183 1189 1284 1265; x_wconf 89' lang='lat' dir='ltr'>prodi·</span> 
     </span>
     <span class='ocr_line' id='line_1_10' title="bbox 224 1294 1283 1373; baseline -0.004 -19"><span class='ocrx_word' id='word_1_65' title='bbox 224 1297 280 1372; x_wconf 73' lang='lat' dir='ltr'>giis</span> <span class='ocrx_word' id='word_1_66' title='bbox 303 1298 474 1372; x_wconf 85' lang='lat' dir='ltr'>procuretis,</span> <span class='ocrx_word' id='word_1_67' title='bbox 505 1298 535 1354; x_wconf 92' lang='lat' dir='ltr'>in</span> <span class='ocrx_word' id='word_1_68' title='bbox 556 1296 721 1373; x_wconf 78' lang='lat' dir='ltr'>provincius</span> <span class='ocrx_word' id='word_1_69' title='bbox 741 1294 902 1370; x_wconf 84' lang='lat' dir='ltr'>profectum</span> <span class='ocrx_word' id='word_1_70' title='bbox 925 1296 1006 1364; x_wconf 78' lang='lat' dir='ltr'>dixit,</span> <span class='ocrx_word' id='word_1_71' title='bbox 1028 1295 1096 1354; x_wconf 86' lang='lat' dir='ltr'>Sex.</span> <span class='ocrx_word' id='word_1_72' title='bbox 1117 1295 1231 1353; x_wconf 82' lang='lat' dir='ltr'>AElium</span> <span class='ocrx_word' id='word_1_73' title='bbox 1251 1295 1283 1350; x_wconf 93' lang='lat' dir='ltr'>in</span> 
     </span>
     <span class='ocr_line' id='line_1_11' title="bbox 226 1401 1286 1478; baseline -0.004 -17"><span class='ocrx_word' id='word_1_74' title='bbox 226 1401 414 1461; x_wconf 80' lang='lat' dir='ltr'>Gallienihil</span> <span class='ocrx_word' id='word_1_75' title='bbox 434 1403 621 1462; x_wconf 70' lang='lat' dir='ltr'>memorabile</span> <span class='ocrx_word' id='word_1_76' title='bbox 649 1403 805 1478; x_wconf 77' lang='lat' dir='ltr'>gessisec):</span> <span class='ocrx_word' id='word_1_77' title='bbox 847 1402 893 1458; x_wconf 87' lang='lat' dir='ltr'>Et</span> <span class='ocrx_word' id='word_1_78' title='bbox 914 1403 950 1460; x_wconf 89' lang='lat' dir='ltr'>T.</span> <span class='ocrx_word' id='word_1_79' title='bbox 969 1402 1162 1476; x_wconf 77' lang='lat' dir='ltr'>Quinctius</span> <span class='ocrx_word' id='word_1_80' title='bbox 1188 1402 1286 1458; x_wconf 82' lang='lat' dir='ltr'>ulter</span> 
     </span>
     <span class='ocr_line' id='line_1_12' title="bbox 226 1507 1284 1584; baseline 0.003 -20"><span class='ocrx_word' id='word_1_81' title='bbox 226 1508 353 1566; x_wconf 87' lang='lat' dir='ltr'>consul</span> <span class='ocrx_word' id='word_1_82' title='bbox 375 1509 567 1582; x_wconf 81' lang='lat' dir='ltr'>maturius,</span> <span class='ocrx_word' id='word_1_83' title='bbox 583 1527 687 1584; x_wconf 88' lang='lat' dir='ltr'>quem</span> <span class='ocrx_word' id='word_1_84' title='bbox 702 1507 844 1584; x_wconf 81' lang='lat' dir='ltr'>priores</span> <span class='ocrx_word' id='word_1_85' title='bbox 858 1508 963 1566; x_wconf 90' lang='lat' dir='ltr'>soliti</span> <span class='ocrx_word' id='word_1_86' title='bbox 984 1517 1088 1566; x_wconf 84' lang='lat' dir='ltr'>erant</span> <span class='ocrx_word' id='word_1_87' title='bbox 1102 1507 1284 1567; x_wconf 87' lang='lat' dir='ltr'>consules.</span> 
     </span>
     <span class='ocr_line' id='line_1_13' title="bbox 226 1609 1286 1690; baseline -0.001 -20"><span class='ocrx_word' id='word_1_88' title='bbox 226 1633 245 1670; x_wconf 83' lang='lat' dir='ltr'>e</span> <span class='ocrx_word' id='word_1_89' title='bbox 265 1613 477 1672; x_wconf 81' lang='lat' dir='ltr'>Brundusio</span> <span class='ocrx_word' id='word_1_90' title='bbox 500 1633 604 1690; x_wconf 90' lang='lat' dir='ltr'>quum</span> <span class='ocrx_word' id='word_1_91' title='bbox 635 1613 920 1682; x_wconf 76' lang='lat' dir='ltr'>transmisisset,</span> <span class='ocrx_word' id='word_1_92' title='bbox 951 1609 1146 1689; x_wconf 81' lang='lat' dir='ltr'>Corcyram</span> <span class='ocrx_word' id='word_1_93' title='bbox 1168 1614 1286 1670; x_wconf 89' lang='lat' dir='ltr'>tenuit</span> 
     </span>
     <span class='ocr_line' id='line_1_14' title="bbox 227 1719 1285 1796; baseline -0.002 -20"><span class='ocrx_word' id='word_1_94' title='bbox 227 1729 282 1776; x_wconf 87' lang='lat' dir='ltr'>eet.</span> <span class='ocrx_word' id='word_1_95' title='bbox 332 1719 446 1777; x_wconf 82' lang='lat' dir='ltr'>Vin&#39;ose</span> <span class='ocrx_word' id='word_1_96' title='bbox 468 1719 586 1796; x_wconf 87' lang='lat' dir='ltr'>ponitur</span> <span class='ocrx_word' id='word_1_97' title='bbox 607 1733 654 1790; x_wconf 90' lang='lat' dir='ltr'>et,</span> <span class='ocrx_word' id='word_1_98' title='bbox 686 1719 770 1794; x_wconf 83' lang='lat' dir='ltr'>quasi</span> <span class='ocrx_word' id='word_1_99' title='bbox 792 1719 985 1793; x_wconf 82' lang='lat' dir='ltr'>significetur,</span> <span class='ocrx_word' id='word_1_100' title='bbox 1014 1737 1066 1788; x_wconf 88' lang='lat' dir='ltr'>ea,</span> <span class='ocrx_word' id='word_1_101' title='bbox 1095 1739 1161 1794; x_wconf 77' lang='lat' dir='ltr'>qnae</span> <span class='ocrx_word' id='word_1_102' title='bbox 1183 1719 1285 1777; x_wconf 84' lang='lat' dir='ltr'>Livius</span> 
     </span>
     <span class='ocr_line' id='line_1_15' title="bbox 228 1823 1287 1899; baseline 0.002 -20"><span class='ocrx_word' id='word_1_103' title='bbox 228 1823 265 1880; x_wconf 90' lang='lat' dir='ltr'>de</span> <span class='ocrx_word' id='word_1_104' title='bbox 289 1823 424 1896; x_wconf 87' lang='lat' dir='ltr'>Quinctio</span> <span class='ocrx_word' id='word_1_105' title='bbox 446 1825 604 1882; x_wconf 79' lang='lat' dir='ltr'>traditurus</span> <span class='ocrx_word' id='word_1_106' title='bbox 625 1835 677 1896; x_wconf 84' lang='lat' dir='ltr'>est,</span> <span class='ocrx_word' id='word_1_107' title='bbox 699 1827 737 1882; x_wconf 86' lang='lat' dir='ltr'>eb</span> <span class='ocrx_word' id='word_1_108' title='bbox 758 1825 803 1896; x_wconf 89' lang='lat' dir='ltr'>iis,</span> <span class='ocrx_word' id='word_1_109' title='bbox 824 1844 888 1899; x_wconf 71' lang='lat' dir='ltr'>quse</span> <span class='ocrx_word' id='word_1_110' title='bbox 909 1825 946 1881; x_wconf 90' lang='lat' dir='ltr'>de</span> <span class='ocrx_word' id='word_1_111' title='bbox 959 1824 1042 1883; x_wconf 83' lang='lat' dir='ltr'>AElio</span> <span class='ocrx_word' id='word_1_112' title='bbox 1060 1825 1187 1882; x_wconf 89' lang='lat' dir='ltr'>breviter</span> <span class='ocrx_word' id='word_1_113' title='bbox 1207 1825 1287 1882; x_wconf 90' lang='lat' dir='ltr'>dicta</span> 
     </span>
     <span class='ocr_line' id='line_1_16' title="bbox 226 1923 1319 2008; baseline 0.002 -22"><span class='ocrx_word' id='word_1_114' title='bbox 226 1940 307 1997; x_wconf 88' lang='lat' dir='ltr'>sunt,</span> <span class='ocrx_word' id='word_1_115' title='bbox 341 1929 411 1986; x_wconf 86' lang='lat' dir='ltr'>nihil</span> <span class='ocrx_word' id='word_1_116' title='bbox 440 1929 622 2008; x_wconf 77' lang='lat' dir='ltr'>discrepare,</span> <span class='ocrx_word' id='word_1_117' title='bbox 653 1933 732 2006; x_wconf 90' lang='lat' dir='ltr'>quod</span> <span class='ocrx_word' id='word_1_118' title='bbox 762 1949 881 2008; x_wconf 83' lang='lat' dir='ltr'>prorsus</span> <span class='ocrx_word' id='word_1_119' title='bbox 910 1937 1011 1986; x_wconf 73' lang='lat' dir='ltr'>conus</span> <span class='ocrx_word' id='word_1_120' title='bbox 1040 1941 1092 1993; x_wconf 87' lang='lat' dir='ltr'>est.</span> <span class='ocrx_word' id='word_1_121' title='bbox 1144 1930 1218 1989; x_wconf 81' lang='lat' dir='ltr'>Orte</span> <span class='ocrx_word' id='word_1_122' title='bbox 1240 1943 1286 1988; x_wconf 84' lang='lat' dir='ltr'>est</span> <span class='ocrx_word' id='word_1_123' title='bbox 1309 1923 1319 1942; x_wconf 78' lang='lat'>‘</span> 
     </span>
     <span class='ocr_line' id='line_1_17' title="bbox 226 2035 1287 2113; baseline 0 -21"><span class='ocrx_word' id='word_1_124' title='bbox 226 2035 377 2112; x_wconf 77' lang='lat' dir='ltr'>particula,</span> <span class='ocrx_word' id='word_1_125' title='bbox 398 2047 511 2094; x_wconf 84' lang='lat' dir='ltr'>utnon</span> <span class='ocrx_word' id='word_1_126' title='bbox 534 2057 612 2108; x_wconf 84' lang='lat' dir='ltr'>rere,</span> <span class='ocrx_word' id='word_1_127' title='bbox 642 2057 678 2095; x_wconf 84' lang='lat' dir='ltr'>cx</span> <span class='ocrx_word' id='word_1_128' title='bbox 700 2037 877 2113; x_wconf 70' lang='lat' dir='ltr'>prenomine</span> <span class='ocrx_word' id='word_1_129' title='bbox 901 2036 939 2104; x_wconf 88' lang='lat' dir='ltr'>T,</span> <span class='ocrx_word' id='word_1_130' title='bbox 965 2036 1143 2110; x_wconf 69' lang='lat' dir='ltr'>pmoedente</span> <span class='ocrx_word' id='word_1_131' title='bbox 1164 2055 1287 2112; x_wconf 80' lang='lat' dir='ltr'>praeser-</span> 
     </span>
     <span class='ocr_line' id='line_1_18' title="bbox 226 2137 456 2218; baseline 0.004 -19"><span class='ocrx_word' id='word_1_132' title='bbox 226 2141 278 2200; x_wconf 90' lang='lat' dir='ltr'>tim</span> <span class='ocrx_word' id='word_1_133' title='bbox 299 2137 456 2218; x_wconf 76' lang='lat' dir='ltr'>gessit.²)</span> 
     </span>
     <span class='ocr_line' id='line_1_19' title="bbox 203 2247 1285 2326; baseline -0.001 -19"><span class='ocrx_word' id='word_1_134' title='bbox 203 2307 206 2316; x_wconf 73' lang='grc'>,</span> <span class='ocrx_word' id='word_1_135' title='bbox 311 2247 385 2325; x_wconf 87' lang='lat' dir='ltr'>Cep.</span> <span class='ocrx_word' id='word_1_136' title='bbox 418 2253 471 2317; x_wconf 82' lang='lat'>10,</span> <span class='ocrx_word' id='word_1_137' title='bbox 500 2253 516 2304; x_wconf 81' lang='lat'><strong>5</strong></span> <span class='ocrx_word' id='word_1_138' title='bbox 540 2247 581 2324; x_wconf 66' lang='lat' dir='ltr'>tin</span> <span class='ocrx_word' id='word_1_139' title='bbox 609 2266 748 2323; x_wconf 78' lang='lat' dir='ltr'>responso</span> <span class='ocrx_word' id='word_1_140' title='bbox 771 2248 898 2325; x_wconf 89' lang='lat' dir='ltr'>Philippi</span> <span class='ocrx_word' id='word_1_141' title='bbox 919 2249 996 2324; x_wconf 83' lang='lat' dir='ltr'>regis</span> <span class='ocrx_word' id='word_1_142' title='bbox 1017 2250 1055 2306; x_wconf 88' lang='lat' dir='ltr'>ad</span> <span class='ocrx_word' id='word_1_143' title='bbox 1077 2249 1225 2326; x_wconf 78' lang='lat' dir='ltr'>postulata</span> <span class='ocrx_word' id='word_1_144' title='bbox 1244 2249 1285 2306; x_wconf 82' lang='lat' dir='ltr'>T.</span> 
     </span>
     <span class='ocr_line' id='line_1_20' title="bbox 229 2351 1286 2430; baseline -0.003 -18"><span class='ocrx_word' id='word_1_145' title='bbox 229 2352 355 2427; x_wconf 84' lang='lat' dir='ltr'>Quinctii</span> <span class='ocrx_word' id='word_1_146' title='bbox 369 2351 522 2430; x_wconf 87' lang='lat' dir='ltr'>consulia):</span> <span class='ocrx_word' id='word_1_147' title='bbox 546 2353 584 2412; x_wconf 86' lang='lat' dir='ltr'>si</span> <span class='ocrx_word' id='word_1_148' title='bbox 605 2371 694 2428; x_wconf 86' lang='lat' dir='ltr'>ques</span> <span class='ocrx_word' id='word_1_149' title='bbox 716 2365 956 2428; x_wconf 87' lang='lat' dir='ltr'>quererentur</span> <span class='ocrx_word' id='word_1_150' title='bbox 976 2355 1068 2412; x_wconf 91' lang='lat' dir='ltr'>belli</span> <span class='ocrx_word' id='word_1_151' title='bbox 1091 2354 1215 2412; x_wconf 84' lang='lat' dir='ltr'>clades</span> <span class='ocrx_word' id='word_1_152' title='bbox 1236 2373 1286 2410; x_wconf 82' lang='lat' dir='ltr'>eae</span> 
     </span>
     <span class='ocr_line' id='line_1_21' title="bbox 229 2458 1286 2534; baseline 0 -19"><span class='ocrx_word' id='word_1_153' title='bbox 229 2458 423 2530; x_wconf 87' lang='lat' dir='ltr'>civitates,</span> <span class='ocrx_word' id='word_1_154' title='bbox 445 2479 522 2516; x_wconf 91' lang='lat' dir='ltr'>cum</span> <span class='ocrx_word' id='word_1_155' title='bbox 546 2459 679 2533; x_wconf 91' lang='lat' dir='ltr'>quibus</span> <span class='ocrx_word' id='word_1_156' title='bbox 699 2459 874 2517; x_wconf 86' lang='lat' dir='ltr'>bellatum</span> <span class='ocrx_word' id='word_1_157' title='bbox 896 2459 1007 2530; x_wconf 78' lang='lat' dir='ltr'>foret,</span> <span class='ocrx_word' id='word_1_158' title='bbox 1029 2459 1193 2531; x_wconf 76' lang='lat' dir='ltr'>arbitrie,</span> <span class='ocrx_word' id='word_1_159' title='bbox 1216 2479 1286 2534; x_wconf 90' lang='lat' dir='ltr'>quo</span> 
     </span>
     <span class='ocr_line' id='line_1_22' title="bbox 228 2563 1287 2642; baseline -0.005 -21"><span class='ocrx_word' id='word_1_160' title='bbox 228 2565 380 2637; x_wconf 83' lang='lat' dir='ltr'>vellent,</span> <span class='ocrx_word' id='word_1_161' title='bbox 419 2565 650 2642; x_wconf 88' lang='lat' dir='ltr'>populorum,</span> <span class='ocrx_word' id='word_1_162' title='bbox 683 2585 758 2622; x_wconf 88' lang='lat' dir='ltr'>cum</span> <span class='ocrx_word' id='word_1_163' title='bbox 792 2567 922 2640; x_wconf 88' lang='lat' dir='ltr'>quibua</span> <span class='ocrx_word' id='word_1_164' title='bbox 961 2585 1031 2642; x_wconf 84' lang='lat' dir='ltr'>pex</span> <span class='ocrx_word' id='word_1_165' title='bbox 1066 2563 1214 2631; x_wconf 83' lang='lat' dir='ltr'>luisset,</span> <span class='ocrx_word' id='word_1_166' title='bbox 1246 2579 1287 2617; x_wconf 87' lang='lat' dir='ltr'>se</span> 
     </span>
     <span class='ocr_line' id='line_1_23' title="bbox 229 2669 1286 2747; baseline -0.005 -20"><span class='ocrx_word' id='word_1_167' title='bbox 229 2689 383 2729; x_wconf 86' lang='lat' dir='ltr'>usurum.</span> <span class='ocrx_word' id='word_1_168' title='bbox 435 2673 540 2745; x_wconf 88' lang='lat' dir='ltr'>Neque</span> <span class='ocrx_word' id='word_1_169' title='bbox 569 2683 656 2742; x_wconf 88' lang='lat' dir='ltr'>recte,</span> <span class='ocrx_word' id='word_1_170' title='bbox 687 2671 770 2746; x_wconf 84' lang='lat' dir='ltr'>quasi</span> <span class='ocrx_word' id='word_1_171' title='bbox 802 2671 886 2747; x_wconf 81' lang='lat' dir='ltr'>plura</span> <span class='ocrx_word' id='word_1_172' title='bbox 919 2672 976 2729; x_wconf 88' lang='lat' dir='ltr'>sint</span> <span class='ocrx_word' id='word_1_173' title='bbox 1005 2669 1139 2738; x_wconf 83' lang='lat' dir='ltr'>arbitris,</span> <span class='ocrx_word' id='word_1_174' title='bbox 1169 2686 1222 2724; x_wconf 84' lang='lat' dir='ltr'>rex</span> <span class='ocrx_word' id='word_1_175' title='bbox 1243 2684 1286 2722; x_wconf 89' lang='lat' dir='ltr'>se.</span> 
     </span>
     <span class='ocr_line' id='line_1_24' title="bbox 230 2773 1287 2852; baseline -0.003 -20"><span class='ocrx_word' id='word_1_176' title='bbox 230 2795 288 2850; x_wconf 90' lang='lat' dir='ltr'>quo</span> <span class='ocrx_word' id='word_1_177' title='bbox 311 2777 414 2846; x_wconf 80' lang='lat' dir='ltr'>velint,</span> <span class='ocrx_word' id='word_1_178' title='bbox 438 2795 557 2834; x_wconf 89' lang='lat' dir='ltr'>usurum</span> <span class='ocrx_word' id='word_1_179' title='bbox 585 2778 671 2848; x_wconf 91' lang='lat' dir='ltr'>dicit,</span> <span class='ocrx_word' id='word_1_180' title='bbox 702 2797 796 2852; x_wconf 88' lang='lat' dir='ltr'>neque</span> <span class='ocrx_word' id='word_1_181' title='bbox 824 2779 966 2849; x_wconf 87' lang='lat' dir='ltr'>universe,</span> <span class='ocrx_word' id='word_1_182' title='bbox 1000 2795 1063 2835; x_wconf 90' lang='lat' dir='ltr'>cum</span> <span class='ocrx_word' id='word_1_183' title='bbox 1093 2773 1196 2849; x_wconf 85' lang='lat' dir='ltr'>quibus</span> <span class='ocrx_word' id='word_1_184' title='bbox 1225 2791 1287 2848; x_wconf 84' lang='lat' dir='ltr'>pax</span> 
     </span>
     <span class='ocr_line' id='line_1_25' title="bbox 230 2879 1288 2958; baseline -0.003 -20"><span class='ocrx_word' id='word_1_185' title='bbox 230 2879 346 2952; x_wconf 81' lang='lat' dir='ltr'>luisset,</span> <span class='ocrx_word' id='word_1_186' title='bbox 376 2883 549 2958; x_wconf 88' lang='lat' dir='ltr'>populorum</span> <span class='ocrx_word' id='word_1_187' title='bbox 582 2884 702 2942; x_wconf 83' lang='lat' dir='ltr'>arbitrio</span> <span class='ocrx_word' id='word_1_188' title='bbox 733 2883 775 2940; x_wconf 88' lang='lat' dir='ltr'>uti</span> <span class='ocrx_word' id='word_1_189' title='bbox 804 2883 939 2958; x_wconf 88' lang='lat' dir='ltr'>cuiquem</span> <span class='ocrx_word' id='word_1_190' title='bbox 969 2883 998 2940; x_wconf 93' lang='lat' dir='ltr'>in</span> <span class='ocrx_word' id='word_1_191' title='bbox 1031 2891 1153 2939; x_wconf 88' lang='lat' dir='ltr'>mentem</span> <span class='ocrx_word' id='word_1_192' title='bbox 1187 2879 1288 2936; x_wconf 81' lang='lat' dir='ltr'>venire</span> 
     </span>
     <span class='ocr_line' id='line_1_26' title="bbox 231 2987 1288 3064; baseline 0 -22"><span class='ocrx_word' id='word_1_193' title='bbox 231 2997 353 3061; x_wconf 84' lang='lat' dir='ltr'>poteret.</span> <span class='ocrx_word' id='word_1_194' title='bbox 405 2987 560 3063; x_wconf 88' lang='lat' dir='ltr'>Optionem</span> <span class='ocrx_word' id='word_1_195' title='bbox 590 3007 642 3046; x_wconf 82' lang='lat' dir='ltr'>rex</span> <span class='ocrx_word' id='word_1_196' title='bbox 664 2989 849 3064; x_wconf 80' lang='lat' dir='ltr'>querentibus</span> <span class='ocrx_word' id='word_1_197' title='bbox 876 2988 947 3046; x_wconf 86' lang='lat' dir='ltr'>fecit</span> <span class='ocrx_word' id='word_1_198' title='bbox 969 2987 1071 3044; x_wconf 84' lang='lat' dir='ltr'>arbitri</span> <span class='ocrx_word' id='word_1_199' title='bbox 1091 2987 1223 3063; x_wconf 83' lang='lat' dir='ltr'>eligendi,</span> <span class='ocrx_word' id='word_1_200' title='bbox 1245 2997 1288 3042; x_wconf 86' lang='lat' dir='ltr'>ut.</span> 
     </span>
     <span class='ocr_line' id='line_1_27' title="bbox 232 3090 1288 3169; baseline 0.002 -21"><span class='ocrx_word' id='word_1_201' title='bbox 232 3090 312 3148; x_wconf 90' lang='lat' dir='ltr'>cuius</span> <span class='ocrx_word' id='word_1_202' title='bbox 345 3091 365 3148; x_wconf 92' lang='lat' dir='ltr'>ii</span> <span class='ocrx_word' id='word_1_203' title='bbox 386 3093 492 3163; x_wconf 86' lang='lat' dir='ltr'>velint,</span> <span class='ocrx_word' id='word_1_204' title='bbox 521 3093 622 3169; x_wconf 91' lang='lat' dir='ltr'>populi</span> <span class='ocrx_word' id='word_1_205' title='bbox 651 3094 771 3152; x_wconf 79' lang='lat' dir='ltr'>arbitrio</span> <span class='ocrx_word' id='word_1_206' title='bbox 800 3112 847 3150; x_wconf 91' lang='lat' dir='ltr'>res</span> <span class='ocrx_word' id='word_1_207' title='bbox 878 3094 1060 3168; x_wconf 85' lang='lat' dir='ltr'>disceptetur.</span> <span class='ocrx_word' id='word_1_208' title='bbox 1103 3093 1208 3168; x_wconf 89' lang='lat' dir='ltr'>Itaque</span> <span class='ocrx_word' id='word_1_209' title='bbox 1229 3111 1288 3150; x_wconf 86' lang='lat' dir='ltr'>une</span> 
     </span>
    </p>
   </div>
   <div class='ocr_carea' id='block_1_3' title="bbox 231 3194 1290 3379">
    <p class='ocr_par' dir='ltr' id='par_1_3' title="bbox 231 3194 1290 3379">
     <span class='ocr_line' id='line_1_28' title="bbox 231 3194 1290 3274; baseline 0.009 -23"><span class='ocrx_word' id='word_1_210' title='bbox 231 3194 327 3253; x_wconf 83' lang='lat' dir='ltr'>littere</span> <span class='ocrx_word' id='word_1_211' title='bbox 351 3198 445 3255; x_wconf 90' lang='lat' dir='ltr'>minus</span> <span class='ocrx_word' id='word_1_212' title='bbox 468 3198 569 3256; x_wconf 85' lang='lat' dir='ltr'>Livius</span> <span class='ocrx_word' id='word_1_213' title='bbox 591 3199 719 3274; x_wconf 89' lang='lat' dir='ltr'>scripsit:</span> <span class='ocrx_word' id='word_1_214' title='bbox 750 3200 909 3268; x_wconf 71' lang='lat' dir='ltr'>arbitro,</span> <span class='ocrx_word' id='word_1_215' title='bbox 940 3217 1008 3274; x_wconf 84' lang='lat' dir='ltr'>quo</span> <span class='ocrx_word' id='word_1_216' title='bbox 1044 3199 1195 3268; x_wconf 76' lang='lat' dir='ltr'>vellent,</span> <span class='ocrx_word' id='word_1_217' title='bbox 1229 3218 1290 3274; x_wconf 85' lang='lat' dir='ltr'>po-</span> 
     </span>
     <span class='ocr_line' id='line_1_29' title="bbox 231 3300 1290 3379; baseline 0.003 -21"><span class='ocrx_word' id='word_1_218' title='bbox 231 3300 414 3376; x_wconf 86' lang='lat' dir='ltr'>pulorum,</span> <span class='ocrx_word' id='word_1_219' title='bbox 442 3323 467 3362; x_wconf 88' lang='lat' dir='ltr'>c.</span> <span class='ocrx_word' id='word_1_220' title='bbox 491 3323 519 3378; x_wconf 89' lang='lat' dir='ltr'>q.</span> <span class='ocrx_word' id='word_1_221' title='bbox 541 3323 569 3379; x_wconf 92' lang='lat' dir='ltr'>p.</span> <span class='ocrx_word' id='word_1_222' title='bbox 592 3303 622 3374; x_wconf 85' lang='lat' dir='ltr'>f.,</span> <span class='ocrx_word' id='word_1_223' title='bbox 644 3323 681 3362; x_wconf 86' lang='lat' dir='ltr'>se</span> <span class='ocrx_word' id='word_1_224' title='bbox 709 3323 867 3374; x_wconf 87' lang='lat' dir='ltr'>usurum,</span> <span class='ocrx_word' id='word_1_225' title='bbox 897 3305 953 3361; x_wconf 91' lang='lat' dir='ltr'>hoc</span> <span class='ocrx_word' id='word_1_226' title='bbox 988 3313 1046 3372; x_wconf 82' lang='lat' dir='ltr'>est,</span> <span class='ocrx_word' id='word_1_227' title='bbox 1077 3305 1196 3374; x_wconf 85' lang='lat' dir='ltr'>arbitro,</span> <span class='ocrx_word' id='word_1_228' title='bbox 1230 3323 1290 3378; x_wconf 87' lang='lat' dir='ltr'>quo</span> 
     </span>
    </p>
   </div>
   <div class='ocr_carea' id='block_1_4' title="bbox 251 3590 1292 4122">
    <p class='ocr_par' dir='ltr' id='par_1_4' title="bbox 251 3590 1292 3936">
     <span class='ocr_line' id='line_1_30' title="bbox 251 3590 1292 3660; baseline -0.001 -16"><span class='ocrx_word' id='word_1_229' title='bbox 251 3590 274 3660; x_wconf 86' lang='lat'>²)</span> <span class='ocrx_word' id='word_1_230' title='bbox 301 3593 363 3659; x_wconf 85' lang='lat' dir='ltr'>Cep.</span> <span class='ocrx_word' id='word_1_231' title='bbox 382 3601 403 3658; x_wconf 93' lang='lat' dir='ltr'>l,</span> <span class='ocrx_word' id='word_1_232' title='bbox 424 3601 438 3644; x_wconf 80' lang='lat' dir='ltr'>ti</span> <span class='ocrx_word' id='word_1_233' title='bbox 459 3609 505 3658; x_wconf 90' lang='lat' dir='ltr'>pro</span> <span class='ocrx_word' id='word_1_234' title='bbox 523 3603 704 3658; x_wconf 75' lang='lat' dir='ltr'>prorogato</span> <span class='ocrx_word' id='word_1_235' title='bbox 721 3595 857 3659; x_wconf 90' lang='lat' dir='ltr'>imperio</span> <span class='ocrx_word' id='word_1_236' title='bbox 881 3595 1038 3660; x_wconf 75' lang='lat' dir='ltr'>probabilius</span> <span class='ocrx_word' id='word_1_237' title='bbox 1057 3593 1201 3644; x_wconf 76' lang='lat' dir='ltr'>Gronovius</span> <span class='ocrx_word' id='word_1_238' title='bbox 1219 3609 1292 3658; x_wconf 92' lang='lat' dir='ltr'>pro·</span> 
     </span>
     <span class='ocr_line' id='line_1_31' title="bbox 302 3687 1291 3757; baseline 0 -20"><span class='ocrx_word' id='word_1_239' title='bbox 302 3698 418 3752; x_wconf 77' lang='lat' dir='ltr'>rogate</span> <span class='ocrx_word' id='word_1_240' title='bbox 440 3687 576 3752; x_wconf 89' lang='lat' dir='ltr'>imperia</span> <span class='ocrx_word' id='word_1_241' title='bbox 599 3687 812 3752; x_wconf 71' lang='lat' dir='ltr'>(preteribat</span> <span class='ocrx_word' id='word_1_242' title='bbox 835 3689 956 3752; x_wconf 86' lang='lat' dir='ltr'>prioris</span> <span class='ocrx_word' id='word_1_243' title='bbox 984 3689 1073 3748; x_wconf 86' lang='lat' dir='ltr'>enni)</span> <span class='ocrx_word' id='word_1_244' title='bbox 1092 3687 1196 3752; x_wconf 83' lang='lat' dir='ltr'>scripsit</span> <span class='ocrx_word' id='word_1_245' title='bbox 1212 3701 1291 3757; x_wconf 84' lang='lat' dir='ltr'>quam</span> 
     </span>
     <span class='ocr_line' id='line_1_32' title="bbox 302 3778 1292 3844; baseline -0.004 -14"><span class='ocrx_word' id='word_1_246' title='bbox 302 3780 433 3830; x_wconf 83' lang='lat' dir='ltr'>Drakenb.</span> <span class='ocrx_word' id='word_1_247' title='bbox 452 3789 666 3844; x_wconf 72' lang='lat' dir='ltr'>prorogatum</span> <span class='ocrx_word' id='word_1_248' title='bbox 686 3780 863 3843; x_wconf 88' lang='lat' dir='ltr'>imperinm.</span> <span class='ocrx_word' id='word_1_249' title='bbox 893 3779 992 3829; x_wconf 88' lang='lat' dir='ltr'>Plurali</span> <span class='ocrx_word' id='word_1_250' title='bbox 1010 3794 1115 3829; x_wconf 89' lang='lat' dir='ltr'>numero</span> <span class='ocrx_word' id='word_1_251' title='bbox 1139 3781 1165 3828; x_wconf 89' lang='lat' dir='ltr'>in</span> <span class='ocrx_word' id='word_1_252' title='bbox 1182 3779 1232 3828; x_wconf 86' lang='lat' dir='ltr'>hnc</span> <span class='ocrx_word' id='word_1_253' title='bbox 1249 3778 1292 3826; x_wconf 91' lang='lat' dir='ltr'>lo·</span> 
     </span>
     <span class='ocr_line' id='line_1_33' title="bbox 302 3869 1290 3936; baseline -0.003 -16"><span class='ocrx_word' id='word_1_254' title='bbox 302 3871 395 3936; x_wconf 85' lang='lat' dir='ltr'>quendi</span> <span class='ocrx_word' id='word_1_255' title='bbox 414 3869 496 3920; x_wconf 77' lang='lat' dir='ltr'>forma</span> <span class='ocrx_word' id='word_1_256' title='bbox 513 3872 592 3920; x_wconf 84' lang='lat' dir='ltr'>utitur</span> <span class='ocrx_word' id='word_1_257' title='bbox 610 3872 697 3922; x_wconf 83' lang='lat' dir='ltr'>Livius</span> <span class='ocrx_word' id='word_1_258' title='bbox 714 3871 821 3932; x_wconf 79' lang='lat' dir='ltr'>xxiv,</span> <span class='ocrx_word' id='word_1_259' title='bbox 846 3878 893 3934; x_wconf 76' lang='lat' dir='ltr'>tt,</span> <span class='ocrx_word' id='word_1_260' title='bbox 917 3871 1050 3932; x_wconf 84' lang='lat' dir='ltr'>xxvm,</span> <span class='ocrx_word' id='word_1_261' title='bbox 1070 3877 1118 3932; x_wconf 76' lang='lat'>⁴5,</span> <span class='ocrx_word' id='word_1_262' title='bbox 1138 3869 1226 3930; x_wconf 80' lang='lat' dir='ltr'>XXX,</span> <span class='ocrx_word' id='word_1_263' title='bbox 1246 3873 1290 3918; x_wconf 80' lang='lat'>27.</span> 
     </span>
    </p>

    <p class='ocr_par' dir='ltr' id='par_1_5' title="bbox 252 3955 1292 4122">
     <span class='ocr_line' id='line_1_34' title="bbox 252 3955 1292 4028; baseline -0.004 -14"><span class='ocrx_word' id='word_1_264' title='bbox 252 3955 278 4024; x_wconf 77' lang='lat'>⁸)</span> <span class='ocrx_word' id='word_1_265' title='bbox 307 3963 371 4026; x_wconf 80' lang='lat' dir='ltr'>Cap.</span> <span class='ocrx_word' id='word_1_266' title='bbox 390 3968 414 4022; x_wconf 80' lang='lat'>8,</span> <span class='ocrx_word' id='word_1_267' title='bbox 434 3965 447 4012; x_wconf 77' lang='lat' dir='ltr'>t</span> <span class='ocrx_word' id='word_1_268' title='bbox 468 3964 671 4028; x_wconf 87' lang='lat' dir='ltr'>eBceterisque</span> <span class='ocrx_word' id='word_1_269' title='bbox 689 3965 763 4014; x_wconf 81' lang='lat' dir='ltr'>codd.</span> <span class='ocrx_word' id='word_1_270' title='bbox 782 3966 964 4014; x_wconf 83' lang='lat' dir='ltr'>restituendum</span> <span class='ocrx_word' id='word_1_271' title='bbox 983 3967 1110 4015; x_wconf 78' lang='lat' dir='ltr'>socium</span> <span class='ocrx_word' id='word_1_272' title='bbox 1127 3971 1158 4012; x_wconf 87' lang='lat' dir='ltr'>et</span> <span class='ocrx_word' id='word_1_273' title='bbox 1176 3961 1292 4012; x_wconf 81' lang='lat' dir='ltr'>Latini</span> 
     </span>
     <span class='ocr_line' id='line_1_35' title="bbox 304 4055 830 4122; baseline 0.01 -20"><span class='ocrx_word' id='word_1_274' title='bbox 304 4055 443 4104; x_wconf 85' lang='lat' dir='ltr'>nominis</span> <span class='ocrx_word' id='word_1_275' title='bbox 462 4057 533 4119; x_wconf 74' lang='lat' dir='ltr'>(prot</span> <span class='ocrx_word' id='word_1_276' title='bbox 552 4057 674 4106; x_wconf 86' lang='lat' dir='ltr'>socium</span> <span class='ocrx_word' id='word_1_277' title='bbox 694 4057 764 4106; x_wconf 82' lang='lat' dir='ltr'>Lat.</span> <span class='ocrx_word' id='word_1_278' title='bbox 783 4058 830 4122; x_wconf 80' lang='lat' dir='ltr'>n).</span> 
     </span>
    </p>
   </div>
   <div class='ocr_carea' id='block_1_5' title="bbox 0 0 1414 4646">
    <p class='ocr_par' dir='ltr' id='par_1_6' title="bbox 0 0 1414 4646">
     <span class='ocr_line' id='line_1_36' title="bbox 0 0 1414 4646; baseline 0 0"><span class='ocrx_word' id='word_1_279' title='bbox 0 0 1414 4646; x_wconf 95' lang='lat' dir='ltr'> </span> 
     </span>
    </p>
   </div>
  </div>
 </body>
</html>
