2800 4646
284 272 341 323 Lib.
353 271 455 326 xxiv.
756 275 793 331 27
797 277 815 332 4

253 458 334 534 regi
365 453 491 516 facilis
521 465 603 514 eret
633 455 742 514 levor
773 457 867 532 apud
896 455 1165 533 Syracusanos,
1192 477 1319 518 sncce-

253 564 506 648 dentintentae
551 561 705 619 ceritati
746 560 939 632 Hieronis3
975 581 1096 620 verum
1129 566 1318 623 enimvero

252 670 500 746 Hieronymus
529 675 584 726 cet.
639 669 719 726 Rero
750 687 803 726 usu
833 669 934 726 Livius
965 669 1026 726 vix
1056 669 1198 743 quidem
1230 672 1318 737 dixit,

253 774 496 850 quemadmodum
529 773 599 832 alibi
624 793 692 830 non
722 775 865 850 quidem
894 775 931 846 (Ι,
959 775 1008 845 29,
1036 777 1064 844 l,
1091 777 1155 848 IX,
1189 780 1235 846 19,
1261 781 1318 848 14,

252 882 356 948 XXV,
380 883 428 950 36,
451 881 484 950 23
506 879 558 936 cfr.
580 881 653 938 Teo.
676 881 753 938 Hist.
779 885 804 951 1,
826 883 875 950 63,
905 880 980 938 Plin.
1004 881 1060 956 Ep.
1084 883 1138 955 VI,
1162 886 1199 942 32
1222 884 1317 958 cett),

253 987 302 1044 nbi
324 985 427 1044 Cicero
449 995 499 1042 eut
520 1003 680 1062 pronomen
701 987 856 1063 interponit
879 997 929 1044 eut
950 985 1034 1043 aliter
1050 989 1220 1046 sententiam
1244 1007 1316 1046 con-

252 1093 367 1151 formet.
416 1091 473 1152 Sed
500 1093 567 1149 ulli
593 1111 684 1168 prave
705 1093 830 1168 ponitur,
853 1093 1009 1168 quesihaec
1030 1093 1069 1149 sit
1087 1095 1237 1166 sententie,
1263 1097 1317 1152 vix

252 1199 303 1257 nlli
328 1199 444 1257 omnino
466 1199 544 1258 bono
566 1200 629 1274 regi
652 1198 766 1257 facilem
781 1197 909 1256 futurum
931 1197 1020 1256 fuisse
1041 1197 1182 1270 favorem,
1206 1203 1315 1260 nedum

253 1316 343 1377 certo,
380 1307 416 1364 de
437 1323 495 1381 quo
518 1315 632 1381 agetur,
663 1305 740 1362 bono
762 1305 840 1382 regi,
874 1323 961 1380 quum
988 1305 1064 1362 hene
1085 1323 1148 1362 esse
1169 1317 1315 1382 oporteat,

251 1413 302 1469 vix
321 1413 398 1474 bono
420 1411 483 1488 regi
503 1411 618 1468 facilem
641 1409 770 1468 futurum
794 1411 892 1480 fuisse,
923 1411 1027 1468 nedum
1049 1411 1126 1469 melo
1151 1431 1315 1489 pravoque,

252 1519 345 1595 qualis
372 1519 568 1594 Hieronymus
600 1516 668 1587 suit3
708 1517 807 1593 itaque
838 1519 867 1574 in
903 1519 996 1575 bono
1026 1517 1138 1594 pondus
1173 1521 1315 1578 orationis

252 1635 309 1696 est3
333 1625 383 1683 ille
403 1624 489 1706 ullius¹
511 1641 548 1680 ex
576 1631 638 1680 toto
668 1639 773 1698 genere
798 1623 970 1699 significatio
999 1627 1168 1684 sententiam
1199 1628 1313 1684 evertit.

253 1730 388 1802 (Omissa
418 1729 486 1788 boni
516 1727 717 1804 moderatique
752 1730 828 1805 regis
857 1729 1067 1806 significatione
1099 1742 1215 1807 poteret
1246 1733 1315 1802 dici,

251 1836 302 1892 vix
325 1835 413 1892 ullum
435 1853 532 1910 regem
555 1833 729 1909 placiturum
751 1833 849 1906 fuisse,
873 1835 978 1893 nedum
1001 1835 1098 1909 telem,
1122 1839 1216 1913 qualis
1240 1839 1313 1896 Hie·

251 1959 389 2018 ronymus
417 1940 495 2017 brit.)
543 1941 641 2000 Unum
670 1940 800 2016 praeponi
829 1941 971 1999 adiectivo
997 1953 1094 2018 potest
1120 1945 1194 2000 vel:
1237 1944 1314 2004 Vix

252 2046 393 2121 quidem
415 2047 473 2104 vel
495 2048 590 2104 bono
613 2047 876 2121 moderatoque
897 2049 978 2124 regi
1001 2059 1066 2118 cet„
1088 2051 1174 2108 etsie
1195 2051 1313 2109 Livium

252 2153 401 2228 scripsisse
422 2163 502 2228 puto.
551 2154 611 2212 Pro
639 2153 697 2210 vel
725 2153 810 2210 huius
831 2153 896 2210 libri
919 2171 942 2210 c.
966 2155 1013 2222 22,
1039 2159 1053 2212 7
1077 2154 1107 2210 in
1129 2157 1155 2212 P
1177 2155 1314 2213 scribitur

253 2260 354 2316 uelut
375 2258 446 2332 (nel
467 2255 770 2332 munitissima).¹)

335 2363 408 2440 Cep.
433 2367 465 2434 11,
492 2367 525 2421 10
563 2364 610 2438 (de
645 2364 680 2438 Q.
711 2363 805 2421 Fabio
827 2364 945 2421 consule
976 2365 1011 2422 ii's
1047 2367 1170 2425 comitiis
1203 2377 1313 2438 cresto,

253 2489 317 2546 qum
344 2471 405 2546 ipse
426 2471 699 2544 consulhsbebet):
729 2471 883 2545 Tempus
912 2489 952 2528 sc
983 2473 1194 2530 necessitas
1225 2474 1313 2531 belli

253 2595 292 2634 ec
314 2577 508 2634 discrimen
529 2595 671 2635 summm
691 2595 808 2633 rerum
831 2574 1035 2646 faciebant,
1068 2597 1110 2634 ne
1139 2579 1221 2653 quis
1251 2591 1314 2636 sut

251 2683 286 2740 in
317 2683 519 2758 exemplum
550 2681 764 2758 exquireret
796 2690 857 2738 eut
888 2692 1098 2758 suspectum
1133 2684 1313 2760 cupidita-

251 2790 299 2847 tis
325 2789 474 2864 imperii
507 2789 694 2847 consulem
722 2788 884 2850 heberet.
936 2789 1021 2862 Quod
1043 2809 1090 2846 me
1116 2797 1183 2846 ente
1207 2789 1313 2846 multos

252 2912 344 2951 annos
367 2891 501 2966 offendit,
535 2895 570 2952 in
612 2893 815 2970 exemplum
845 2893 1059 2969 exquirere,
1093 2897 1124 2953 in
1159 2914 1195 2952 eo
1225 2895 1312 2952 etism

253 3000 505 3059 Weissenbomius
526 3001 622 3071 haesit3
656 3001 707 3058 sed
730 3002 807 3075 quod
829 2999 954 3058 fortasse
980 3001 1186 3076 inquireret
1206 3001 1312 3059 substi-

252 3106 389 3164 tuendum
411 3117 495 3184 putet
516 3117 545 3166 et
565 3083 729 3183 exemplum
753 3116 813 3165 tum
839 3108 869 3165 in
891 3116 1038 3183 posterum
1060 3107 1207 3184 proditum
1228 3105 1312 3164 intel·

251 3211 323 3288 ilgit,
344 3232 438 3288 neque
460 3213 623 3292 exemplum
646 3213 722 3270 nude
743 3213 868 3290 positum
892 3214 934 3270 sic
956 3214 1049 3289 accipi
1070 3223 1184 3290 potest,
1218 3232 1312 3287 neque

253 3388 449 3396 ———

269 3507 293 3575 ¹)
321 3512 384 3576 Gap.
398 3517 421 3572 7,
441 3517 457 3560 4
474 3509 575 3558 W.eP
594 3509 685 3558 edidit:
704 3509 750 3558 ibi
770 3523 843 3560 cum
862 3509 983 3558 structi
1002 3509 1187 3570 armatique
1206 3509 1310 3557 ceteri

322 3637 353 3652 ..
374 3611 511 3655 sterent.
547 3603 644 3652 Eodem
666 3602 742 3650 modo
761 3601 782 3660 1,
803 3607 846 3659 23,
866 3605 881 3648 6
900 3601 1068 3650 recentissimi
1078 3609 1130 3650 tres
1149 3599 1259 3650 editores
1277 3613 1311 3648 ex

321 3697 412 3746 Pmffl
439 3697 607 3760 scripserunt:
633 3703 807 3758 postquem
835 3693 952 3743 structi
980 3695 1144 3755 utrimque
1169 3693 1309 3742 etobsnt.

323 3790 435 3854 Utroque
460 3789 519 3839 loco
543 3787 666 3853 praecedit
685 3803 716 3840 ιιι.
763 3785 794 3834 In
819 3785 932 3834 Vindob.
952 3793 1038 3834 temen
1056 3785 1142 3845 XLII,
1162 3789 1204 3842 st,
1223 3790 1239 3834 8
1257 3799 1309 3834 non

321 3884 479 3948 precedente
511 3897 533 3934 ιιι
562 3880 693 3930 scribitur:
720 3887 863 3928 armatos
888 3880 917 3928 in
944 3893 1057 3943 cumpo
1083 3879 1217 3928 stroxit.
1261 3879 1310 3927 Re·

322 3977 475 4026 stituendum
494 3974 669 4034 instructi,
687 3973 859 4026 instruxit.
896 3972 974 4022 Acies
997 3971 1082 4036 ulique
1109 3972 1188 4022 modo
1211 3971 1309 4030 strui,

322 4068 370 4118 hoc
389 4075 436 4126 est,
456 4067 567 4117 ordinari
588 4075 612 4116 ct
626 4065 743 4130 componi
764 4065 814 4114 dici
832 4071 925 4129 potest,
944 4063 1038 4115 milltes
1056 4071 1155 4113 tentum
1174 4065 1309 4115 instrui.
