2820 4646
232 223 289 274 hio.
303 222 400 272 XLIV.
742 225 800 280 576

316 405 390 483 Cep.
415 408 464 476 26,
492 410 503 464 l
529 417 558 464 et
581 407 599 464 2
623 424 689 480 quta
704 404 887 466 emendenda
901 413 993 476 erent,
1018 406 1139 464 alterum
1165 416 1195 464 et
1208 407 1306 464 maiae

234 512 402 574 Gronovius
434 513 580 590 precepit,
604 513 727 570 alterum
750 529 838 586 quum
867 511 930 586 ipee
953 513 1172 580 emendaeeem,
1201 513 1263 570 vidi
1287 533 1306 568 a

233 617 405 694 Kreyssigio
427 599 462 676 'et
491 618 629 676 Belukero
665 627 849 694 occupatam.
903 617 983 675 Nem
1014 637 1101 693 quum
1133 618 1162 675 in
1195 618 1307 676 codicis

234 723 377 798 scriptura
409 723 534 798 primum
568 723 690 780 ridicule
711 724 856 790 Perseus,
884 723 934 797 qui
961 723 1190 800 reprehenditur,
1225 723 1307 798 quod

234 847 336 906 pacem
352 828 475 903 pecunie
490 846 587 885 emere
609 826 744 897 noluerit,
768 827 960 903 pecuniam
986 839 1098 887 tutem
1121 839 1156 886 et
1178 847 1307 905 pacem

235 936 370 994 hebere
391 933 522 1009 potuisse
544 931 659 989 dicatur
682 931 780 1005 (quasi
802 951 879 1002 non,
909 943 941 989 ut
961 952 1065 1009 pacem
1089 936 1220 1004 haberet,
1251 953 1306 1009 pe·

236 1041 321 1099 cunia
342 1039 511 1096 dimittenda
527 1036 639 1108 fuerit),
661 1035 766 1094 deinde
790 1038 888 1096 nascio
911 1040 981 1114 quid
1004 1059 1148 1117 nugarum
1170 1049 1309 1096 narretur

236 1147 272 1204 de
286 1147 396 1204 Perseo
419 1151 569 1218 recepto
586 1149 639 1211 (ex
662 1159 721 1216 quo
743 1143 918 1202 reiectum
940 1165 1033 1222 nuper
1048 1145 1306 1204 Weissenborniue

236 1250 313 1322 fecit,
346 1251 430 1327 quasi
460 1249 584 1306 reiectus
617 1247 743 1304 Perseus
775 1250 813 1306 ab
834 1249 966 1308 Eumene
994 1253 1117 1310 fideliter
1137 1253 1306 1310 Romenern

237 1359 403 1416 societatem
437 1363 535 1412 tuente
565 1363 594 1410 et
623 1351 785 1410 mercedem
820 1365 973 1430 spernente
995 1358 1217 1433 protrahere
1239 1375 1305 1414 eum

238 1463 403 1520 mercede
424 1469 592 1520 onustum
625 1457 784 1534 potuerit),
813 1459 982 1519 Gronovius
1003 1461 1191 1538 sagacissime
1213 1461 1306 1537 ecrip·

238 1571 287 1628 eit:
321 1588 425 1644 quum
456 1567 613 1643 pecunie
648 1565 793 1628 ltuilltt
826 1573 888 1632 ni
918 1586 1044 1643 pacem
1077 1569 1211 1626 habere
1242 1587 1308 1642 per

238 1677 430 1734 Eumenem
562 1683 624 1730 aut
664 1675 838 1753 dteoplu
884 1675 1104 1748 protrahere
1139 1673 1307 1730 mercede

239 1789 406 1838 onustum
528 1787 670 1855 posset,
707 1795 831 1854 eamque
865 1779 1094 1836 emendationem
1122 1779 1234 1836 maiore
1269 1797 1307 1836 ex

239 1895 322 1963 perte
344 1903 419 1942 nunc
440 1884 526 1954 idem,
558 1885 608 1960 qui
632 1884 811 1959 superiorem
836 1894 982 1954 nostram,
1014 1885 1130 1960 egregie
1152 1886 1307 1942 coufirmat

239 1991 380 2067 Polybius
402 1989 520 2064 (iregnr.
543 1989 624 2058 Vah,
646 1991 770 2060 XXIX,
798 1995 807 2048 l
833 1989 854 2048 f.
876 2009 905 2066 p.
933 1993 1009 2048 1034
1033 1991 1154 2063 Bellen
1187 1990 1220 2051 εί
1240 1990 1306 2072 μὲν

239 2087 305 2180 ydp
328 2086 517 2178 ουνήργηοέ
538 2117 569 2156 τι
595 2084 779 2175 (Εὐμένης)
810 2093 878 2156 τῶν
907 2086 991 2156 ποιοί
1015 2087 1077 2164 colu
1101 2093 1307 2179 ἐπαγγελίας

240 2201 294 2266 καὶ
317 2199 446 2264 διίλοοο
468 2191 530 2262 τόν
552 2188 719 2280 πόλεμον,
738 2203 788 2270 εἰς
804 2193 909 2264 καλόν
927 2192 949 2284 ἠ
964 2193 1065 2272 do'otr·
1079 2203 1110 2264 εἰ
1131 2198 1164 2264 dl
1177 2191 1307 2283 ταύτης

239 2299 431 2389 διεψεύσθη
465 2303 527 2386 τῆς
563 2301 701 2376 ἐλπίδος
736 2309 810 2382 (out
845 2309 1054 2386 deceptus),
1087 2305 1136 2375 είς
1172 2328 1211 2388 γε
1241 2302 1308 2388 τήν

239 2406 326 2495 πρός
343 2404 540 2494 Ῥωμαίους
555 2413 686 2493 ἔχθραν
707 2403 990 2496 ὁμολογοομίνως
1012 2404 1215 2495 α’νοοανιλόν
1237 2417 1306 2487 (ecr.

237 2510 520 2602 dptoloyovpte'vur
547 2509 592 2578 dv
616 2507 737 2594 αὐτόν)
774 2514 991 2602 ἐμβεβλήκει.
1050 2522 1089 2580 Et
1109 2523 1165 2579 hoc
1187 2519 1306 2594 quidem

238 2626 384 2688 Gronovii
412 2627 559 2684 inventurn
588 2634 650 2696 est,
677 2625 707 2682 in
741 2645 799 2700 quo
828 2645 916 2685 unum
946 2628 1091 2686 tentule
1112 2637 1222 2683 certum
1247 2644 1306 2682 non

237 2741 295 2802 aet;
329 2717 404 2790 narn
419 2741 515 2808 potest
536 2732 623 2788 etiarn
647 2731 738 2789 lutera
767 2732 854 2790 deta
884 2735 1053 2809 (pecunie
1074 2733 1170 2804 date)
1193 2740 1246 2790 aut
1267 2733 1306 2789 ei-

237 2837 303 2894 mile
324 2836 517 2912 perticipium.
579 2837 695 2895 Deinde
728 2857 745 2894 e
780 2839 887 2896 codicis
917 2841 1074 2916 scripture:
1107 2839 1305 2896 sedtemte-

236 2941 335 3018 genti
351 2951 428 3000 recte
443 2943 631 3020 Kreyssigiue
658 2951 743 3000 ante
766 2943 824 3016 (cui
839 2945 1009 3020 respondet:
1029 2953 1063 3002 et
1083 2953 1156 3002 tum
1178 2943 1305 3002 Gallo·

236 3051 324 3116 rum)
347 3047 430 3118 eruit,
462 3048 514 3104 sed
539 3048 608 3105 iam
642 3049 737 3106 minus
759 3057 837 3105 recte
858 3049 983 3121 eddidit3
1012 3050 1117 3108 rectius
1138 3049 1305 3108 Belrkerus:

236 3155 300 3212 eed
323 3163 357 3210 et
381 3161 465 3210 ente
487 3153 615 3213 Gentii
723 3162 758 3210 et
780 3163 852 3212 tum
875 3155 1069 3216 Gallorum
1173 3154 1305 3230 ingene

236 3259 398 3318 oblatum
421 3253 634 3339 [auxilium]
657 3259 822 3316 everitie
844 3262 1032 3322 dimissum
1050 3270 1113 3320 est.
1147 3260 1305 3335 Hisigitur

236 3366 394 3443 occupatis,
416 3365 618 3440 relinquuntur
638 3371 736 3421 temen
758 3364 787 3421 iu
809 3365 866 3423 hoc
889 3365 984 3441 capite
1006 3365 1064 3422 alia
1083 3365 1217 3441 quedam
1240 3383 1304 3422 cor-

305 3635 367 3704 περὶ
388 3638 442 3688 τῶν
461 3632 586 3704 ὁμήρων,
609 3632 685 3688 πόσα
708 3633 754 3687 καλ
779 3631 848 3690 πότι
866 3631 1026 3703 πέμπεσθαι
1055 3633 1102 3688 uel
1132 3638 1189 3698 πῶς
1213 3634 1304 3706 δεήσει

305 3730 394 3781 ταῦτα
406 3731 554 3796 τηρεῖσθαι.
572 3723 650 3795 παρὰ
669 3731 729 3789 τοῖς
743 3727 893 3790 Κνωσίοις,
913 3739 1026 3794 apparet,
1046 3723 1151 3795 ἐλέγετο
1169 3721 1239 3796 erepl'
1251 3731 1304 3781 cdv

305 3816 417 3889 ὁμήρων
434 3821 497 3870 nihil
516 3835 582 3875 cese.
618 3821 701 3872 Scribi
721 3821 798 3870 dehet
821 3817 947 3890 ἠπείγετο
967 3820 1128 3883 (festinebat,
1151 3821 1305 3872 festinanter

305 3916 415 3976 agebat).
451 3914 566 3977 Livius}
589 3919 617 3962 8:
644 3914 680 3962 de
698 3915 872 3964 obsidibus
896 3912 1102 3978 recipiendia
1126 3913 1196 3962 eine
1222 3913 1303 3962 dile·

304 4006 393 4054 tione
413 4005 541 4066 agebat.
