2820 4646
623 275 680 331 587
1009 273 1065 322 Lib.
1084 273 1185 322 XLIV.

124 454 276 530 pervelim,
299 457 378 532 qnod
400 475 485 514 nemo
506 455 690 514 indicandum
713 456 836 532 putarit,
852 456 997 530 quodnam
1020 458 1138 516 verbnm
1149 459 1184 524 sr-

123 561 214 617 nitum
238 561 275 618 ad
297 561 470 639 particulam
493 582 535 620 en
555 563 729 620 audiendum
752 561 876 620 editores
898 561 1036 638 putarint,
1057 582 1116 638 qua
1136 564 1183 621 in-

121 666 298 742 terrogando
328 687 400 726 vera
435 669 508 727 lictis
542 668 688 726 contrario
718 661 879 743 ponuntur;
916 667 1020 744 (mixta
1041 681 1085 727 est
1106 670 1182 728 enim

121 771 183 830 haee
205 773 309 843 oratio,
331 783 363 831 nt
384 775 421 832 ad
434 775 629 846 ,xxxviia
653 776 690 831 59
727 794 757 850 p.
784 778 843 831 450
876 775 1007 849 exposui,
1030 794 1067 833 ex
1087 775 1181 834 ironia

121 877 265 936 etaltera
297 881 428 937 membro
459 881 693 957 interrogationis
715 879 911 951 disinncfim,
941 881 1025 954 quasi
1056 881 1182 940 dicatur:

121 985 251 1045 Utrum
274 994 401 1042 castra
439 987 587 1044 mnnita
703 986 957 1044 habuissemus
1065 1005 1107 1044 an
1129 988 1182 1044 ni·

122 1089 172 1146 hil
194 1089 318 1147 nostri
340 1089 418 1171 cet).
473 1093 547 1150 Mihi
568 1111 656 1150 unum
678 1093 770 1169 repeti
791 1111 878 1169 posse
899 1093 1014 1149 ridetur
1034 1093 1183 1151 habuis·

121 1213 249 1253 semus.
294 1196 366 1270 Quae
394 1207 461 1254 sunt
481 1197 569 1273 igitur
590 1199 634 1256 has
658 1199 774 1256 sordes:
803 1217 845 1255 an
867 1197 958 1255 nihil
979 1198 1098 1255 nostri
1121 1199 1181 1256 ha-

121 1303 250 1361 bentes
271 1312 404 1378 praeter
433 1305 568 1362 nudum
592 1323 755 1380 campum
791 1303 1065 1362 habuissemus?
1096 1305 1182 1370 (Roc·
1242 1305 1243 1308 ’

120 1419 182 1466 tum
204 1407 333 1466 laturum
358 1419 430 1480 erat,
443 1431 521 1469 novo
537 1413 626 1470 verbo
644 1411 769 1469 adscito:
793 1429 836 1468 an
857 1409 951 1468 nihil
972 1409 1094 1468 nostri
1121 1411 1180 1466 ha·

120 1517 252 1573 bentes
274 1535 325 1592 pr.
347 1536 374 1574 n.
397 1535 421 1574 e.
445 1517 734 1595 pugnassemus?
780 1517 839 1576 Sed
869 1517 898 1574 id
922 1535 957 1573 ne
981 1533 1078 1572 errore
1112 1515 1175 1590 qui·

121 1623 188 1679 dem
211 1622 358 1680 memoriae
380 1623 565 1681 obversatum
590 1623 667 1682 Livii
700 1624 797 1682 animo
819 1623 974 1680 ostendunt
995 1621 1121 1678 adiecta:
1143 1621 1179 1678 in

120 1745 190 1802 quo
211 1731 485 1804 pugnaremus.)
534 1731 638 1805 Itaque
659 1730 714 1787 nisi
735 1728 821 1805 plura
843 1737 1076 1804 corruptarum,
1099 1727 1180 1785 onius

119 1835 162 1892 rei
185 1834 292 1891 nullum
318 1843 361 1891 est
382 1835 538 1906 indicium,
570 1835 728 1892 tollendum
751 1845 795 1892 est
816 1835 1016 1904 hebentes,
1050 1833 1179 1891 additam

120 1941 159 1998 ab
182 1934 292 2015 aliquo,
315 1939 365 2016 qui
387 1941 526 1999 orationis
547 1941 672 1999 formam
695 1961 753 1999 non
774 1941 964 1999 intellexerat.
1022 1941 1057 1998 In
1079 1941 1181 1998 eadem

119 2045 252 2104 oratione
276 2051 291 2116 §
316 2049 331 2102 7
359 2057 387 2105 et
410 2049 427 2106 8
449 2049 510 2105 haeo
533 2047 683 2123 leguntur:
706 2048 782 2124 Ego
805 2057 925 2104 autem
947 2065 1066 2121 neque
1087 2065 1180 2104 man·

120 2171 245 2210 surum
268 2171 343 2209 enm
380 2154 521 2224 (hostem,
557 2155 677 2222 Persea)
711 2173 827 2230 neque
855 2155 891 2210 in
912 2153 1027 2210 aciem
1051 2153 1180 2228 copies

121 2260 335 2316 educturum
358 2257 473 2317 luisse
496 2271 633 2317 certum
657 2259 834 2330 habeo‚si
855 2259 986 2316 cedere
1007 2258 1089 2315 hino
1110 2267 1179 2315 sta-

120 2365 266 2424 tuisset.
314 2363 460 2437 Quanto
488 2365 580 2423 enim
617 2365 775 2423 facilius
812 2363 915 2420 abire
946 2361 1038 2433 fuit,
1073 2382 1179 2438 quum

120 2471 248 2547 procul
269 2471 492 2542 abossemns,
515 2491 620 2548 quam
643 2491 750 2542 nunc,
784 2488 888 2544 quum
909 2469 944 2526 in
966 2469 1179 2528 cervicibus

121 2576 264 2635 sumus?
319 2577 393 2636 Neo
422 2577 572 2637 falleret
605 2597 670 2636 nos
703 2577 867 2634 interdiu
901 2587 962 2632 aut
990 2585 1095 2634 nocte
1117 2577 1179 2633 ab·

124 2685 248 2742 eundo.
302 2683 399 2757 Quid
422 2695 542 2742 autem
572 2695 629 2744 est
663 2685 770 2742 nobis
798 2682 969 2759 optatius
1006 2693 1180 2757 onomat,

122 2809 273 2864 quorum
301 2800 424 2848 castra
456 2792 610 2867 praeite
637 2790 805 2848 lluminis
832 2789 912 2866 ripa
933 2797 1013 2846 tuta
1120 2807 1180 2864 op-

120 2915 283 2972 pugnare
304 2895 430 2953 edorti
452 2915 585 2968 sumus,
606 2915 667 2955 eos
689 2941 717 2957 ..
746 2897 888 2972 agmine
909 2893 1033 2954 effuso
1049 2895 1181 2952 abenn-

119 3013 178 3060 tes
206 3047 234 3062 ..
263 3003 307 3060 ab
329 3013 435 3079 tergo
460 3001 693 3062 adoriamur?
731 3000 797 3081 (sie
823 3002 1009 3080 Kreyssigius
1035 3012 1064 3059 et
1084 3001 1180 3060 Weis-

120 3107 305 3178 senbornins3
330 3118 417 3166 anteo
438 3109 591 3168 edebatur:
624 3110 654 3167 N
662 3127 699 3167 ee
720 3108 872 3166 falleret
896 3127 960 3166 nos
981 3128 1046 3168 nee
1067 3109 1180 3166 inter·

120 3214 179 3272 diu
198 3233 263 3274 nee
285 3223 397 3273 nocte
418 3217 597 3276 abeundo.
646 3215 740 3289 Quid
762 3225 817 3276 oet.
865 3213 967 3274 Codex
993 3215 1095 3273 habet:
1117 3234 1182 3274 nee

119 3320 255 3380 fallere
277 3339 345 3379 nos
366 3341 433 3380 neo
454 3323 617 3380 interdiu
647 3332 709 3380 aut
742 3332 849 3380 nocte
880 3321 1093 3378 abeundtem
1125 3331 1181 3379 est

119 3428 225 3486 nobis
248 3437 397 3504 optatus
420 3447 571 3504 quarum
594 3437 632 3485 ut
650 3445 802 3502 quorum
825 3437 950 3487 eastra
969 3438 1022 3484 cet.
1070 3427 1181 3504 Kreys-

119 3534 210 3610 sigius
241 3553 334 3610 neque
364 3535 461 3592 omnia
483 3533 621 3592 indicavit
656 3545 684 3591 et
705 3535 839 3612 errarit.)
893 3534 1023 3592 Primum
1055 3535 1092 3591 ab
1125 3534 1182 3591 hae

119 3639 314 3716 descriptione
336 3649 429 3698 status
451 3641 529 3710 eius,
553 3641 601 3715 qui
623 3659 699 3698 nuno
722 3651 778 3698 est:
799 3659 904 3716 quam
926 3659 1036 3712 nuno,
1070 3659 1179 3716 quum

120 3747 157 3804 ia
180 3747 395 3805 cervicibus
417 3765 559 3816 sumus,
588 3766 679 3823 prave
701 3763 853 3824 separatur
874 3757 967 3804 toturn
990 3747 1078 3818 illud,
1101 3747 1180 3822 quod

120 3854 221 3912 eodem
244 3853 381 3930 pertinet:
407 3873 473 3912 neo
494 3853 645 3912 falleret
666 3863 719 3912 etc.
769 3853 883 3912 Deinde
904 3871 962 3910 non
984 3861 1061 3910 recte
1083 3853 1181 3924 deso,

119 3960 200 4038 qnod
221 3979 307 4032 nuno,
328 3960 353 4017 si
374 3967 464 4018 tentet
486 3961 620 4031 Perseus,
642 3961 704 4018 fieri
727 3969 861 4036 nequeat,
883 3959 1001 4036 ponitur
1021 3977 1085 4016 nec
1114 3957 1181 4016 lal-

118 4065 214 4124 lerst
236 4067 317 4142 (prot
341 4085 405 4124 neo
425 4065 533 4124 iellst
554 4076 605 4124 aut
625 4066 654 4124 in
669 4066 817 4143 fingendo:
839 4085 903 4124 neo
917 4065 1056 4141 fallat).
1087 4067 1182 4124 Acce·
