2800 4646
799 253 858 310 206

299 435 439 510 robiginis
471 434 676 508 detergendum
710 435 752 494 sit.
807 435 896 492 Velut
930 443 1007 502 (nem
1043 435 1177 510 exemplo
1206 435 1247 492 nti
1285 433 1371 508 libet)

300 541 411 598 initium
434 540 499 598 libri
514 539 612 596 XXII
635 547 684 606 (ue
701 540 765 614 quis
781 540 917 598 selectum
933 539 1061 597 studiose
1083 540 1246 616 exemplum
1271 549 1371 615 putet)¹

300 647 330 704 in
353 647 452 704 codice
474 647 500 702 P
522 644 563 702 sic
586 645 731 716 scribitur,
761 645 816 702 nisi
838 645 917 720 quod
939 647 1031 703 rerba
1052 665 1089 703 ex
1112 645 1248 704 continua
1274 645 1374 720 serip-

300 763 367 810 tura
387 770 492 826 separo
515 759 543 805 et
563 750 823 826 interpunctionem
853 751 944 809 addo:
977 753 1052 824 Iam
1087 769 1176 808 vero
1209 751 1374 825 adpete-

301 861 436 932 batque
469 856 661 914 Hannibal
690 877 732 914 ex
764 857 930 914 hibernis
963 857 1091 914 metuit
1117 865 1151 913 et
1179 873 1301 931 neque
1332 875 1373 912 eo

301 963 361 1038 qui
395 963 463 1018 iem
503 969 588 1018 ante
620 971 773 1018 conatus
804 962 1074 1038 ¹transcendere
1109 962 1372 1037 Appenninum

302 1065 554 1124 intolerandis
596 1065 805 1142 frigoribus
841 1077 875 1124 et
910 1087 986 1124 cum
1026 1066 1165 1141 lugenti
1197 1068 1372 1142 periculo

303 1181 469 1231 moratus
496 1190 536 1228 ac
563 1181 666 1230 metu.
715 1173 855 1244 Gallis,
884 1191 972 1248 quos
999 1171 1128 1247 prtedae
1149 1173 1372 1248 populatio·

303 1297 457 1354 numque
478 1277 712 1335 consciverat
733 1297 828 1353 spes,
850 1288 1046 1354 postquam
1067 1297 1132 1352 pro
1154 1297 1204 1346 eo,
1232 1287 1273 1336 ut
1295 1273 1372 1354 ipsi

304 1409 346 1446 ex
368 1387 490 1444 alieno
513 1401 601 1458 agro
625 1393 800 1460 raperent
830 1393 1090 1459 eogerentqua,
1127 1401 1214 1440 suas
1242 1393 1371 1441 terres

303 1493 422 1551 sedem
445 1489 536 1548 belli
558 1508 637 1546 esso
659 1489 870 1566 praemiique
900 1491 1092 1564 utriusque
1119 1489 1239 1564 partis
1262 1509 1372 1546 exer-

304 1601 437 1658 cituum
459 1596 626 1654 hibernis
656 1595 842 1663 viderent,
873 1605 1064 1652 verterunt
1090 1603 1193 1652 retro
1224 1594 1371 1651 Hanni-

304 1705 421 1762 balem
450 1703 551 1772 odia;
590 1721 643 1759 nec
673 1701 828 1776 quicquam
860 1719 896 1756 ex
923 1700 967 1758 his
989 1700 1100 1756 mendis
1127 1699 1156 1756 in
1179 1699 1300 1774 optimis
1326 1719 1371 1756 se·

306 1809 429 1866 cundum
452 1808 531 1864 illum
554 1808 701 1865 codicibus
723 1804 816 1880 (CM),
845 1824 861 1862 e
883 1805 978 1882 primu
1000 1805 1115 1880 quidem
1138 1823 1235 1874 manu,
1258 1805 1371 1862 vitatur

304 1923 410 1990 praeter
442 1921 629 1988 cogerent,
667 1913 745 1987 quod
767 1912 797 1968 in
823 1913 848 1969 P
870 1911 963 1969 altere
993 1929 1095 1968 manus
1122 1920 1311 1976 correxerat,
1343 1921 1370 1966 et

305 2019 453 2094 praemii.
497 2018 661 2076 PrImorum
693 2019 850 2075 verborum
881 2017 1044 2074 emendatio
1074 2013 1164 2092 (Iam
1187 2035 1252 2072 ver
1274 2017 1369 2090 adp,

306 2143 410 2199 quum
434 2125 472 2184 Η.
495 2141 537 2180 ex
558 2123 587 2180 h.
602 2121 727 2199 movit)
752 2125 788 2184 L.
801 2124 829 2180 V
832 2123 896 2180 ellae
910 2125 1032 2181 debetur
1043 2121 1198 2196 (reperitur
1212 2123 1304 2180 etium
1320 2132 1369 2178 aut

305 2239 368 2287 tote
390 2239 441 2286 eut
462 2249 499 2287 ex
519 2237 603 2305 parte
624 2229 653 2285 in
677 2249 735 2286 uno
763 2237 792 2286 et
813 2228 905 2286 eltcro
930 2228 1030 2285 codice
1057 2226 1151 2284 Vellse
1171 2236 1289 2284 etatem
1311 2246 1368 2284 non

306 2336 471 2412 superanti;
504 2353 572 2392 nem
605 2343 633 2392 et
655 2335 785 2410 Poggius
807 2341 836 2392 et
858 2333 1027 2392 Leonerdus
1056 2341 1085 2388 et
1106 2330 1230 2392 Carolus
1252 2333 1366 2391 Aretini

308 2461 413 2516 quum
441 2452 470 2498 et
499 2441 614 2498 movit
639 2441 840 2510 restituerant,
870 2449 902 2496 ut
919 2447 1070 2515 appareat,
1105 2439 1180 2496 uude
1201 2439 1231 2496 hi
1253 2439 1366 2496 codices

306 2547 480 2622 pendeant),
502 2544 596 2604 eidem
619 2545 871 2619 nequicquam.
916 2545 1016 2603 Gelli
1045 2555 1074 2602 et
1100 2546 1275 2602 viderunt
1303 2543 1364 2620 (pro

307 2669 366 2726 quo
398 2651 564 2707 viderent
597 2651 851 2708 Weissenbornius
883 2650 1017 2721 retinuit,
1047 2670 1117 2710 usus
1149 2651 1302 2726 exemplis,
1340 2651 1366 2704 in

306 2757 412 2830 quibus
440 2755 756 2831 plusquamperfectum
789 2755 964 2814 coniunctivi
993 2758 1071 2832 apud
1101 2767 1296 2833 post-quam
1326 2775 1367 2812 re-

307 2860 426 2935 peritur,
450 2871 479 2917 et
499 2861 569 2937 ipsis
591 2861 677 2919 valde
699 2861 808 2932 dubiis)
831 2861 859 2918 in
883 2863 947 2920 cod.
970 2861 993 2920 C
1016 2863 1108 2921 ultera
1129 2881 1233 2920 manus
1255 2861 1368 2938 scripsit

307 2965 540 3042 transieruntque
573 2967 767 3025 correctiones
800 2966 828 3023 in
866 2975 990 3037 eeteros;
1025 2967 1240 3025 conciverat
1274 2979 1302 3024 et
1338 2969 1369 3023 in

308 3069 550 3128 Hannibalem
589 3072 696 3147 ignotis
731 3073 921 3130 recentiorum
967 3073 1098 3130 codicum
1135 3075 1369 3133 emendatoribus

308 3174 461 3246 debentur;
499 3177 548 3249 (in
584 3177 665 3234 deest
701 3177 788 3234 etiem
818 3178 847 3234 in
877 3178 941 3236 Pal.
979 3182 1009 3248 t,
1041 3178 1135 3247 Harl,
1165 3180 1240 3240 Lov.
1269 3188 1294 3250 1,
1333 3179 1369 3252 3).

308 3281 415 3354 Itaque
439 3281 524 3340 facile
546 3291 609 3338 eret
630 3300 667 3338 ex
687 3283 837 3340 Puteeneo
860 3283 994 3359 exempla
1017 3283 1152 3360 colligere
1176 3295 1205 3342 et
1224 3303 1370 3362 exponere

311 3386 466 3443 eorundem
487 3387 602 3444 errandi
624 3405 777 3463 generum,
808 3407 872 3463 quae
893 3389 922 3446 in
944 3388 1046 3446 ceteris
1069 3389 1195 3465 antiquis
1223 3393 1369 3449 codicibus

309 3492 504 3567 reperiuntum
534 3511 602 3550 nam
638 3503 667 3550 et
698 3515 725 3557 m
747 3494 775 3550 in
797 3495 854 3551 fine
886 3513 991 3552 vocum
1014 3494 1130 3552 additur
1153 3495 1371 3574 detrahiturque

309 3596 380 3664 (vid.
403 3597 440 3654 ad
465 3597 589 3668 XXIII,
612 3601 640 3668 3,
665 3598 706 3670 3),
735 3609 764 3656 et
785 3599 887 3656 litterte
909 3599 984 3657 mele
1005 3601 1190 3676 geminantur
1210 3615 1262 3662 aut
1284 3603 1369 3662 semel

311 3721 365 3777 pro
388 3702 541 3776 geminatis
563 3705 737 3776 scribuntur,
766 3713 796 3762 et
821 3705 940 3781 sytlabae
971 3715 1000 3764 et
1032 3709 1122 3765 verba
1149 3708 1194 3766 bis
1226 3721 1370 3784 ponuntur

314 3808 505 3882 (etiambiue,
520 3810 767 3880 utxxtt‚3e,³
795 3812 958 3885 equitum
981 3813 1110 3870 durent
1132 3815 1293 3888 equitum
1317 3817 1368 3872 da·

311 3924 392 3971 rent
414 3925 442 3971 et
453 3915 577 3986 XXIII,
594 3918 639 3986 to,
668 3918 717 3986 12;
739 3935 808 3974 nam
820 3918 943 3988 XXIII,
962 3919 1010 3988 26,
1024 3919 1041 3976 8
1053 3927 1082 3976 et
1097 3921 1146 3989 30,
1161 3923 1192 3978 lt
1209 3920 1295 3977 simul
1310 3939 1369 3978 cor·

313 4020 403 4078 rectio
434 4021 601 4092 adhibetur,
630 4021 744 4079 caedes
765 4041 820 4098 pro
849 4023 941 4081 caede
963 4033 992 4081 et
1021 4025 1138 4100 petris
1166 4044 1222 4100 pro
1242 4029 1368 4102 puris),
