2822 4648
607 290 661 345 131
1006 287 1064 337 le.
1083 287 1131 337 Vl.

96 470 192 527 habet
220 469 295 527 enirn
322 470 370 527 vel
395 471 544 528 minimam
566 471 708 547 speciem,
733 468 903 541 Camillum,
933 489 1022 545 quum
1043 489 1166 546 praeser-

98 576 153 632 tim
177 585 313 632 accurate
334 575 499 651 dispertiat,
526 576 595 650 qnid
619 575 747 652 populo,
770 575 839 650 qnid
861 575 991 646 senatui,
1014 577 1083 650 quid
1105 577 1165 634 ccl·

97 681 175 756 legis
198 683 313 749 debeat,
335 699 367 736 se
385 687 519 753 quartum
543 699 562 736 a
583 680 692 754 populo
715 681 887 739 dictatorem
908 691 1037 738 creatum
1060 681 1165 752 dicere,

100 797 133 843 ut
154 788 298 862 significat
320 787 370 856 (at
391 803 478 858 quam
500 785 666 852 modestal)
700 805 749 856 se,
778 787 803 842 si
833 805 891 843 non
918 785 1049 855 nomine,
1082 794 1113 843 at
1134 806 1166 845 re

98 892 274 949 dictatorem
303 909 375 950 esse.
439 890 630 962 (Niebuhrius
659 891 737 948 Hist.
763 891 850 948 Rom.
884 891 916 948 11
943 911 971 966 p.
1003 892 1061 950 684
1096 892 1166 966 quid

99 998 233 1068 senserit,
254 997 413 1070 intelligere
433 999 570 1071 nequeo.)
620 994 755 1053 Ceterum
787 995 896 1054 nullam
925 996 1042 1054 omuino
1064 997 1166 1054 Livius

98 1103 248 1178 significat
281 1103 455 1159 mentionem
477 1100 585 1158 factam
619 1101 668 1158 illo
699 1111 830 1178 tempora
858 1101 1007 1158 dictatoris
1035 1102 1166 1172 creandi3

100 1209 158 1264 hoc
179 1219 291 1278 narrat,
313 1208 351 1264 ad
375 1206 540 1281 Camillum,
564 1207 622 1280 qui,
644 1207 669 1264 si
689 1207 822 1283 privatus
843 1206 945 1264 fuisset
958 1206 1003 1281 (ut
1024 1207 1081 1264 alin
1104 1225 1166 1264 rno-

103 1313 142 1370 do
164 1312 332 1389 respublica
363 1331 454 1387 opera
488 1313 549 1370 eius
579 1313 620 1369 uti
643 1331 701 1370 non
723 1311 850 1388 posset),
882 1313 1008 1370 dictator
1028 1311 1165 1369 dicandus

100 1417 213 1486 fuisset,
235 1417 371 1492 collegas,
393 1418 531 1492 quoniam
553 1417 595 1474 its
605 1418 758 1475 commode
773 1417 925 1486 acciderit,
944 1425 977 1473 ut
998 1417 1028 1472 in
1052 1435 1165 1474 summo

102 1521 277 1596 magistratu
300 1521 459 1586 (tribunatu
481 1522 616 1598 militum)
639 1531 725 1593 esset,
746 1523 822 1579 bello
844 1522 1011 1579 imminente
1022 1539 1164 1578 summam

99 1627 216 1684 consilii
238 1626 385 1684 detulisse.
444 1628 632 1685 Manifestum
665 1638 710 1686 est
729 1629 832 1702 igitur,
865 1627 981 1685 Livium
1003 1627 1166 1702 scripsisse:

100 1733 167 1807 qui
190 1751 228 1788 se
249 1733 319 1788 iam
344 1741 510 1804 quartum
534 1743 700 1792 creasset
729 1733 886 1806 (tribunum
908 1733 1065 1804 nimirum),
1089 1733 1167 1789 dic-

100 1847 261 1894 tatorem
274 1836 403 1893 additum
415 1855 479 1894 esse
500 1839 538 1896 ab
561 1839 669 1914 aliquo,
684 1839 733 1912 qui
756 1839 942 1914 magistratus
964 1858 1069 1897 nomen
1091 1839 1167 1897 desi·

100 1941 228 2010 deraret,
260 1941 290 1997 in
312 1959 347 1998 co
369 1951 465 1999 sutem
487 1944 552 2019 ipso
575 1945 734 2000 aberraret.
796 1943 836 2000 Et
873 1953 936 2000 erat
960 1942 1100 2002 Camillus
1131 1964 1167 2002 ec

102 2065 181 2102 anno
204 2055 338 2120 quartum
361 2047 493 2104 tribunus
520 2067 557 2106 ex
579 2048 655 2106 Livii
676 2048 856 2120 rationibus,
890 2049 1027 2123 quicum
1049 2051 1105 2121 VI,
1131 2055 1166 2110 ta

103 2151 253 2226 quintum,
275 2151 338 2222 Vl,
369 2153 407 2208 22
431 2161 546 2212 sextum
567 2163 695 2212 creatum
718 2152 835 2219 scribit,
862 2171 922 2210 non
943 2166 1095 2214 numerato
1117 2157 1167 2215 illo

103 2257 263 2326 tribunatu,
285 2275 370 2331 quem
393 2275 491 2315 errore
513 2259 614 2334 cipro
636 2276 759 2316 censura
781 2257 941 2333 assignavit
963 2260 1000 2330 V,
1029 2266 1051 2321 Ι.

188 2361 263 2438 Cap.
299 2365 349 2432 ll,
378 2364 395 2418 3
423 2361 479 2438 (Μ.
509 2363 638 2421 Manlius
667 2362 861 2438 Capitolinus)
891 2381 982 2439 segra
1008 2365 1168 2436 ferebat,

101 2467 220 2525 solum
243 2486 320 2525 eum
345 2465 525 2544 (Camillum)
547 2467 581 2525 in
603 2469 902 2543 magistratibus,
929 2470 1044 2528 solum
1074 2473 1169 2547 apud

104 2572 293 2629 exercitus
314 2591 407 2642 esse,
430 2582 569 2631 tantum
591 2575 662 2630 iam
685 2574 859 2644 eminere,
890 2584 926 2631 ut
949 2575 1087 2633 eisdem
1111 2595 1168 2634 su·
1267 2570 1270 2580 ⁴

103 2678 237 2753 spiciis
259 2685 405 2735 creatos
426 2696 495 2734 nnn
517 2697 582 2754 pro
613 2678 792 2754 collegis,
814 2680 877 2737 sed
899 2699 964 2755 pro
984 2682 1169 2740 ministris

104 2783 251 2840 habeat.
297 2782 375 2856 Quid
395 2784 451 2840 hoc
473 2793 525 2854 est
548 2801 657 2858 queso,
678 2784 772 2842 solum
795 2784 949 2843 Camillum
961 2785 990 2842 in
1012 2787 1167 2861 magistra-

104 2889 183 2946 n'bus
206 2905 279 2958 esse,
302 2905 389 2962 quum
413 2897 470 2946 tres
492 2889 620 2965 collegas
640 2891 764 2958 habeat,
785 2889 880 2948 solum
901 2890 979 2965 apud
1005 2891 1169 2950 exercitus?

103 2992 372 3068 Exaggerationem
384 2993 489 3067 aliquis
498 2994 573 3051 hanc
586 3013 650 3052 esse
671 2995 796 3052 forsitan
811 2994 898 3052 dicat.
933 2997 1026 3071 Atqui
1041 3015 1167 3073 exagge-

103 3099 317 3172 muniisque
334 3106 411 3167 sunt,
425 3097 524 3154 adiicit
546 3119 590 3170 aa,
602 3099 745 3176 quaefingi
757 3109 787 3156 et
808 3101 846 3156 ab
870 3101 1051 3159 audientibus
1074 3103 1167 3179 accipi

104 3204 233 3280 possint;
268 3204 367 3278 itaque
389 3203 429 3273 is,
466 3205 516 3278 qui
537 3223 629 3281 steps,
661 3205 763 3263 ceteris
785 3205 917 3276 deiectis,
946 3227 1019 3264 unus
1042 3209 1167 3283 aliquam

103 3309 308 3384 magistratum
330 3309 423 3384 capit,
445 3309 524 3366 solus
546 3329 612 3370 eum
634 3329 739 3386 capere
762 3310 818 3367 dici
839 3319 951 3385 potast3
984 3314 1033 3388 qui
1055 3331 1170 3390 semper

103 3425 203 3470 ternos
237 3412 364 3488 collegas
392 3415 497 3485 habet,
532 3413 612 3471 solus
643 3415 700 3472 dici
732 3415 844 3490 nequit;
879 3435 946 3473 nam
969 3418 1063 3475 solum
1086 3439 1171 3477 vere

103 3519 307 3594 magistratum
331 3537 410 3585 esse,
442 3519 521 3577 aliud
543 3529 587 3576 est
608 3539 661 3578 nac
682 3521 791 3578 omisso
811 3521 862 3578 illo
884 3524 1028 3582 vocabulo
1049 3524 1171 3600 intelligi

101 3633 215 3701 potest3
237 3643 331 3698 neque
354 3625 466 3699 magis,
488 3624 580 3682 solum
604 3627 683 3702 apud
704 3627 848 3684 exercitus
870 3645 943 3685 esse.
992 3631 1055 3687 Aut
1081 3629 1169 3689 fallor

103 3739 158 3788 ant
179 3730 281 3786 Livius
302 3748 360 3787 uno
384 3732 475 3788 verbo
496 3732 590 3788 minus
613 3732 741 3808 scripsit:
770 3733 885 3791 solum
907 3753 983 3792 eum
1005 3736 1039 3792 in
1062 3737 1170 3811 magi-

101 3835 303 3906 stratibus,
338 3835 455 3892 solum
488 3837 583 3912 apud
614 3839 801 3895 exercitus
828 3848 966 3896 tantum
989 3840 1057 3898 iam
1080 3843 1170 3900 emi·

102 3961 204 4010 nere,
228 3951 265 3998 ut
286 3951 341 4002 cet.
