2826 4640
242 259 299 310 uin.
313 256 411 308 mn.
751 261 811 316 554

335 439 410 518 Cep.
436 443 489 514 1³,
522 445 554 500 t:
587 442 668 500 Nou
697 459 771 500 snm
794 441 961 512 nescius,
983 442 1027 498 eb
1048 441 1173 498 eedem
1195 439 1319 516 negli-

243 547 385 624 gentie‚
417 565 488 622 que
515 547 609 605 nihil
635 547 725 606 deos
751 547 976 624 portendere
1002 545 1116 621 vulgo
1145 545 1318 613 credent,

244 670 360 728 neque
380 653 548 710 nuntieri
570 652 762 711 edmodum
784 651 860 710 ulle
880 651 1104 728 prodigieiu
1123 651 1318 726 publicum

244 775 363 833 neque
384 757 418 814 in
445 758 597 816 enneles
618 757 768 816 referri.
813 755 918 836 (Ulle
944 775 999 833 pro
1020 757 1125 814 nulle
1144 755 1318 815 recteGrc·

244 863 363 936 novius;
385 863 508 922 mirifice
528 863 649 922 molitur
670 863 928 921 Weissenbornius
952 881 1069 938 neque
1090 859 1218 936 tollens)
1246 861 1318 919 Nou

244 977 323 1025 recte
351 968 503 1026 nuntiendi
530 969 666 1045 prodigie
702 979 732 1026 et
761 969 792 1026 in
820 968 941 1026 euneles
973 967 1118 1026 referendi
1139 967 1317 1024 intermisn'o

245 1083 440 1150 comparetur,
462 1083 602 1150 tunquam
625 1075 743 1132 diverse
765 1075 811 1144 sit,
826 1092 893 1132 cum
915 1092 951 1131 ee
965 1073 1150 1150 negligentis,
1173 1073 1317 1148 qnedeos

245 1179 315 1237 nihil
336 1179 510 1256 portendere
530 1181 621 1256 vulgo
643 1179 765 1238 credent
786 1177 867 1256 (qne
894 1188 1037 1254 preteree
1057 1198 1115 1237 non
1137 1179 1317 1254 negligentia

245 1293 298 1356 est,
319 1285 370 1342 sed
392 1285 491 1360 opinio
514 1285 576 1344 sive
597 1295 679 1344 recte
701 1286 764 1343 sire
785 1292 904 1362 preve).
949 1285 1043 1343 Recte
1063 1293 1093 1341 et
1113 1293 1187 1360 epte
1200 1293 1316 1342 senten·

246 1390 287 1447 tie
310 1391 371 1448 hec
393 1399 455 1462 est,
477 1391 556 1466 quod
578 1409 631 1450 nec
652 1391 785 1449 homines
807 1389 943 1467 pmdigie
964 1391 1095 1448 nuntient
1115 1409 1170 1448 ueo
1192 1390 1315 1465 scn‘pto·

244 1497 342 1554 resin
365 1496 485 1554 suueles
506 1517 543 1556 ee
563 1495 707 1566 referent,
730 1513 791 1552 une
811 1494 973 1571 cedentque
994 1497 1056 1554 fieri
1077 1493 1258 1572 negligentia
1277 1513 1315 1552 ex

246 1619 281 1658 eo
303 1610 378 1674 orte,
400 1601 478 1677 qnod
500 1603 570 1660 nihil
593 1603 664 1660 deos
685 1600 861 1677 portendere
882 1601 1012 1662 credent.
1060 1601 1263 1659 Essentemie
1284 1601 1313 1658 iu

246 1705 324 1764 Livii
345 1705 443 1764 verbis
465 1707 539 1778 erit,
561 1707 601 1778 si,
623 1725 682 1764 une
702 1705 934 1776 litter-seddim,
955 1705 1170 1781 scripserimus:
1193 1708 1238 1764 eb
1260 1725 1313 1763 ee·

246 1811 325 1870 dem
347 1811 595 1888 negligentis,
617 1813 707 1894 quie
727 1811 823 1868 nihil
844 1811 932 1868 deos
958 1811 1180 1886 portendere
1200 1811 1313 1886 vulgo

246 1915 409 1980 credent.
457 1917 508 1975 Ad
530 1917 666 1986 eedem,
688 1903 768 1991 quod
789 1915 923 1974 ebsolute
943 1917 1076 1992 pouitur,
1100 1917 1178 1974 mele
1199 1935 1312 1976 eccem-

246 2021 396 2079 modetum
419 2031 463 2079 est
493 2041 574 2097 qus.
675 2022 772 2080 Peulo
811 2031 880 2098 post
914 2021 947 2100 (5
970 2024 1003 2078 3:
1035 2023 1213 2098 Anegnie
1245 2022 1312 2079 duo

247 2126 425 2204 prodigis
446 2145 487 2184 eo
509 2145 604 2184 enno
626 2136 710 2185 sunt
730 2126 1044 2196 nuntieteiecenr
1065 2127 1100 2184 in
1116 2127 1311 2186 coelocon·

248 2241 406 2310 spectem
443 2241 478 2289 et
507 2233 636 2290 bovem
673 2231 847 2290 seminem
878 2232 1038 2290 locutem
1069 2232 1220 2308 publice
1250 2231 1311 2304 eli)

247 2350 325 2398 recte
346 2338 485 2397 Dukeros
507 2338 722 2409 euimedvertit,
744 2355 881 2414 perverse
902 2338 932 2396 in
953 2338 1079 2414 prodigii
1094 2338 1312 2413 nuntietiperte

246 2445 326 2522 poni,
349 2445 427 2520 quod
453 2443 522 2502 elibi
545 2443 677 2502 nuntiato
698 2444 833 2520 prodigio
855 2443 1003 2502 decretum
1026 2454 1181 2514 nen-etur,
1205 2451 1239 2499 ut
1258 2443 1311 2500 bos

247 2552 346 2608 lccnte
364 2549 479 2626 publice
502 2549 628 2608 eleretur
650 2549 809 2623 (XXXV,
832 2551 882 2618 21,
904 2549 990 2620 XLI,
1008 2552 1071 2618 13).
1116 2549 1242 2608 Videtur
1262 2550 1310 2606 Li-

247 2656 329 2728 vius,
353 2655 417 2730 qni,
440 2653 509 2730 quid
531 2663 691 2712 ceterorum
715 2654 914 2730 prodigiorum
938 2673 1029 2714 ceuse
1048 2656 1156 2714 fectum
1178 2656 1240 2726 sit,
1259 2673 1310 2731 pe·

247 2769 310 2819 etse
331 2759 504 2819 coniunctim
526 2759 664 2835 exponit,
695 2759 745 2830 id,
778 2759 856 2835 quod
889 2761 927 2818 ed
957 2763 1014 2820 hoc
1037 2781 1124 2819 unum
1146 2761 1309 2837 prodigium

247 2867 429 2942 pertinebat,
452 2865 550 2923 stetim
572 2865 797 2941 interposuisse,
827 2868 882 2924 hec
904 2865 966 2924 iere
988 2866 1097 2924 forme:
1119 2877 1154 2925 et
1182 2868 1308 2924 bovem

247 2971 416 3028 seminem
437 2969 618 3041 locutem;
647 3003 689 3014 ·-
718 2991 759 3030 ee
781 2973 929 3049 publice
950 2972 1000 3030 eli
1021 2973 1139 3042 iusse3
1163 3003 1202 3015 -
1224 2972 1309 3030 Min·

247 3075 365 3133 turnis
387 3084 440 3133 cet.
495 3073 527 3134 Si
558 3075 614 3152 ipsi
637 3075 787 3152 Anegnini
809 3095 856 3146 se,
883 3078 913 3135 id
942 3079 1022 3153 quod
1051 3077 1168 3135 decerni
1197 3075 1309 3136 soleret

246 3190 331 3240 cente
354 3197 512 3256 occupasse
542 3181 729 3254 nuntiarunt,
759 3183 942 3241 scribendum
967 3192 1024 3242 est:
1065 3226 1095 3244 ..
1137 3183 1308 3249 locutem;

246 3304 323 3344 cem
344 3285 491 3362 publice
512 3285 571 3343 eli.

211 3427 215 3436 ·
331 3389 404 3467 Cep.
430 3393 476 3460 14,
499 3393 517 3450 6
542 3391 585 3467 (in
602 3391 799 3464 iureiurendo‚
821 3393 901 3470 quod
922 3411 1056 3452 censores
1078 3393 1236 3452 edinvendi
1266 3392 1308 3448 di·

246 3496 336 3554 lectus
357 3515 447 3554 oense
472 3515 504 3554 se
543 3517 562 3556 e
593 3497 704 3556 civibus
726 3507 882 3558 execturos
904 3497 1086 3576 edixerunt):
1117 3499 1170 3556 Tu
1192 3499 1308 3555 minor

247 3601 354 3658 eunis
385 3619 448 3659 sex
485 3612 520 3662 et
548 3603 807 3680 qusdregiute
829 3623 886 3676 es,
921 3613 1037 3680 tuque
1066 3623 1109 3662 ex
1130 3603 1253 3660 edicto
1274 3601 1306 3660 C.

246 3703 411 3776 Oleudii,
433 3707 487 3766 Ti.
512 3708 724 3788 Sempronii
752 3729 941 3768 censorum
964 3711 1008 3766 ed
1029 3709 1207 3768 dilectum
1229 3727 1305 3784 pro·

246 3809 436 3882 sinister,
473 3815 769 3892 quotiescunque
801 3805 965 3876 dilectus
995 3816 1085 3885 erit,
1117 3833 1222 3890 quum
1255 3813 1306 3878 isio

246 3931 310 3972 cum
332 3915 441 3975 Ursino
462 3919 645 3978 scribendum
667 3941 721 3997 pro
751 3940 845 3998 ques,
883 3922 961 3998 quod
994 3923 1025 3979 in
1059 3921 1124 3982 cod.
1147 3931 1205 3990 est3
1242 3919 1304 3981 edd.

246 4019 428 4090 quamdiu)
451 4021 484 4077 hi
500 4041 673 4082 censores
696 4027 956 4101 megistretum
978 4027 1175 4096 hebebuut,
1198 4026 1227 4083 si
1247 4025 1304 4082 nri-
