2826 4640
246 273 304 324 1¹1
319 273 406 326 ¹¹⁴¹!-
746 275 807 332 5¹2

246 457 630 536 aequantem.
662 456 1303 532 nomenoiococnptimdam,
1395 407 1396 476 ἶ

246 565 426 624 Admodum
446 563 582 641 passim
602 581 695 639 prove
714 564 868 639 repfflm
888 573 933 620 est
947 581 986 619 ex
1005 565 1202 639 sipiritibus
1219 567 1306 637 (§S):

246 683 282 730 et
303 673 338 730 in
359 671 449 747 iuga
468 669 607 745 passim
627 671 711 726 ensi
731 679 826 730 sunt.
1395 667 1396 690 ¹

328 776 401 854 Cup.
425 779 501 848 8,oe
535 777 598 848 (ubi
618 787 737 834 smum
756 775 939 850 indignam,
959 774 1114 833 modu«
1133 778 1265 835 snr'uum
1286 799 1305 835 u

248 884 289 940 li.
310 883 437 960 Poputio
458 882 576 939 consule
595 883 626 940 iu
647 880 927 957 Liguresdeditus):
946 889 1001 936 tot
1021 881 1126 938 milia
1145 885 1305 958 capitum

245 988 499 1058 innoxiorum,
539 987 650 1044 iidem
679 987 927 1064 implorantes
963 987 1094 1062 populi
1129 991 1306 1050 Romani.

246 1093 407 1171 pessimo
427 1093 598 1168 exemplo
626 1093 777 1151 venisse
803 1103 838 1152 et
863 1093 1072 1151 distractos
1091 1095 1227 1169 passim
1247 1097 1307 1153 iu-

246 1201 315 1259 stis
335 1201 515 1274 quondum
544 1198 716 1256 hostibus
736 1198 865 1275 populi
884 1199 1041 1256 Romani
1061 1202 1207 1274 pacatis
1228 1220 1306 1259 ser-

246 1305 334 1368 vire.
375 1305 425 1364 Ad
445 1305 646 1381 indignitatem
667 1305 883 1380 ruangcndnm
906 1304 1205 1382 sdeondriipetmet,
1226 1308 1306 1382 qnod

246 1413 396 1488 pacatis
417 1411 540 1488 Ligures
560 1411 707 1481 serviunt,
733 1421 767 1468 ut
786 1431 848 1468 rem
868 1412 959 1469 lenist
986 1413 1017 1470 id
1038 1413 1212 1470 vocabulum
1236 1432 1307 1470 eou-

246 1515 369 1592 siiioquo
390 1517 530 1574 orationis
551 1527 701 1593 repugnet.
749 1517 809 1575 Sed
833 1517 912 1592 qnod
926 1518 1189 1588 Wcimmbornius,
1212 1519 1307 1576 anim-

246 1621 540 1689 adversoseutentim
559 1623 647 1692 sitio,
679 1623 826 1679 substituit
851 1633 1022 1698 pacatos.
1054 1625 1140 1681 stium
1173 1625 1307 1681 vitiosius

246 1741 303 1798 est3
336 1729 406 1804 quid
437 1729 514 1786 enim
546 1747 621 1804 opus
650 1739 696 1786 est
726 1728 783 1785 diei
814 1739 970 1804 pacatos
998 1749 1079 1798 esse,
1112 1730 1162 1805 qui
1196 1731 1305 1787 rmditi

246 1833 396 1892 serviant?
444 1835 512 1894 Uno
543 1835 631 1892 modo
661 1835 691 1891 iu
711 1835 853 1909 reliquam
874 1835 1044 1892 senteutiam
1071 1835 1179 1892 includi
1198 1835 1230 1892 id
1252 1855 1305 1892 rn-

245 1939 378 1997 csbulum
401 1952 506 2016 potest,
527 1952 557 1999 et
576 1941 684 2000 includi
704 1941 862 2016 aptissime,
882 1941 908 1998 si
931 1953 983 1998 ant
1002 1941 1066 1998 vix
1086 1943 1233 2017 pacatis
1255 1955 1306 1998 aut

245 2064 360 2122 nuper
378 2049 525 2122 pacatis
558 2048 683 2117 scribns3
713 2057 743 2104 et
763 2065 878 2122 nuper
897 2057 966 2124 post
985 2067 1035 2123 pr.
1064 2045 1151 2104 iumie
1171 2047 1307 2104 excidere

245 2153 347 2229 potuit.
394 2154 466 2211 Hec
486 2153 639 2222 coherent,
662 2153 771 2210 ses-ire
789 2152 911 2227 Ligures
931 2153 983 2223 iis,
1005 2153 1055 2227 qui
1082 2151 1232 2226 quondam
1252 2153 1306 2210 ho·

248 2269 306 2318 stes
325 2261 524 2318 Romanorum
547 2257 668 2328 inerint,
689 2277 783 2334 nuper
802 2259 917 2316 demum
938 2260 1036 2334 pucati
1057 2259 1123 2316 siut
1171 2257 1312 2333 Sequitur

246 2366 275 2422 in
302 2375 420 2432 senatus
446 2367 579 2422 decreto:
611 2363 772 2441 (placere
804 2365 966 2439 senatui)
1079 2365 1311 2438 bonaquent

246 2467 294 2528 iis
318 2471 511 2547 (Liguribus),
534 2471 711 2546 quicquid
732 2471 810 2528 eius
830 2471 1057 2548 recuperari
1077 2470 1213 2546 possit,
1232 2470 1309 2526 rcd·

247 2576 398 2646 duntur,
430 2577 603 2652 (consulem)
637 2595 779 2647 curare3
817 2597 918 2635 arma
958 2595 1101 2653 quoquc
1138 2585 1309 2651 tempore

247 2681 331 2740 fieri
361 2701 426 2740 nec
458 2692 543 2740 anto
581 2683 767 2741 consulem
806 2681 848 2740 dc
882 2683 1081 2760 provincie
1122 2681 1309 2750 decedere,

247 2806 352 2864 quam
377 2789 527 2846 deditos
559 2789 595 2847 in
616 2789 738 2848 sedem
759 2807 859 2847 snam
881 2791 1037 2866 Ligures
1063 2789 1308 2846 restituisset

247 2893 381 2951 Licenter
407 2904 437 2950 et
467 2893 619 2953 infeliciter
651 2899 713 2954 hmo
742 2895 888 2972 Gryneus
914 2893 1157 2970 interpolaverut3
1187 2893 1241 2950 sed
1271 2911 1309 2950 ne

246 2997 431 3075 Kreyssigios
453 3000 568 3075 quidem
589 3021 691 3060 varum
715 3001 803 3072 vidit,
833 3001 883 3076 qui
903 2998 1029 3057 fortusse
1049 2998 1233 3056 scribendum
1253 3017 1308 3075 pn-

246 3101 332 3160 tavit:
363 3121 463 3160 erma
488 3105 607 3180 primo
633 3125 777 3184 qnoque
798 3117 964 3182 tempore
985 3103 1118 3162 referri
1136 3105 1231 3179 (quod
1253 3123 1308 3180 pru

245 3209 350 3267 reddi
374 3209 467 3285 accipi
487 3211 550 3268 vult
571 3224 674 3271 contra
695 3232 778 3272 usum
800 3211 962 3290 loquendi),
982 3229 1036 3267 uec
1044 3209 1308 3279 Weissenbornius,

167 3377 170 3388 ,
246 3314 295 3390 qui
316 3315 444 3392 scripsit:
466 3335 737 3395 armaquoque
758 3321 932 3395 adempta
952 3315 1099 3375 referri.
1141 3317 1243 3374 Livius
1268 3315 1308 3372 sd

245 3421 320 3480 hanc
335 3421 460 3482 sormam
474 3425 643 3500 scripserat:
666 3445 767 3484 arma
780 3443 925 3502 qnoque
948 3421 1081 3500 [reddi3
1096 3441 1212 3497 eaque
1235 3421 1307 3498 pri·

245 3547 300 3586 mo
324 3527 483 3608 quoque]
506 3540 670 3608 tempore
694 3531 802 3603 ficri,
832 3549 896 3590 nec
917 3542 1001 3586 unte
1027 3539 1082 3588 cet.
1130 3528 1203 3602 Qnae
1223 3527 1307 3586 uncis

245 3633 356 3692 incluse
389 3635 505 3707 addidi,
537 3637 647 3695 omisso
681 3647 748 3694 sunt
777 3647 897 3714 propter
923 3653 1069 3710 quoque
1096 3635 1141 3692 bis
1168 3635 1307 3712 positum.

244 3735 529 3816 (oppugnantes
551 3762 606 3820 pro
628 3751 843 3820 pugnantes
864 3741 974 3800 frustra
988 3741 1307 3799 Weissenborniusde-

245 3841 345 3916 tendit,
367 3855 462 3906 ortum
484 3867 521 3908 ex
542 3849 716 3926 precedenti
738 3844 817 3926 s.)¹]

251 3981 441 3993 ·-—-—-—.

265 4061 290 4128 ¹)
319 4063 383 4134 Cap.
403 4074 427 4124 s,
449 4073 460 4116 1
482 4070 503 4118 ai
520 4068 596 4132 plene
615 4079 720 4120 enotstn
738 4086 754 4120 s
771 4071 907 4136 Kopiturio
926 4071 1022 4122 codicis
1041 4071 1165 4136 scriptura
1184 4079 1265 4128 essct,
1279 4071 1308 4117 in
