2800 4646
313 265 370 316 Lib.
389 265 478 318 XIIII.
781 268 840 324 238

280 449 433 506 scendit.
491 451 581 507 Recte
609 448 784 508 intellectum
812 419 858 505 est
890 467 999 523 nuper,
1028 445 1193 504 Calatinum
1225 465 1342 522 agnum,

281 556 332 629 qui
354 557 431 612 ultra
453 555 629 612 Vulturnum
651 571 767 612 amnem
796 555 834 611 ad
863 554 1010 611 meridiem
1039 569 1139 608 versus
1168 553 1240 608 situs
1266 562 1342 619 erat,

280 661 310 716 in
342 661 398 716 hoe
431 659 531 718 itinere
565 659 760 717 Hannibalem
793 659 934 733 attingere
965 657 1044 714 nullo
1080 657 1166 714 modo
1201 659 1344 733 potuisse.

281 767 339 824 Sed
371 767 449 841 quod
481 765 734 823 Weissenbornius
770 764 867 822 Stierii
903 764 1098 821 coniecturam
1135 762 1291 828 (zeitschr.
1324 763 1344 819 f.

281 873 310 928 d.
345 871 566 929 Alterthumsw.
608 872 684 930 1852
714 889 743 930 n.
766 871 817 943 26)
850 881 964 927 secutus
995 869 1201 926 Caiatinnm
1233 870 1344 943 posuit.

281 978 343 1052 ipse
363 977 462 1044 sensit,
483 975 569 1032 etiam
582 974 726 1032 Caiatiam
749 975 863 1050 longius
885 975 924 1031 ad
945 975 1091 1032 meridiem
1113 985 1255 1030 remotam
1280 993 1345 1030 esse

282 1099 335 1138 nec
356 1081 464 1138 itineris
486 1080 628 1138 rationem
657 1091 809 1150 constare;
840 1091 868 1136 et
893 1081 971 1138 aliud
996 1080 1085 1137 multo
1115 1077 1212 1154 aptiu's
1235 1097 1343 1134 nomen

281 1187 410 1262 ipsorum
433 1185 564 1242 codicum
588 1185 666 1258 (PC)
689 1187 814 1260 vestigia
835 1184 988 1244 manifesta
1013 1183 1155 1252 offerunt,
1184 1183 1344 1258 inquibus

281 1305 342 1352 est:
366 1311 428 1366 per
449 1290 628 1348 alifanum
650 1291 921 1368 allifanumque
942 1299 976 1348 et
999 1289 1185 1348 Calenum.
1240 1289 1344 1365 Scrip-

282 1407 361 1454 serat
382 1395 470 1471 igitur
492 1397 593 1454 Livius
617 1416 675 1454 una
696 1398 792 1454 littera
818 1398 933 1472 eplus:
954 1414 1019 1472 per
1038 1394 1246 1453 Allifanum
1262 1393 1345 1452 Cal-

282 1501 511 1576 lifauumqoe
533 1513 582 1558 aut
605 1503 643 1574 (ai
665 1505 710 1559 cui
733 1503 762 1559 id
786 1504 882 1578 aptius
902 1503 1024 1570 ridetur,
1046 1499 1158 1558 Callifae
1180 1501 1268 1556 situm
1285 1517 1344 1556 non

282 1627 410 1684 prorsus,
433 1617 465 1665 ut
486 1607 598 1683 opinor,
621 1619 728 1666 certum
742 1609 943 1674 coniectantit:
964 1626 1027 1682 per
1042 1604 1267 1663 Callifanum
1284 1605 1345 1662 Al-

283 1713 519 1787 lifanumque,
541 1715 696 1772 eorundem
720 1713 894 1789 oppidorum
916 1713 1076 1770 vicinorum
1098 1711 1345 1768 nontinibuscon·

283 1818 397 1878 iunctis.
419 1835 483 1892 quta
505 1819 591 1874 etiarn
615 1819 679 1876 libr.
703 1819 791 1886 Vnt,
814 1819 863 1888 25,
886 1823 902 1874 t
927 1818 1148 1892 coniunguntur.

370 1917 467 1996 ⁴’Cap
494 1925 545 1990 14,
571 1926 607 1979 ll
637 1923 678 1994 (in
709 1923 840 1979 oratioue
871 1923 912 1980 tt.
947 1921 1065 1978 Minucii
1101 1921 1137 1993 Q.
1165 1919 1251 1976 Fabii
1279 1918 1346 1974 belli

283 2025 400 2101 gerendi
422 2027 564 2084 rationem
589 2027 791 2103 exagitantislt
824 2027 996 2085 Stultitia
1017 2039 1072 2085 est
1093 2025 1257 2084 sedendo
1284 2035 1346 2080 aut

284 2131 384 2189 votis
406 2131 589 2190 debellari
611 2135 761 2191 credero
781 2151 905 2208 posse;
928 2131 1063 2190 armari
1085 2131 1212 2206 copias
1236 2149 1347 2205 opor-

284 2245 347 2306 tet,
369 2237 609 2295 deducendas
632 2239 666 2295 in
689 2257 841 2314 aequum,
863 2249 900 2296 ut
921 2239 977 2295 vir
998 2255 1077 2295 eum
1096 2237 1175 2294 viro
1195 2255 1345 2312 congre·

285 2341 408 2398 diaris.
457 2343 556 2412 Posui,
578 2345 687 2402 omissa
708 2344 885 2403 Alschefskii
907 2343 1111 2422 perversitate,
1134 2363 1198 2401 eam
1220 2343 1347 2419 scriptu-

285 2465 357 2517 rum,
380 2465 444 2522 quae
465 2447 553 2520 vulgo
578 2447 842 2522 circumferebatur,
862 2451 1028 2508 coniectura
1039 2449 1149 2520 adiuta,
1172 2459 1204 2506 ut
1225 2449 1346 2523 intelligi

286 2561 430 2626 utcunque
461 2563 576 2628 posset,
610 2553 639 2610 in
678 2572 737 2628 qua
769 2565 865 2612 tamen
905 2555 951 2628 (ut
983 2555 1115 2612 omittam
1152 2555 1253 2630 copias
1291 2556 1346 2612 boc

287 2659 353 2715 loco
376 2658 558 2716 incommode
579 2678 634 2734 pro
656 2659 795 2716 militibus
825 2635 1081 2732 commemoratas)
1117 2679 1211 2734 nequo
1232 2659 1347 2716 consilii

286 2763 458 2837 significatio
487 2763 515 2820 in
538 2765 778 2822 deducendas
803 2773 873 2840 apta
895 2775 939 2822 est
965 2774 994 2821 et
1027 2765 1278 2821 vehementissime
1304 2764 1349 2822 of·

287 2867 378 2925 feudit
405 2869 532 2926 secunda
553 2887 681 2944 persona
702 2871 857 2946 singularis
878 2869 990 2927 numeri
1013 2869 1062 2944 (ut
1083 2869 1138 2926 vir
1159 2887 1233 2926 cnm
1267 2869 1349 2926 viro

288 2975 564 3048 congrediaris)
586 2985 655 3051 post
675 2975 747 3033 illud
769 2975 896 3051 copias
919 2974 1059 3032 armari
1086 2983 1240 3048 oportet.
1287 2975 1350 3033 sed

287 3077 316 3134 in
339 3079 485 3136 codicibus
526 3081 660 3138 omnibus
688 3081 836 3139 scribitur:
870 3080 998 3156 copias
1034 3079 1168 3136 ermari
1201 3089 1351 3153 oportet

288 3192 322 3246 el
342 3184 579 3243 deducendas
601 3187 633 3244 in
662 3205 800 3260 aequum
832 3198 866 3245 at
896 3187 955 3244 vir
980 3204 1057 3243 curn
1085 3185 1163 3242 viro
1187 3203 1351 3260 congre-

289 3287 416 3355 diaris,
438 3289 493 3346 nisi
514 3291 631 3364 quodP
653 3310 712 3348 uua
733 3291 830 3350 litters
852 3311 870 3348 a
886 3292 988 3350 ceteris
1009 3291 1177 3366 discrepans
1200 3289 1352 3364 (armari

288 3392 425 3468 capias)
447 3411 547 3452 verum
569 3405 721 3454 monstrat.
765 3396 956 3455 Scribendum
977 3406 1022 3453 est
1043 3395 1118 3452 enirn
1135 3395 1353 3469 elegantissima

290 3507 318 3554 et
347 3499 499 3573 aptissima
530 3501 670 3558 orationis
691 3501 789 3561 forma
819 3513 848 3560 at
880 3503 934 3560 sibi
964 3503 1002 3559 ab
1023 3501 1105 3558 initio
1128 3499 1166 3558 od
1187 3511 1352 3558 extremum

290 3604 555 3666 constantizlrna
577 3608 703 3688 eaptus
727 3605 1192 3684 oportetetdeseeudasin
1211 3624 1352 3681 equum

290 3715 324 3763 et
344 3707 399 3764 vir
419 3726 494 3765 cum
519 3711 600 3770 viro
622 3713 890 3788 congrediaris.
934 3713 982 3772 Ex
1003 3731 1101 3771 arma
1122 3712 1160 3769 ob
1184 3711 1353 3786 praecedens

290 3811 474 3871 debellari
497 3825 590 3874 ortum
614 3817 764 3887 armari,
793 3827 854 3874 turn
877 3819 1023 3894 capias,
1052 3818 1130 3894 quod
1158 3817 1184 3873 P
1213 3817 1353 3875 servavit.
