2822 4648
579 292 636 347 145
967 287 1024 337 Lib.
1044 289 1105 338 Vll.

68 470 328 530 Hasdrubalis
349 489 435 528 varo
458 471 658 530 exereitum
678 503 712 513 -
731 471 888 529 deletum
906 472 1141 548 cedendoque

69 578 105 634 in
128 576 303 652 angulum
331 577 515 634 Bruttium
545 585 669 634 cetera
695 577 811 634 Italia
842 595 1073 648 eoncessum,
1104 595 1141 634 ne

69 693 130 740 tam
147 683 254 740 duram
271 680 396 756 quidem,
410 681 549 755 quoniam
567 682 641 739 inter
657 691 742 758 post
758 691 787 740 et
806 699 1015 740 conoessum
1037 695 1142 758 praeter

71 787 238 846 ablativum
268 786 397 856 ltalia,
426 786 476 860 qui
504 807 522 844 a
552 806 762 846 eoncessum
793 789 899 863 pendet
930 790 1021 864 (quod
1051 808 1141 865 genus

71 893 201 951 indicavi
234 892 368 952 Gratum.
409 892 475 949 Lat
510 897 525 962 ξ
560 894 620 950 469
657 901 717 949 not.
752 894 785 962 2;
821 891 873 953 cfr.
906 895 1070 953 Weissenb.
1104 896 1141 953 ad

71 999 214 1069 XXVII,
238 1001 287 1070 36,
309 996 357 1074 2),
386 998 579 1075 interponitur
614 1017 672 1056 non
699 999 794 1056 solum
824 999 897 1056 alius
919 1001 1064 1058 ablativus
1087 1001 1141 1074 (in-

71 1104 281 1174 strumentalis,
309 1104 505 1178 cedendo),
535 1103 586 1160 sed
610 1103 697 1160 etiam
724 1105 791 1162 huie
818 1105 955 1164 adiuncta
975 1107 1141 1182 praepositio

72 1228 139 1268 cunr
175 1227 261 1268 emur
301 1210 336 1268 in
368 1209 538 1284 angulum
571 1209 765 1270 Bruttium.
814 1209 888 1270 Sunt
929 1212 991 1270 haeo
1023 1231 1142 1288 prorsus

74 1314 201 1372 Liviana
223 1333 317 1372 exeo
341 1332 462 1388 genere,
496 1315 574 1388 qnod
601 1325 668 1372 ante
690 1316 814 1372 sederim
836 1335 929 1374 annos
950 1317 1051 1374 notavi
1073 1319 1142 1390 (Be-

75 1419 255 1494 merkungeu
277 1420 350 1476 uber
371 1420 575 1478 verschiedene
597 1420 712 1477 Punite
734 1421 785 1478 des
807 1421 937 1497 Systems
957 1422 1010 1478 der
1030 1423 1142 1480 lateini-

75 1526 164 1582 schen
186 1525 381 1600 Spraehlehre
392 1545 421 1600 p.
436 1525 497 1601 79),
520 1526 549 1582 in
572 1525 676 1600 quibus
700 1525 837 1601 analogia
858 1545 911 1600 per
926 1528 1065 1602 ambages
1080 1546 1142 1584 am·

75 1630 204 1706 plifinata
226 1629 254 1686 in
266 1624 375 1688 formae
387 1630 539 1706 diligenter
552 1631 728 1706 compositas
741 1631 792 1689 sed
808 1631 947 1688 molestas
961 1641 989 1688 et
1004 1651 1142 1707 operosas

74 1737 143 1796 exit.
192 1736 289 1794 Paulo
309 1745 376 1792 ante
399 1737 501 1794 eodem
525 1738 620 1813 capite
652 1735 680 1812 (ξ
704 1739 734 1811 8)
766 1739 855 1814 pudet
875 1755 958 1813 paene
978 1739 1143 1812 admonere,

74 1843 168 1900 verbs
191 1841 233 1898 siu
255 1841 485 1917 interpungenda
506 1861 583 1900 esse:
610 1861 681 1900 nou
703 1850 935 1908 cantuarien
957 1845 1142 1904 exultatio

73 1965 332 2022 armorumque
368 1947 526 2022 agitatio
555 1967 665 2018 vana,
701 1946 763 2004 sed
784 1957 912 2022 peetus
944 1951 1143 2010 animorum

74 2053 214 2126 iraeque
263 2052 421 2127 plenum3
464 2073 602 2112 omnem
645 2051 830 2110 ferociam
875 2054 1069 2129 (Torquatus)
1109 2058 1144 2114 in

75 2157 277 2214 discrimen
306 2159 426 2233 ipsum
457 2158 676 2216 certaminis
706 2156 916 2215 distulerat.
973 2162 1071 2237 Vulgo
1094 2164 1143 2220 Li-

76 2261 155 2320 vium
180 2261 323 2320 dicentem
345 2262 465 2334 iaciunt,
487 2283 545 2321 uon
568 2272 685 2320 cautum
707 2281 760 2320 neo
782 2281 929 2320 armorum
945 2267 1142 2342 agitationem,

77 2368 128 2424 sed
151 2379 253 2443 paetus
274 2367 420 2426 distulisse
440 2368 589 2439 ferociam,
611 2387 669 2425 uon
691 2368 966 2441 animadvertentes,
989 2373 1143 2430 nominati-

76 2491 146 2530 vum
169 2471 306 2541 breviter,
329 2473 438 2532 omisso
453 2475 553 2544 verbo,
574 2493 628 2550 pro
650 2483 714 2531 tota
735 2473 876 2531 sententia
897 2471 965 2548 poni
988 2471 1054 2544 (Gr.
1078 2473 1143 2529 Lat

77 2583 93 2648 5
126 2581 187 2636 479
222 2587 283 2638 not.
316 2581 350 2648 2;
382 2579 432 2640 cir.
467 2579 528 2640 Cio.
552 2581 637 2638 Verr.
670 2579 714 2650 V,
747 2584 774 2642 7,
804 2583 854 2636 16:
898 2577 1143 2651 Exspectatio

76 2701 217 2740 summa
249 2684 447 2756 bominum,
491 2685 659 2760 quidnam
691 2685 727 2742 id
760 2693 866 2746 esset.
929 2682 1026 2740 'Tacit-i
1061 2699 1144 2740 nsum

77 2788 207 2855 omitto.)
730 2865 732 2868 Ι

163 2891 237 2970 Cap.
263 2895 309 2964 12,
326 2897 413 2951 bnon
429 2893 539 2962 dubito,
563 2894 631 2968 quin
647 2895 781 2952 mendum
805 2895 895 2951 lateat
917 2895 947 2951 iu
968 2895 1013 2952 his
1035 2893 1145 2952 verbis:

77 2998 187 3058 Alius
218 2997 397 3056 adventus
430 2999 589 3057 hostiurn
620 2998 692 3057 init
722 3000 891 3076 proximo
912 3000 1011 3057 bello
1044 2998 1145 3075 agris

78 3102 292 3162 terribilior
328 3119 433 3176 quam
470 3103 552 3160 urbi
586 3104 629 3178 (in
663 3105 727 3162 eod.
761 3107 919 3182 archetypo
950 3105 1020 3176 fuit,
1055 3115 1087 3162 ut
1115 3105 1145 3161 in

77 3209 235 3266 MPLth
274 3206 338 3264 aliis
367 3207 478 3265 multis:
508 3209 608 3284 agris
650 3229 753 3284 quam
796 3211 1005 3269 terribilior
1039 3211 1144 3283 urbi).

77 3315 159 3373 Nam
181 3331 275 3388 neque
296 3313 463 3387 proximo
485 3313 598 3386 bello,
620 3317 800 3391 praecedente
818 3327 885 3374 unte
907 3317 1034 3393 quinque
1055 3318 1146 3374 verba

78 3429 152 3478 tam
189 3417 387 3495 propinqui
417 3419 506 3476 belli
541 3421 752 3496 appellatione,
783 3421 819 3478 de
854 3422 992 3498 temporis
1026 3422 1144 3498 propin·

79 3525 191 3600 quitata
207 3523 327 3600 intelligi
350 3533 446 3600 potest
476 3525 526 3598 (-
550 3525 615 3584 loco
638 3535 734 3584 autem
757 3526 875 3584 minime
896 3529 1061 3603 proximum
1083 3537 1146 3585 erat

78 3630 292 3706 Tarquiniense
303 3630 418 3699 bellurn,
441 3631 600 3704 prasertim
613 3649 677 3688 oum
691 3632 807 3689 Tiburti
823 3641 873 3690 aut
884 3632 1013 3690 Hernico
1025 3650 1145 3707 eompa-

77 3747 175 3794 ratum
198 3736 273 3806 -),
304 3753 400 3810 neque
421 3734 533 3806 Livius,
553 3753 642 3810 quum
674 3737 777 3794 eodem
801 3757 878 3796 anno
910 3737 998 3796 alium
1019 3738 1145 3796 hostium

78 3843 237 3900 adveutum
267 3851 372 3916 praeter
402 3841 567 3899 Tiburtium
595 3840 704 3900 lautum
736 3853 884 3914 narraret,
916 3863 982 3900 eum
1010 3843 1145 3919 proximo

77 3946 156 4006 bello
178 3944 319 4004 accidisse
342 3945 500 4018 scriberet,
529 3957 669 4022 tauquam
691 3948 728 4006 de
751 3949 839 4006 rebus
860 3959 990 4024 tempore
1013 3949 1147 4007 diiunctis

76 4055 194 4122 dioens3
216 4051 402 4126 omninoque,
424 4070 523 4127 quum,
544 4063 665 4130 peracta
685 4055 852 4113 narratione
873 4053 957 4112 unius
984 4053 1052 4111 belli
1080 4073 1146 4130 psr·

104 4169 216 4210 movsen
230 4169 326 4208 snm.
335 4170 392 4209 uu.
915 4160 947 4210 tt)
