2810 4644
579 301 639 357 309
675 259 678 269 ·
940 297 1110 351 Libxxvl.

70 481 180 539 Fuisse
207 480 322 538 videtur
352 490 416 540 aut:
448 483 503 542 Ad
530 482 756 560 frangendas
781 483 897 559 igitur
920 481 1055 563 [vires]
1077 503 1144 543 ra-

68 595 179 645 stare
201 605 310 663 agros
332 597 384 645 aut
403 587 514 664 potius:
537 587 777 664 Frangeudas
799 587 916 664 igitur
937 587 1063 667 [viros
1090 609 1146 650 ra·

70 689 147 771 tus]
182 703 334 752 vastare
358 711 467 769 egros
495 701 548 752 cet
614 693 742 766 Deinde,
777 699 976 770 prosequens
1000 697 1017 752 9
1043 693 1145 754 Livius

70 799 204 876 Scopam
224 799 365 870 narrarit,
387 807 501 856 armate
524 797 603 856 omni
624 799 794 857 AEtolorum
816 799 980 872 iuventute,
1010 799 1144 860 bellum

69 905 215 963 inferre
236 905 453 964 Acarnaniae
472 923 645 980 parasse,
666 913 827 980 sequuntur
848 905 878 962 in
900 907 1049 966 codicibus
1072 908 1145 982 (PM

71 1009 173 1082 Cant,
196 1011 271 1074 Lov.
296 1014 323 1082 1,
346 1013 374 1082 3,
398 1015 425 1083 5,
449 1007 529 1088 eliis)
551 1010 626 1067 haec:
648 1008 841 1068 Adversus
864 1013 1012 1087 quodse
1029 1015 1145 1072 Acar·

70 1135 207 1174 nanum
228 1133 322 1192 gens
350 1126 385 1174 et
405 1115 552 1173 viribus
581 1115 699 1190 imper
720 1116 840 1174 etiam
863 1116 1054 1177 Oeniadas
1075 1119 1145 1178 Na-

70 1241 227 1298 sumque
256 1221 394 1280 amissa
415 1239 573 1280 cernens
601 1222 840 1298 Romanaque
862 1223 1018 1300 insuper
1045 1241 1147 1282 armo

70 1332 268 1406 ingruere,
289 1329 345 1386 ire
365 1327 482 1404 magis
503 1327 660 1385 instruit
692 1346 797 1402 quem
818 1327 977 1386 consilio
1000 1329 1145 1388 bellum.

70 1435 248 1511 Superiores
271 1432 414 1492 fecerent:
442 1434 638 1492 Adversus
668 1435 764 1509 quod
786 1435 1024 1492 Acarnanum
1047 1451 1145 1512 gons,

71 1539 346 1601 Weissenbornins:
371 1541 559 1598 Adversus
582 1539 677 1614 quod
698 1543 984 1599 seAcarnaunm
1005 1559 1118 1618 gens.

71 1647 251 1723 imparem
358 1663 511 1703 cernens
533 1655 586 1704 cst.
631 1647 667 1704 In
687 1653 813 1722 utraque
832 1646 976 1721 scriptura
999 1647 1057 1704 duo
1078 1657 1146 1706 sunt

72 1753 180 1810 vitiose
212 1752 303 1810 dicta:
343 1744 463 1827 impar
495 1751 675 1809 adversus
710 1752 845 1810 bellum
877 1761 922 1812 et:
959 1751 1144 1812 adversus

72 1859 173 1933 quod
204 1856 335 1915 bellum
456 1857 614 1914 instruit
645 1857 787 1917 bellum.
843 1857 944 1916 Livius
976 1857 1146 1937 scripserat:

71 1963 270 2023 Adversus
292 1981 381 2045 qnos
405 1960 556 2042 (Aetolos)
577 1966 810 2021 Acarnanum
832 1981 929 2040 gens,
946 1971 980 2021 et
1000 1963 1146 2022 viribus

71 2071 196 2145 impar
228 2077 262 2125 ot
290 2069 360 2128 iam
480 2087 634 2127 cernens
662 2109 729 2138 ...,
761 2069 916 2126 instruit
942 2109 973 2134 ..
999 2069 1144 2128 bellum.

72 2175 224 2248 Quodse
246 2183 341 2232 ortum
363 2193 401 2232 cx
424 2193 522 2233 errore
544 2175 672 2249 (quod)
707 2183 734 2231 ct
756 2174 935 2232 correct-ione
957 2175 1017 2248 (s),
1047 2175 1143 2234 vocali

72 2297 170 2357 preve
201 2279 309 2340 addita.
417 2281 512 2338 Paulo
543 2289 611 2356 post
633 2279 720 2356 (13),
749 2281 798 2338 ubi
819 2280 849 2337 in
871 2282 898 2339 P
921 2289 978 2338 est:
1000 2281 1144 2340 adlibe·

70 2384 351 2460 rcntqhumatis
380 2385 543 2456 titulum,
573 2385 709 2444 ineditis
739 2385 974 2458 adhiberent,
1005 2386 1085 2462 quod
1108 2385 1145 2444 de

70 2491 161 2549 titulo
183 2491 240 2551 dici
261 2489 370 2564 nequit,
392 2492 511 2549 subesse
534 2491 661 2549 videtur:
683 2492 943 2566 adderantque.

162 2595 237 2672 Cep.
261 2599 317 2667 27,
344 2599 380 2654 16
411 2597 461 2671 (de
483 2597 604 2654 Valerio
629 2595 749 2654 Laevino
771 2596 889 2653 consulo
910 2597 948 2654 ad
970 2599 1072 2656 urbem
1094 2617 1145 2657 ac·

72 2703 197 2762 cedente
220 2701 378 2779 Campanis
407 2701 449 2770 ¹ed
476 2702 689 2778 deprecandam
713 2699 809 2760 Fulvii
839 2699 939 2760 Flacci
958 2703 1142 2762 severitatem

74 2809 260 2868 circumfusis
282 2817 311 2865 et
333 2807 454 2879 Siculis,
485 2808 535 2882 qui
557 2810 681 2867 Romam
713 2816 846 2882 questum
874 2806 911 2864 dc
932 2809 1074 2868 Marcello
1095 2827 1145 2866 vo-

74 2924 190 2984 nerant,
213 2913 329 2972 obviam
352 2914 503 2990 egressis):
526 2916 603 2973 Hac
625 2911 876 2973 circumfusus
906 2913 1147 2972 multitudine

76 3019 189 3077 simul
217 3017 355 3078 Siculis
383 3019 526 3077 obviam
563 3020 723 3096 egressis
763 3017 974 3095 seculisqua
998 3021 1146 3077 Romam

75 3125 235 3202 praebuit
257 3123 549 3182 clarissimarum
572 3125 712 3183 urbium
736 3123 883 3182 excidio
913 3143 955 3183 ac
977 3125 1147 3184 celeber·

78 3231 184 3289 rimis
212 3229 304 3288 viris
335 3229 459 3288 victos
490 3231 589 3288 bello
621 3239 859 3288 accusatores
885 3229 921 3287 in
945 3231 1066 3288 urbem
1086 3229 1148 3287 ed·

78 3335 258 3394 ducentis.
304 3336 340 3393 Iu
362 3336 584 3411 seculisque,
607 3355 643 3394 ex
667 3355 725 3411 quo
748 3334 917 3394 Gronovius
934 3335 1148 3410 AEtolisquo

79 3439 227 3511 offecerat,
249 3439 330 3499 cuius
354 3441 448 3517 gentis
469 3441 646 3499 alienissime
668 3443 705 3498 ab
726 3441 782 3498 hac
803 3459 835 3499 re
857 3439 965 3498 mentio
987 3439 1148 3508 estWeio·

80 3546 253 3604 senbornius
289 3556 368 3606 recte
400 3547 473 3606 vidit
510 3547 581 3604 nihil
613 3545 692 3604 eliud
727 3545 818 3604 latere
846 3545 902 3604 nisi
933 3545 1149 3620 secutisque

79 3653 173 3728 (quod
198 3653 311 3730 ipsein
333 3653 458 3731 exempli
480 3653 537 3712 mei
559 3651 690 3728 margine
711 3671 737 3709 a.
753 3653 831 3711 1835
854 3647 1148 3728 adnotatumvideo).

82 3757 143 3818 Sed
163 3755 257 3816 minus
271 3757 393 3818 feliciter
413 3769 481 3838 post
502 3761 660 3830 Romam,
683 3758 762 3835 quod
780 3757 885 3815 vitiose
912 3759 1051 3828 abundat,
1074 3775 1151 3834 prae·

81 3865 181 3924 sertim
203 3865 337 3942 proxime
365 3865 595 3942 precedentibus
616 3863 687 3922 illis:
708 3863 814 3940 sequi
837 3881 875 3922 se
896 3865 1061 3936 Romam,
1097 3861 1150 3920 ad-

81 3969 157 4029 didit
185 3988 379 4042 rumorsm;
412 3991 479 4030 nem
509 3989 604 4047 neque
638 3988 760 4028 rumor
792 3969 1014 4030 adducentis
1046 3966 1152 4028 dicitnr

80 4095 178 4152 neque
199 4075 235 4134 de
257 4093 376 4134 rumore
394 4077 505 4153 egitur,
527 4077 578 4135 sed
600 4077 637 4135 de
659 4075 775 4135 obiecta
797 4075 887 4156 oculis
909 4085 938 4135 et
959 4073 1066 4135 smmis
1084 4093 1152 4152 spo·
