<?xml version="1.0" encoding="UTF-8"?>
<!DOCTYPE html PUBLIC "-//W3C//DTD XHTML 1.0 Transitional//EN"
    "http://www.w3.org/TR/xhtml1/DTD/xhtml1-transitional.dtd">
<html xmlns="http://www.w3.org/1999/xhtml" xml:lang="en" lang="en">
 <head>
  <title>
</title>
<meta http-equiv="Content-Type" content="text/html;charset=utf-8" />
  <meta name='ocr-system' content='tesseract 3.04.00' />
  <meta name='ocr-capabilities' content='ocr_page ocr_carea ocr_par ocr_line ocrx_word'/>
</head>
<body>
  <div class='ocr_page' id='page_1' title='image "./emendationesliv02madvgoog_0593.png"; bbox 0 0 2820 4646; ppageno 0'>
   <div class='ocr_carea' id='block_1_1' title="bbox 232 253 796 332">
    <p class='ocr_par' dir='ltr' id='par_1_1' title="bbox 232 253 796 332">
     <span class='ocr_line' id='line_1_1' title="bbox 232 253 796 332; baseline -0.002 -28"><span class='ocrx_word' id='word_1_1' title='bbox 232 255 289 304; x_wconf 77' lang='lat' dir='ltr'><strong>ere.</strong></span> <span class='ocrx_word' id='word_1_2' title='bbox 307 253 402 304; x_wconf 83' lang='lat' dir='ltr'><strong>xnrv.</strong></span> <span class='ocrx_word' id='word_1_3' title='bbox 708 323 711 332; x_wconf 32' lang='grc' dir='ltr'>Ι</span> <span class='ocrx_word' id='word_1_4' title='bbox 739 257 796 314; x_wconf 69' lang='lat'><strong>584</strong></span> 
     </span>
    </p>
   </div>
   <div class='ocr_carea' id='block_1_2' title="bbox 230 437 1299 2745">
    <p class='ocr_par' dir='ltr' id='par_1_2' title="bbox 232 437 1299 938">
     <span class='ocr_line' id='line_1_2' title="bbox 232 437 1299 510; baseline -0.001 -13"><span class='ocrx_word' id='word_1_5' title='bbox 232 440 262 497; x_wconf 93' lang='lat' dir='ltr'><strong>in</strong></span> <span class='ocrx_word' id='word_1_6' title='bbox 283 438 456 496; x_wconf 87' lang='lat' dir='ltr'><strong>codicenon</strong></span> <span class='ocrx_word' id='word_1_7' title='bbox 478 439 700 498; x_wconf 77' lang='lat' dir='ltr'><strong>exaudirent</strong></span> <span class='ocrx_word' id='word_1_8' title='bbox 729 439 780 510; x_wconf 89' lang='lat' dir='ltr'><strong>sit,</strong></span> <span class='ocrx_word' id='word_1_9' title='bbox 809 439 860 497; x_wconf 90' lang='lat' dir='ltr'><strong>sed</strong></span> <span class='ocrx_word' id='word_1_10' title='bbox 891 437 1106 508; x_wconf 77' lang='lat' dir='ltr'>exaudiret,</span> <span class='ocrx_word' id='word_1_11' title='bbox 1129 438 1230 496; x_wconf 86' lang='lat' dir='ltr'><strong>Livius</strong></span> <span class='ocrx_word' id='word_1_12' title='bbox 1259 440 1299 496; x_wconf 77' lang='lat' dir='ltr'><strong>sd</strong></span> 
     </span>
     <span class='ocr_line' id='line_1_3' title="bbox 232 541 1299 621; baseline -0.005 -18"><span class='ocrx_word' id='word_1_13' title='bbox 232 547 307 604; x_wconf 85' lang='lat' dir='ltr'><strong>hene</strong></span> <span class='ocrx_word' id='word_1_14' title='bbox 329 544 454 602; x_wconf 80' lang='lat' dir='ltr'><strong>formem</strong></span> <span class='ocrx_word' id='word_1_15' title='bbox 476 544 626 621; x_wconf 76' lang='lat' dir='ltr'>scripsisse</span> <span class='ocrx_word' id='word_1_16' title='bbox 647 545 774 603; x_wconf 85' lang='lat' dir='ltr'><strong>videtur:</strong></span> <span class='ocrx_word' id='word_1_17' title='bbox 797 545 866 606; x_wconf 90' lang='lat' dir='ltr'><strong>Ubi</strong></span> <span class='ocrx_word' id='word_1_18' title='bbox 888 544 1057 602; x_wconf 87' lang='lat' dir='ltr'><strong>omnibus</strong></span> <span class='ocrx_word' id='word_1_19' title='bbox 1081 541 1193 600; x_wconf 89' lang='lat' dir='ltr'><strong>simul</strong></span> <span class='ocrx_word' id='word_1_20' title='bbox 1213 559 1299 617; x_wconf 89' lang='lat' dir='ltr'><strong>pro·</strong></span> 
     </span>
     <span class='ocr_line' id='line_1_4' title="bbox 232 647 1299 728; baseline -0.003 -19"><span class='ocrx_word' id='word_1_21' title='bbox 232 651 580 726; x_wconf 77' lang='lat' dir='ltr'><strong>nuntiaretur,qucd</strong></span> <span class='ocrx_word' id='word_1_22' title='bbox 604 649 726 720; x_wconf 83' lang='lat' dir='ltr'><strong>fieret,</strong></span> <span class='ocrx_word' id='word_1_23' title='bbox 743 647 874 728; x_wconf 86' lang='lat' dir='ltr'><strong>[neque</strong></span> <span class='ocrx_word' id='word_1_24' title='bbox 896 647 1011 728; x_wconf 86' lang='lat' dir='ltr'><strong>clere]</strong></span> <span class='ocrx_word' id='word_1_25' title='bbox 1034 667 1148 725; x_wconf 85' lang='lat' dir='ltr'><strong>neque</strong></span> <span class='ocrx_word' id='word_1_26' title='bbox 1169 667 1299 708; x_wconf 90' lang='lat' dir='ltr'><strong>omnes</strong></span> 
     </span>
     <span class='ocr_line' id='line_1_5' title="bbox 233 753 1298 832; baseline 0.001 -18"><span class='ocrx_word' id='word_1_27' title='bbox 233 757 424 827; x_wconf 70' lang='lat' dir='ltr'><strong>exeudirm</strong></span> <span class='ocrx_word' id='word_1_28' title='bbox 453 757 597 814; x_wconf 88' lang='lat' dir='ltr'><strong>incerto</strong></span> <span class='ocrx_word' id='word_1_29' title='bbox 627 755 782 832; x_wconf 88' lang='lat' dir='ltr'><strong>imperio</strong></span> <span class='ocrx_word' id='word_1_30' title='bbox 816 765 969 832; x_wconf 84' lang='lat' dir='ltr'><strong>eccepto</strong></span> <span class='ocrx_word' id='word_1_31' title='bbox 1006 756 1100 814; x_wconf 84' lang='lat' dir='ltr'><strong>elios</strong></span> <span class='ocrx_word' id='word_1_32' title='bbox 1121 763 1176 813; x_wconf 86' lang='lat' dir='ltr'><strong>cet.</strong></span> <span class='ocrx_word' id='word_1_33' title='bbox 1219 753 1298 830; x_wconf 80' lang='lat' dir='ltr'><strong>(Cir.</strong></span> 
     </span>
     <span class='ocr_line' id='line_1_6' title="bbox 232 862 394 938; baseline 0 -16"><span class='ocrx_word' id='word_1_34' title='bbox 232 883 257 926; x_wconf 91' lang='lat' dir='ltr'><strong>c.</strong></span> <span class='ocrx_word' id='word_1_35' title='bbox 282 867 330 934; x_wconf 85' lang='lat'><strong>36,</strong></span> <span class='ocrx_word' id='word_1_36' title='bbox 354 862 394 938; x_wconf 90' lang='grc'><strong>7.)</strong></span> 
     </span>
    </p>

    <p class='ocr_par' dir='ltr' id='par_1_3' title="bbox 230 967 1298 2745">
     <span class='ocr_line' id='line_1_7' title="bbox 316 967 1298 1046; baseline -0.002 -19"><span class='ocrx_word' id='word_1_37' title='bbox 316 967 387 1046; x_wconf 83' lang='lat' dir='ltr'><strong>Cep.</strong></span> <span class='ocrx_word' id='word_1_38' title='bbox 412 972 460 1039; x_wconf 82' lang='lat'><strong>³6,</strong></span> <span class='ocrx_word' id='word_1_39' title='bbox 484 970 501 1025; x_wconf 85' lang='grc'>3</span> <span class='ocrx_word' id='word_1_40' title='bbox 526 968 574 1041; x_wconf 89' lang='lat' dir='ltr'><strong>(de</strong></span> <span class='ocrx_word' id='word_1_41' title='bbox 597 969 632 1028; x_wconf 90' lang='lat' dir='ltr'><strong>L.</strong></span> <span class='ocrx_word' id='word_1_42' title='bbox 656 967 750 1026; x_wconf 78' lang='lat' dir='ltr'><strong>Paulo</strong></span> <span class='ocrx_word' id='word_1_43' title='bbox 772 985 899 1044; x_wconf 79' lang='lat' dir='ltr'><strong>pugnem</strong></span> <span class='ocrx_word' id='word_1_44' title='bbox 922 967 1100 1042; x_wconf 84' lang='lat' dir='ltr'><strong>differente):</strong></span> <span class='ocrx_word' id='word_1_45' title='bbox 1128 968 1198 1028; x_wconf 86' lang='lat' dir='ltr'><strong>Sed</strong></span> <span class='ocrx_word' id='word_1_46' title='bbox 1220 977 1298 1026; x_wconf 83' lang='lat' dir='ltr'><strong>tsn-</strong></span> 
     </span>
     <span class='ocr_line' id='line_1_8' title="bbox 232 1074 1297 1150; baseline 0 -18"><span class='ocrx_word' id='word_1_47' title='bbox 232 1084 288 1132; x_wconf 89' lang='lat' dir='ltr'><strong>tus</strong></span> <span class='ocrx_word' id='word_1_48' title='bbox 310 1075 420 1132; x_wconf 86' lang='lat' dir='ltr'><strong>erdor</strong></span> <span class='ocrx_word' id='word_1_49' title='bbox 441 1075 477 1132; x_wconf 89' lang='lat' dir='ltr'><strong>in</strong></span> <span class='ocrx_word' id='word_1_50' title='bbox 503 1074 636 1132; x_wconf 78' lang='lat' dir='ltr'><strong>animis</strong></span> <span class='ocrx_word' id='word_1_51' title='bbox 659 1075 704 1131; x_wconf 84' lang='lat' dir='ltr'><strong>ed</strong></span> <span class='ocrx_word' id='word_1_52' title='bbox 726 1074 970 1132; x_wconf 77' lang='lat' dir='ltr'><strong>dimicandum</strong></span> <span class='ocrx_word' id='word_1_53' title='bbox 992 1075 1176 1150; x_wconf 72' lang='lat' dir='ltr'><strong>utrimque</strong></span> <span class='ocrx_word' id='word_1_54' title='bbox 1197 1085 1297 1142; x_wconf 86' lang='lat' dir='ltr'><strong>eret,</strong></span> 
     </span>
     <span class='ocr_line' id='line_1_9' title="bbox 231 1180 1295 1255; baseline 0 -17"><span class='ocrx_word' id='word_1_55' title='bbox 231 1190 269 1238; x_wconf 93' lang='lat' dir='ltr'><strong>ut</strong></span> <span class='ocrx_word' id='word_1_56' title='bbox 291 1181 433 1239; x_wconf 88' lang='lat' dir='ltr'><strong>consuli</strong></span> <span class='ocrx_word' id='word_1_57' title='bbox 457 1201 527 1240; x_wconf 93' lang='lat' dir='ltr'><strong>non</strong></span> <span class='ocrx_word' id='word_1_58' title='bbox 549 1180 687 1238; x_wconf 88' lang='lat' dir='ltr'><strong>minore</strong></span> <span class='ocrx_word' id='word_1_59' title='bbox 702 1189 783 1238; x_wconf 84' lang='lat' dir='ltr'><strong>erte</strong></span> <span class='ocrx_word' id='word_1_60' title='bbox 798 1180 841 1237; x_wconf 83' lang='lat' dir='ltr'><strong>ed</strong></span> <span class='ocrx_word' id='word_1_61' title='bbox 862 1199 949 1240; x_wconf 87' lang='lat' dir='ltr'><strong>suos</strong></span> <span class='ocrx_word' id='word_1_62' title='bbox 972 1181 1173 1238; x_wconf 87' lang='lat' dir='ltr'><strong>eludendos</strong></span> <span class='ocrx_word' id='word_1_63' title='bbox 1188 1199 1295 1255; x_wconf 83' lang='lat' dir='ltr'><strong>quem</strong></span> 
     </span>
     <span class='ocr_line' id='line_1_10' title="bbox 232 1285 1297 1364; baseline -0.001 -19"><span class='ocrx_word' id='word_1_64' title='bbox 232 1289 275 1345; x_wconf 84' lang='lat' dir='ltr'><strong>ed</strong></span> <span class='ocrx_word' id='word_1_65' title='bbox 290 1289 416 1346; x_wconf 89' lang='lat' dir='ltr'><strong>hostes</strong></span> <span class='ocrx_word' id='word_1_66' title='bbox 432 1305 523 1364; x_wconf 91' lang='lat' dir='ltr'><strong>opus</strong></span> <span class='ocrx_word' id='word_1_67' title='bbox 535 1295 641 1346; x_wconf 81' lang='lat' dir='ltr'><strong>esset</strong></span> <span class='ocrx_word' id='word_1_68' title='bbox 664 1285 746 1344; x_wconf 92' lang='lat' dir='ltr'><strong>Nihil</strong></span> <span class='ocrx_word' id='word_1_69' title='bbox 756 1286 794 1344; x_wconf 89' lang='lat' dir='ltr'><strong>ed</strong></span> <span class='ocrx_word' id='word_1_70' title='bbox 805 1285 891 1344; x_wconf 81' lang='lat' dir='ltr'><strong>Pauli</strong></span> <span class='ocrx_word' id='word_1_71' title='bbox 903 1287 1023 1344; x_wconf 83' lang='lat' dir='ltr'><strong>consilis</strong></span> <span class='ocrx_word' id='word_1_72' title='bbox 1034 1287 1205 1362; x_wconf 74' lang='lat' dir='ltr'><strong>pertinebat,</strong></span> <span class='ocrx_word' id='word_1_73' title='bbox 1215 1287 1297 1362; x_wconf 91' lang='lat' dir='ltr'><strong>quod</strong></span> 
     </span>
     <span class='ocr_line' id='line_1_11' title="bbox 232 1391 1296 1472; baseline 0 -22"><span class='ocrx_word' id='word_1_74' title='bbox 232 1393 318 1450; x_wconf 90' lang='lat' dir='ltr'><strong>etiem</strong></span> <span class='ocrx_word' id='word_1_75' title='bbox 341 1394 419 1470; x_wconf 86' lang='lat' dir='ltr'><strong>epud</strong></span> <span class='ocrx_word' id='word_1_76' title='bbox 445 1393 632 1472; x_wconf 38' lang='lat' dir='ltr'><strong>Macedones·</strong></span> <span class='ocrx_word' id='word_1_77' title='bbox 658 1391 748 1449; x_wconf 85' lang='lat' dir='ltr'><strong>ardor</strong></span> <span class='ocrx_word' id='word_1_78' title='bbox 780 1391 817 1448; x_wconf 86' lang='lat' dir='ltr'><strong>sd</strong></span> <span class='ocrx_word' id='word_1_79' title='bbox 849 1391 1044 1450; x_wconf 75' lang='lat' dir='ltr'><strong>dimicandum</strong></span> <span class='ocrx_word' id='word_1_80' title='bbox 1075 1402 1163 1462; x_wconf 79' lang='lat' dir='ltr'><strong>esset3</strong></span> <span class='ocrx_word' id='word_1_81' title='bbox 1199 1411 1296 1468; x_wconf 88' lang='lat' dir='ltr'><strong>neque</strong></span> 
     </span>
     <span class='ocr_line' id='line_1_12' title="bbox 232 1497 1296 1575; baseline 0 -19"><span class='ocrx_word' id='word_1_82' title='bbox 232 1499 307 1556; x_wconf 89' lang='lat' dir='ltr'><strong>enim</strong></span> <span class='ocrx_word' id='word_1_83' title='bbox 330 1519 395 1557; x_wconf 90' lang='lat' dir='ltr'><strong>enm</strong></span> <span class='ocrx_word' id='word_1_84' title='bbox 420 1500 556 1558; x_wconf 82' lang='lat' dir='ltr'><strong>ardorem</strong></span> <span class='ocrx_word' id='word_1_85' title='bbox 577 1515 631 1554; x_wconf 84' lang='lat' dir='ltr'><strong>sue</strong></span> <span class='ocrx_word' id='word_1_86' title='bbox 653 1507 716 1554; x_wconf 82' lang='lat' dir='ltr'><strong>arte</strong></span> <span class='ocrx_word' id='word_1_87' title='bbox 738 1497 853 1554; x_wconf 88' lang='lat' dir='ltr'><strong>eludere</strong></span> <span class='ocrx_word' id='word_1_88' title='bbox 873 1508 997 1575; x_wconf 87' lang='lat' dir='ltr'><strong>poteret.</strong></span> <span class='ocrx_word' id='word_1_89' title='bbox 1040 1501 1075 1558; x_wconf 92' lang='lat' dir='ltr'><strong>In</strong></span> <span class='ocrx_word' id='word_1_90' title='bbox 1097 1499 1196 1558; x_wconf 90' lang='lat' dir='ltr'><strong>codice</strong></span> <span class='ocrx_word' id='word_1_91' title='bbox 1217 1509 1296 1558; x_wconf 80' lang='lat' dir='ltr'><strong>recte</strong></span> 
     </span>
     <span class='ocr_line' id='line_1_13' title="bbox 231 1603 1296 1681; baseline 0 -19"><span class='ocrx_word' id='word_1_92' title='bbox 231 1606 365 1664; x_wconf 82' lang='lat' dir='ltr'><strong>scribitur</strong></span> <span class='ocrx_word' id='word_1_93' title='bbox 402 1607 536 1664; x_wconf 88' lang='lat' dir='ltr'><strong>omnibns</strong></span> <span class='ocrx_word' id='word_1_94' title='bbox 575 1603 694 1662; x_wconf 77' lang='lat' dir='ltr'><strong>litterist</strong></span> <span class='ocrx_word' id='word_1_95' title='bbox 737 1605 781 1662; x_wconf 82' lang='lat' dir='ltr'><strong>sd</strong></span> <span class='ocrx_word' id='word_1_96' title='bbox 821 1605 1066 1662; x_wconf 82' lang='lat' dir='ltr'><strong>dimicandum</strong></span> <span class='ocrx_word' id='word_1_97' title='bbox 1106 1613 1296 1681; x_wconf 86' lang='lat' dir='ltr'><strong>uteunque</strong></span> 
     </span>
     <span class='ocr_line' id='line_1_14' title="bbox 232 1711 1296 1787; baseline 0.001 -18"><span class='ocrx_word' id='word_1_98' title='bbox 232 1723 321 1770; x_wconf 78' lang='lat' dir='ltr'><strong>eret.</strong></span> <span class='ocrx_word' id='word_1_99' title='bbox 366 1711 475 1770; x_wconf 89' lang='lat' dir='ltr'><strong>Milites</strong></span> <span class='ocrx_word' id='word_1_100' title='bbox 498 1721 527 1769; x_wconf 90' lang='lat' dir='ltr'><strong>et</strong></span> <span class='ocrx_word' id='word_1_101' title='bbox 548 1713 626 1768; x_wconf 87' lang='lat' dir='ltr'><strong>bone</strong></span> <span class='ocrx_word' id='word_1_102' title='bbox 647 1721 693 1780; x_wconf 91' lang='lat' dir='ltr'><strong>et,</strong></span> <span class='ocrx_word' id='word_1_103' title='bbox 726 1711 750 1768; x_wconf 92' lang='lat' dir='ltr'><strong>si</strong></span> <span class='ocrx_word' id='word_1_104' title='bbox 780 1711 808 1768; x_wconf 91' lang='lat' dir='ltr'><strong>id</strong></span> <span class='ocrx_word' id='word_1_105' title='bbox 843 1729 901 1768; x_wconf 92' lang='lat' dir='ltr'><strong>non</strong></span> <span class='ocrx_word' id='word_1_106' title='bbox 931 1720 1084 1787; x_wconf 81' lang='lat' dir='ltr'><strong>poterant,</strong></span> <span class='ocrx_word' id='word_1_107' title='bbox 1120 1729 1296 1787; x_wconf 83' lang='lat' dir='ltr'><strong>quecunque</strong></span> 
     </span>
     <span class='ocr_line' id='line_1_15' title="bbox 232 1815 1294 1893; baseline 0 -17"><span class='ocrx_word' id='word_1_108' title='bbox 232 1819 396 1878; x_wconf 86' lang='lat' dir='ltr'><strong>conditione</strong></span> <span class='ocrx_word' id='word_1_109' title='bbox 418 1815 630 1892; x_wconf 87' lang='lat' dir='ltr'><strong>(utcunque)</strong></span> <span class='ocrx_word' id='word_1_110' title='bbox 654 1817 792 1876; x_wconf 84' lang='lat' dir='ltr'><strong>dimisere</strong></span> <span class='ocrx_word' id='word_1_111' title='bbox 814 1817 977 1893; x_wconf 78' lang='lat' dir='ltr'><strong>cupiebant</strong></span> <span class='ocrx_word' id='word_1_112' title='bbox 1021 1817 1164 1892; x_wconf 86' lang='lat' dir='ltr'><strong>Grynseus</strong></span> <span class='ocrx_word' id='word_1_113' title='bbox 1186 1836 1206 1874; x_wconf 78' lang='lat' dir='ltr'><strong>a</strong></span> <span class='ocrx_word' id='word_1_114' title='bbox 1228 1836 1294 1876; x_wconf 90' lang='lat' dir='ltr'><strong>sen·</strong></span> 
     </span>
     <span class='ocr_line' id='line_1_16' title="bbox 231 1921 1295 1999; baseline -0.001 -18"><span class='ocrx_word' id='word_1_115' title='bbox 231 1925 321 1982; x_wconf 85' lang='lat' dir='ltr'><strong>tentis</strong></span> <span class='ocrx_word' id='word_1_116' title='bbox 344 1922 510 1992; x_wconf 75' lang='lat' dir='ltr'><strong>aberravit,</strong></span> <span class='ocrx_word' id='word_1_117' title='bbox 541 1921 678 1996; x_wconf 88' lang='lat' dir='ltr'><strong>deceptus</strong></span> <span class='ocrx_word' id='word_1_118' title='bbox 700 1922 824 1980; x_wconf 84' lang='lat' dir='ltr'><strong>fortesss</strong></span> <span class='ocrx_word' id='word_1_119' title='bbox 846 1921 891 1992; x_wconf 90' lang='lat' dir='ltr'><strong>iis,</strong></span> <span class='ocrx_word' id='word_1_120' title='bbox 925 1941 990 1998; x_wconf 71' lang='lat' dir='ltr'><strong>qum</strong></span> <span class='ocrx_word' id='word_1_121' title='bbox 1009 1942 1034 1982; x_wconf 88' lang='lat' dir='ltr'><strong>c.</strong></span> <span class='ocrx_word' id='word_1_122' title='bbox 1059 1925 1107 1991; x_wconf 83' lang='lat'><strong>37,</strong></span> <span class='ocrx_word' id='word_1_123' title='bbox 1134 1927 1169 1980; x_wconf 88' lang='grc'><strong>10</strong></span> <span class='ocrx_word' id='word_1_124' title='bbox 1192 1923 1295 1999; x_wconf 80' lang='lat' dir='ltr'><strong>legun-</strong></span> 
     </span>
     <span class='ocr_line' id='line_1_17' title="bbox 231 2024 1295 2104; baseline 0 -18"><span class='ocrx_word' id='word_1_125' title='bbox 231 2024 317 2102; x_wconf 88' lang='lat' dir='ltr'><strong>tur.¹)</strong></span> <span class='ocrx_word' id='word_1_126' title='bbox 367 2029 462 2087; x_wconf 88' lang='lat' dir='ltr'><strong>Peulo</strong></span> <span class='ocrx_word' id='word_1_127' title='bbox 483 2035 550 2104; x_wconf 83' lang='lat' dir='ltr'><strong>pest</strong></span> <span class='ocrx_word' id='word_1_128' title='bbox 572 2029 599 2100; x_wconf 73' lang='grc' dir='ltr'><strong>(ξ</strong></span> <span class='ocrx_word' id='word_1_129' title='bbox 623 2031 652 2096; x_wconf 76' lang='lat' dir='ltr'><strong>&#39;ll</strong></span> <span class='ocrx_word' id='word_1_130' title='bbox 674 2029 795 2088; x_wconf 88' lang='lat' dir='ltr'><strong>slterum</strong></span> <span class='ocrx_word' id='word_1_131' title='bbox 821 2028 961 2088; x_wconf 84' lang='lat' dir='ltr'><strong>cretionis</strong></span> <span class='ocrx_word' id='word_1_132' title='bbox 988 2029 1148 2086; x_wconf 80' lang='lat' dir='ltr'><strong>membrum</strong></span> <span class='ocrx_word' id='word_1_133' title='bbox 1171 2030 1295 2088; x_wconf 78' lang='lat' dir='ltr'><strong>excidit:</strong></span> 
     </span>
     <span class='ocr_line' id='line_1_18' title="bbox 231 2134 1295 2209; baseline 0 -17"><span class='ocrx_word' id='word_1_134' title='bbox 231 2136 336 2209; x_wconf 89' lang='lat' dir='ltr'><strong>Quod</strong></span> <span class='ocrx_word' id='word_1_135' title='bbox 366 2136 425 2193; x_wconf 91' lang='lat' dir='ltr'><strong>ubi</strong></span> <span class='ocrx_word' id='word_1_136' title='bbox 455 2134 542 2192; x_wconf 84' lang='lat' dir='ltr'><strong>lieri</strong></span> <span class='ocrx_word' id='word_1_137' title='bbox 566 2134 702 2193; x_wconf 80' lang='lat' dir='ltr'><strong>milites</strong></span> <span class='ocrx_word' id='word_1_138' title='bbox 735 2153 901 2206; x_wconf 76' lang='lat' dir='ltr'><strong>sensere,</strong></span> <span class='ocrx_word' id='word_1_139' title='bbox 938 2135 1015 2209; x_wconf 92' lang='lat' dir='ltr'><strong>[elii</strong></span> <span class='ocrx_word' id='word_1_140' title='bbox 1040 2153 1110 2194; x_wconf 88' lang='lat' dir='ltr'><strong>non</strong></span> <span class='ocrx_word' id='word_1_141' title='bbox 1137 2136 1295 2194; x_wconf 82' lang='lat' dir='ltr'><strong>moleste</strong></span> 
     </span>
     <span class='ocr_line' id='line_1_19' title="bbox 231 2239 1294 2320; baseline 0.002 -22"><span class='ocrx_word' id='word_1_142' title='bbox 231 2239 355 2320; x_wconf 82' lang='lat' dir='ltr'><strong>serre],</strong></span> <span class='ocrx_word' id='word_1_143' title='bbox 378 2241 443 2299; x_wconf 88' lang='lat' dir='ltr'><strong>elii</strong></span> <span class='ocrx_word' id='word_1_144' title='bbox 464 2241 626 2317; x_wconf 80' lang='lat' dir='ltr'><strong>gaudere</strong></span> <span class='ocrx_word' id='word_1_145' title='bbox 643 2241 772 2317; x_wconf 82' lang='lat' dir='ltr'><strong>palem,</strong></span> <span class='ocrx_word' id='word_1_146' title='bbox 795 2241 891 2316; x_wconf 89' lang='lat' dir='ltr'><strong>quod</strong></span> <span class='ocrx_word' id='word_1_147' title='bbox 983 2241 1294 2318; x_wconf 75' lang='lat' dir='ltr'><strong>flagrantissime</strong></span> 
     </span>
     <span class='ocr_line' id='line_1_20' title="bbox 230 2348 1295 2423; baseline 0.004 -19"><span class='ocrx_word' id='word_1_148' title='bbox 230 2355 318 2405; x_wconf 68' lang='lat' dir='ltr'><strong>astu</strong></span> <span class='ocrx_word' id='word_1_149' title='bbox 340 2366 407 2404; x_wconf 87' lang='lat' dir='ltr'><strong>non</strong></span> <span class='ocrx_word' id='word_1_150' title='bbox 430 2348 616 2423; x_wconf 80' lang='lat' dir='ltr'><strong>coegisset</strong></span> <span class='ocrx_word' id='word_1_151' title='bbox 636 2365 811 2423; x_wconf 78' lang='lat' dir='ltr'><strong>pugnare.</strong></span> <span class='ocrx_word' id='word_1_152' title='bbox 856 2349 903 2419; x_wconf 90' lang='lat' dir='ltr'><strong>(ln</strong></span> <span class='ocrx_word' id='word_1_153' title='bbox 926 2369 951 2406; x_wconf 87' lang='lat' dir='ltr'><strong>c.</strong></span> <span class='ocrx_word' id='word_1_154' title='bbox 976 2351 1014 2406; x_wconf 78' lang='lat'><strong>35</strong></span> <span class='ocrx_word' id='word_1_155' title='bbox 1037 2349 1082 2406; x_wconf 89' lang='lat' dir='ltr'><strong>bis</strong></span> <span class='ocrx_word' id='word_1_156' title='bbox 1109 2349 1184 2408; x_wconf 89' lang='lat' dir='ltr'><strong>idem</strong></span> <span class='ocrx_word' id='word_1_157' title='bbox 1211 2368 1295 2408; x_wconf 88' lang='lat' dir='ltr'><strong>error</strong></span> 
     </span>
     <span class='ocr_line' id='line_1_21' title="bbox 231 2453 1294 2531; baseline 0.007 -24"><span class='ocrx_word' id='word_1_158' title='bbox 231 2459 346 2509; x_wconf 84' lang='lat' dir='ltr'><strong>notetus</strong></span> <span class='ocrx_word' id='word_1_159' title='bbox 368 2462 429 2522; x_wconf 89' lang='lat' dir='ltr'><strong>est,</strong></span> <span class='ocrx_word' id='word_1_160' title='bbox 452 2459 467 2524; x_wconf 66' lang='grc' dir='ltr'><strong>ς</strong></span> <span class='ocrx_word' id='word_1_161' title='bbox 491 2459 507 2511; x_wconf 83' lang='grc'>5</span> <span class='ocrx_word' id='word_1_162' title='bbox 530 2453 560 2511; x_wconf 91' lang='lat' dir='ltr'><strong>in</strong></span> <span class='ocrx_word' id='word_1_163' title='bbox 584 2455 730 2530; x_wconf 78' lang='lat' dir='ltr'><strong>geminato</strong></span> <span class='ocrx_word' id='word_1_164' title='bbox 753 2457 837 2528; x_wconf 85' lang='lat' dir='ltr'><strong>elii,</strong></span> <span class='ocrx_word' id='word_1_165' title='bbox 867 2462 882 2528; x_wconf 61' lang='grc' dir='ltr'><strong>ᾗ</strong></span> <span class='ocrx_word' id='word_1_166' title='bbox 910 2458 944 2514; x_wconf 90' lang='grc'><strong>18</strong></span> <span class='ocrx_word' id='word_1_167' title='bbox 967 2456 996 2513; x_wconf 92' lang='lat' dir='ltr'><strong>in</strong></span> <span class='ocrx_word' id='word_1_168' title='bbox 1018 2453 1165 2531; x_wconf 79' lang='lat' dir='ltr'><strong>geminato</strong></span> <span class='ocrx_word' id='word_1_169' title='bbox 1186 2455 1294 2530; x_wconf 87' lang='lat' dir='ltr'><strong>binc.)</strong></span> 
     </span>
     <span class='ocr_line' id='line_1_22' title="bbox 231 2558 1294 2636; baseline 0.003 -21"><span class='ocrx_word' id='word_1_170' title='bbox 231 2558 344 2616; x_wconf 85' lang='lat' dir='ltr'><strong>Deinde</strong></span> <span class='ocrx_word' id='word_1_171' title='bbox 368 2563 383 2629; x_wconf 69' lang='grc' dir='ltr'><strong>ξ</strong></span> <span class='ocrx_word' id='word_1_172' title='bbox 410 2565 461 2630; x_wconf 82' lang='lat' dir='ltr'><strong>ltl,</strong></span> <span class='ocrx_word' id='word_1_173' title='bbox 482 2559 533 2618; x_wconf 90' lang='lat' dir='ltr'><strong>ubi</strong></span> <span class='ocrx_word' id='word_1_174' title='bbox 553 2560 583 2617; x_wconf 94' lang='lat' dir='ltr'><strong>in</strong></span> <span class='ocrx_word' id='word_1_175' title='bbox 604 2561 704 2620; x_wconf 88' lang='lat' dir='ltr'><strong>codice</strong></span> <span class='ocrx_word' id='word_1_176' title='bbox 726 2573 784 2620; x_wconf 86' lang='lat' dir='ltr'><strong>est:</strong></span> <span class='ocrx_word' id='word_1_177' title='bbox 816 2561 1038 2622; x_wconf 73' lang='lat' dir='ltr'><strong>Macedoniae</strong></span> <span class='ocrx_word' id='word_1_178' title='bbox 1058 2560 1105 2618; x_wconf 91' lang='lat' dir='ltr'><strong>sit</strong></span> <span class='ocrx_word' id='word_1_179' title='bbox 1125 2578 1294 2636; x_wconf 75' lang='lat' dir='ltr'><strong>oesosque</strong></span> 
     </span>
     <span class='ocr_line' id='line_1_23' title="bbox 230 2663 1294 2745; baseline 0.005 -25"><span class='ocrx_word' id='word_1_180' title='bbox 230 2663 332 2722; x_wconf 86' lang='lat' dir='ltr'><strong>sicut</strong></span> <span class='ocrx_word' id='word_1_181' title='bbox 352 2665 542 2741; x_wconf 85' lang='lat' dir='ltr'><strong>prioribus</strong></span> <span class='ocrx_word' id='word_1_182' title='bbox 563 2667 717 2726; x_wconf 89' lang='lat' dir='ltr'><strong>ducibus</strong></span> <span class='ocrx_word' id='word_1_183' title='bbox 738 2689 802 2745; x_wconf 89' lang='lat' dir='ltr'><strong>per</strong></span> <span class='ocrx_word' id='word_1_184' title='bbox 822 2668 937 2728; x_wconf 80' lang='lat' dir='ltr'><strong>celles</strong></span> <span class='ocrx_word' id='word_1_185' title='bbox 958 2667 1154 2742; x_wconf 77' lang='lat' dir='ltr'><strong>saltusque</strong></span> <span class='ocrx_word' id='word_1_186' title='bbox 1175 2667 1294 2726; x_wconf 83' lang='lat' dir='ltr'><strong>Mece-</strong></span> 
     </span>
    </p>
   </div>
   <div class='ocr_carea' id='block_1_3' title="bbox 229 2770 1293 3062">
    <p class='ocr_par' dir='ltr' id='par_1_4' title="bbox 229 2770 1293 3062">
     <span class='ocr_line' id='line_1_24' title="bbox 231 2770 1293 2862; baseline 0.006 -36"><span class='ocrx_word' id='word_1_187' title='bbox 231 2770 442 2828; x_wconf 89' lang='lat' dir='ltr'><strong>donicorum</strong></span> <span class='ocrx_word' id='word_1_188' title='bbox 466 2772 638 2829; x_wconf 85' lang='lat' dir='ltr'><strong>montium</strong></span> <span class='ocrx_word' id='word_1_189' title='bbox 661 2775 832 2850; x_wconf 80' lang='lat' dir='ltr'><strong>sugendo</strong></span> <span class='ocrx_word' id='word_1_190' title='bbox 856 2774 1142 2862; x_wconf 68' lang='lat' dir='ltr'><strong>circumtegatur,</strong></span> <span class='ocrx_word' id='word_1_191' title='bbox 1164 2773 1293 2832; x_wconf 87' lang='lat' dir='ltr'><strong>scriben-</strong></span> 
     </span>
     <span class='ocr_line' id='line_1_25' title="bbox 231 2877 1293 2955; baseline 0.004 -23"><span class='ocrx_word' id='word_1_192' title='bbox 231 2877 298 2933; x_wconf 90' lang='lat' dir='ltr'><strong>dum</strong></span> <span class='ocrx_word' id='word_1_193' title='bbox 321 2894 384 2933; x_wconf 87' lang='lat' dir='ltr'><strong>esse</strong></span> <span class='ocrx_word' id='word_1_194' title='bbox 405 2887 598 2953; x_wconf 72' lang='lat' dir='ltr'><strong>aestasque,</strong></span> <span class='ocrx_word' id='word_1_195' title='bbox 620 2879 681 2937; x_wconf 81' lang='lat' dir='ltr'><strong>dixi</strong></span> <span class='ocrx_word' id='word_1_196' title='bbox 705 2880 762 2938; x_wconf 81' lang='lat' dir='ltr'><strong>iem</strong></span> <span class='ocrx_word' id='word_1_197' title='bbox 791 2883 884 2950; x_wconf 79' lang='lat'><strong>1852,</strong></span> <span class='ocrx_word' id='word_1_198' title='bbox 906 2892 1007 2955; x_wconf 87' lang='lat' dir='ltr'><strong>estque</strong></span> <span class='ocrx_word' id='word_1_199' title='bbox 1028 2897 1074 2936; x_wconf 89' lang='lat' dir='ltr'><strong>res</strong></span> <span class='ocrx_word' id='word_1_200' title='bbox 1095 2889 1155 2935; x_wconf 81' lang='lat' dir='ltr'><strong>tem</strong></span> <span class='ocrx_word' id='word_1_201' title='bbox 1180 2889 1293 2955; x_wconf 79' lang='lat' dir='ltr'><strong>aperte,</strong></span> 
     </span>
     <span class='ocr_line' id='line_1_26' title="bbox 229 2981 1292 3062; baseline 0.004 -24"><span class='ocrx_word' id='word_1_202' title='bbox 229 2991 262 3038; x_wconf 91' lang='lat' dir='ltr'><strong>ut</strong></span> <span class='ocrx_word' id='word_1_203' title='bbox 281 2981 412 3058; x_wconf 91' lang='lat' dir='ltr'><strong>pluribus</strong></span> <span class='ocrx_word' id='word_1_204' title='bbox 435 2984 609 3060; x_wconf 84' lang='lat' dir='ltr'><strong>explicanda</strong></span> <span class='ocrx_word' id='word_1_205' title='bbox 630 3004 688 3042; x_wconf 92' lang='lat' dir='ltr'><strong>non</strong></span> <span class='ocrx_word' id='word_1_206' title='bbox 710 2987 756 3044; x_wconf 88' lang='lat' dir='ltr'><strong>sit.</strong></span> <span class='ocrx_word' id='word_1_207' title='bbox 816 2987 946 3062; x_wconf 82' lang='lat' dir='ltr'><strong>Tempus</strong></span> <span class='ocrx_word' id='word_1_208' title='bbox 974 2985 1060 3042; x_wconf 90' lang='lat' dir='ltr'><strong>rebus</strong></span> <span class='ocrx_word' id='word_1_209' title='bbox 1082 2984 1217 3059; x_wconf 78' lang='lat' dir='ltr'><strong>gerendis</strong></span> <span class='ocrx_word' id='word_1_210' title='bbox 1239 3005 1292 3062; x_wconf 84' lang='lat' dir='ltr'><strong>sp-</strong></span> 
     </span>
    </p>
   </div>
   <div class='ocr_carea' id='block_1_4' title="bbox 229 3089 1291 3379">
    <p class='ocr_par' dir='ltr' id='par_1_5' title="bbox 229 3089 1291 3379">
     <span class='ocr_line' id='line_1_27' title="bbox 229 3089 1291 3165; baseline 0.004 -21"><span class='ocrx_word' id='word_1_211' title='bbox 229 3099 290 3146; x_wconf 90' lang='lat' dir='ltr'><strong>tum</strong></span> <span class='ocrx_word' id='word_1_212' title='bbox 314 3107 351 3145; x_wconf 91' lang='lat' dir='ltr'><strong>ne</strong></span> <span class='ocrx_word' id='word_1_213' title='bbox 375 3089 510 3165; x_wconf 82' lang='lat' dir='ltr'><strong>regendo</strong></span> <span class='ocrx_word' id='word_1_214' title='bbox 533 3103 735 3162; x_wconf 85' lang='lat' dir='ltr'><strong>consumetur,</strong></span> <span class='ocrx_word' id='word_1_215' title='bbox 764 3092 875 3150; x_wconf 83' lang='lat' dir='ltr'><strong>Nesics</strong></span> <span class='ocrx_word' id='word_1_216' title='bbox 904 3101 1027 3148; x_wconf 88' lang='lat' dir='ltr'><strong>veretur.</strong></span> <span class='ocrx_word' id='word_1_217' title='bbox 1081 3091 1140 3162; x_wconf 88' lang='lat' dir='ltr'><strong>(De</strong></span> <span class='ocrx_word' id='word_1_218' title='bbox 1162 3091 1291 3150; x_wconf 86' lang='lat' dir='ltr'><strong>exercitu</strong></span> 
     </span>
     <span class='ocr_line' id='line_1_28' title="bbox 230 3195 1291 3256; baseline 0.002 -4"><span class='ocrx_word' id='word_1_219' title='bbox 230 3195 382 3253; x_wconf 88' lang='lat' dir='ltr'><strong>dicendum</strong></span> <span class='ocrx_word' id='word_1_220' title='bbox 404 3205 478 3253; x_wconf 84' lang='lat' dir='ltr'><strong>eret:</strong></span> <span class='ocrx_word' id='word_1_221' title='bbox 506 3197 694 3256; x_wconf 83' lang='lat' dir='ltr'><strong>inutiliter</strong></span> <span class='ocrx_word' id='word_1_222' title='bbox 720 3208 877 3256; x_wconf 86' lang='lat' dir='ltr'><strong>vexetur</strong></span> <span class='ocrx_word' id='word_1_223' title='bbox 904 3206 955 3254; x_wconf 87' lang='lat' dir='ltr'><strong>eut</strong></span> <span class='ocrx_word' id='word_1_224' title='bbox 978 3197 1117 3256; x_wconf 88' lang='lat' dir='ltr'><strong>similiter.</strong></span> <span class='ocrx_word' id='word_1_225' title='bbox 1165 3198 1291 3255; x_wconf 88' lang='lat' dir='ltr'><strong>Perseus</strong></span> 
     </span>
     <span class='ocr_line' id='line_1_29' title="bbox 230 3297 1291 3379; baseline 0.002 -21"><span class='ocrx_word' id='word_1_226' title='bbox 230 3321 288 3358; x_wconf 91' lang='lat' dir='ltr'><strong>non</strong></span> <span class='ocrx_word' id='word_1_227' title='bbox 311 3301 564 3377; x_wconf 77' lang='lat' dir='ltr'><strong>circumageretur,</strong></span> <span class='ocrx_word' id='word_1_228' title='bbox 586 3302 637 3360; x_wconf 87' lang='lat' dir='ltr'><strong>sed</strong></span> <span class='ocrx_word' id='word_1_229' title='bbox 656 3304 805 3362; x_wconf 79' lang='lat' dir='ltr'><strong>Romanos</strong></span> <span class='ocrx_word' id='word_1_230' title='bbox 829 3297 1093 3379; x_wconf 48' lang='lat' dir='ltr'><strong>circumageretfi)</strong></span> <span class='ocrx_word' id='word_1_231' title='bbox 1135 3304 1291 3361; x_wconf 88' lang='lat' dir='ltr'><strong>Postremo</strong></span> 
     </span>
    </p>
   </div>
   <div class='ocr_carea' id='block_1_5' title="bbox 246 3501 1294 4114">
    <p class='ocr_par' dir='ltr' id='par_1_6' title="bbox 248 3501 1292 3842">
     <span class='ocr_line' id='line_1_30' title="bbox 248 3501 1292 3573; baseline 0.002 -17"><span class='ocrx_word' id='word_1_232' title='bbox 248 3501 270 3570; x_wconf 88' lang='lat'><strong>¹)</strong></span> <span class='ocrx_word' id='word_1_233' title='bbox 296 3507 377 3568; x_wconf 71' lang='lat' dir='ltr'><strong>§tin</strong></span> <span class='ocrx_word' id='word_1_234' title='bbox 397 3508 491 3558; x_wconf 86' lang='lat' dir='ltr'><strong>codicis</strong></span> <span class='ocrx_word' id='word_1_235' title='bbox 509 3510 634 3573; x_wconf 81' lang='lat' dir='ltr'><strong>scripture</strong></span> <span class='ocrx_word' id='word_1_236' title='bbox 647 3509 799 3565; x_wconf 75' lang='lat' dir='ltr'><strong>(meridie</strong></span> <span class='ocrx_word' id='word_1_237' title='bbox 817 3517 930 3558; x_wconf 67' lang='lat' dir='ltr'><strong>astute</strong></span> <span class='ocrx_word' id='word_1_238' title='bbox 948 3509 1052 3570; x_wconf 73' lang='lat' dir='ltr'><strong>magis</strong></span> <span class='ocrx_word' id='word_1_239' title='bbox 1070 3509 1292 3558; x_wconf 69' lang='lat' dir='ltr'><strong>adcesserunt</strong></span> 
     </span>
     <span class='ocr_line' id='line_1_31' title="bbox 300 3600 1292 3666; baseline 0.001 -18"><span class='ocrx_word' id='word_1_240' title='bbox 300 3609 362 3648; x_wconf 86' lang='lat' dir='ltr'><strong>tum</strong></span> <span class='ocrx_word' id='word_1_241' title='bbox 382 3615 453 3650; x_wconf 86' lang='lat' dir='ltr'><strong>mox</strong></span> <span class='ocrx_word' id='word_1_242' title='bbox 472 3601 663 3666; x_wconf 79' lang='lat' dir='ltr'><strong>adperebet)</strong></span> <span class='ocrx_word' id='word_1_243' title='bbox 682 3603 763 3651; x_wconf 75' lang='lat' dir='ltr'><strong>lutere</strong></span> <span class='ocrx_word' id='word_1_244' title='bbox 780 3603 892 3652; x_wconf 84' lang='lat' dir='ltr'><strong>videtur:</strong></span> <span class='ocrx_word' id='word_1_245' title='bbox 911 3601 1171 3650; x_wconf 83' lang='lat' dir='ltr'><strong>meridiescstum</strong></span> <span class='ocrx_word' id='word_1_246' title='bbox 1186 3600 1292 3664; x_wconf 73' lang='lat' dir='ltr'><strong>magis</strong></span> 
     </span>
     <span class='ocr_line' id='line_1_32' title="bbox 298 3691 1292 3759; baseline 0.004 -21"><span class='ocrx_word' id='word_1_247' title='bbox 298 3705 505 3742; x_wconf 80' lang='lat' dir='ltr'><strong>secessurum</strong></span> <span class='ocrx_word' id='word_1_248' title='bbox 535 3732 560 3746; x_wconf 88' lang='lat'><strong>..</strong></span> <span class='ocrx_word' id='word_1_249' title='bbox 584 3694 780 3759; x_wconf 73' lang='lat' dir='ltr'><strong>adperebet3</strong></span> <span class='ocrx_word' id='word_1_250' title='bbox 807 3703 924 3744; x_wconf 86' lang='lat' dir='ltr'><strong>extum</strong></span> <span class='ocrx_word' id='word_1_251' title='bbox 953 3709 1026 3744; x_wconf 87' lang='lat' dir='ltr'><strong>mox</strong></span> <span class='ocrx_word' id='word_1_252' title='bbox 1053 3691 1114 3756; x_wconf 89' lang='lat' dir='ltr'><strong>quid</strong></span> <span class='ocrx_word' id='word_1_253' title='bbox 1145 3691 1292 3742; x_wconf 70' lang='lat' dir='ltr'><strong>iaciendum</strong></span> 
     </span>
     <span class='ocr_line' id='line_1_33' title="bbox 300 3783 455 3842; baseline 0.019 -11"><span class='ocrx_word' id='word_1_254' title='bbox 300 3783 341 3842; x_wconf 86' lang='lat' dir='ltr'><strong>sit,</strong></span> <span class='ocrx_word' id='word_1_255' title='bbox 360 3785 455 3834; x_wconf 84' lang='lat' dir='ltr'><strong>nescio.</strong></span> 
     </span>
    </p>

    <p class='ocr_par' dir='ltr' id='par_1_7' title="bbox 246 3869 1294 4114">
     <span class='ocr_line' id='line_1_34' title="bbox 246 3869 1294 3942; baseline 0.009 -21"><span class='ocrx_word' id='word_1_256' title='bbox 246 3869 272 3936; x_wconf 74' lang='lat'><strong>²)</strong></span> <span class='ocrx_word' id='word_1_257' title='bbox 297 3873 328 3922; x_wconf 92' lang='lat' dir='ltr'><strong>ln</strong></span> <span class='ocrx_word' id='word_1_258' title='bbox 347 3876 443 3925; x_wconf 83' lang='lat' dir='ltr'><strong>verbis:</strong></span> <span class='ocrx_word' id='word_1_259' title='bbox 463 3892 509 3936; x_wconf 88' lang='lat' dir='ltr'><strong>ne,</strong></span> <span class='ocrx_word' id='word_1_260' title='bbox 530 3887 628 3927; x_wconf 89' lang='lat' dir='ltr'><strong>nocte</strong></span> <span class='ocrx_word' id='word_1_261' title='bbox 646 3881 753 3941; x_wconf 75' lang='lat' dir='ltr'><strong>ebert,</strong></span> <span class='ocrx_word' id='word_1_262' title='bbox 772 3877 962 3942; x_wconf 85' lang='lat' dir='ltr'><strong>sequendus</strong></span> <span class='ocrx_word' id='word_1_263' title='bbox 980 3879 1025 3928; x_wconf 82' lang='lat' dir='ltr'><strong>sit</strong></span> <span class='ocrx_word' id='word_1_264' title='bbox 1042 3877 1189 3940; x_wconf 83' lang='lat' dir='ltr'><strong>pervellem,</strong></span> <span class='ocrx_word' id='word_1_265' title='bbox 1208 3879 1294 3930; x_wconf 85' lang='lat' dir='ltr'><strong>Weis-</strong></span> 
     </span>
     <span class='ocr_line' id='line_1_35' title="bbox 299 3967 1293 4036; baseline 0.006 -22"><span class='ocrx_word' id='word_1_266' title='bbox 299 3967 466 4026; x_wconf 82' lang='lat' dir='ltr'><strong>senbornius,</strong></span> <span class='ocrx_word' id='word_1_267' title='bbox 498 3983 576 4033; x_wconf 85' lang='lat' dir='ltr'><strong>quum</strong></span> <span class='ocrx_word' id='word_1_268' title='bbox 595 3971 621 4020; x_wconf 88' lang='lat' dir='ltr'><strong>si</strong></span> <span class='ocrx_word' id='word_1_269' title='bbox 641 3973 724 4020; x_wconf 76' lang='lat' dir='ltr'><strong>audiri</strong></span> <span class='ocrx_word' id='word_1_270' title='bbox 743 3987 817 4036; x_wconf 85' lang='lat' dir='ltr'><strong>pesse</strong></span> <span class='ocrx_word' id='word_1_271' title='bbox 836 3972 988 4036; x_wconf 73' lang='lat' dir='ltr'><strong>disputaret,</strong></span> <span class='ocrx_word' id='word_1_272' title='bbox 1014 3983 1072 4019; x_wconf 85' lang='lat' dir='ltr'><strong>meo</strong></span> <span class='ocrx_word' id='word_1_273' title='bbox 1091 3969 1193 4018; x_wconf 84' lang='lat' dir='ltr'><strong>nomine</strong></span> <span class='ocrx_word' id='word_1_274' title='bbox 1212 3971 1293 4022; x_wconf 77' lang='lat' dir='ltr'><strong>sbsti-</strong></span> 
     </span>
     <span class='ocr_line' id='line_1_36' title="bbox 299 4057 997 4114; baseline 0.01 -10"><span class='ocrx_word' id='word_1_275' title='bbox 299 4057 405 4106; x_wconf 84' lang='lat' dir='ltr'><strong>nuisset.</strong></span> <span class='ocrx_word' id='word_1_276' title='bbox 436 4059 509 4108; x_wconf 87' lang='lat' dir='ltr'><strong>-Mihi</strong></span> <span class='ocrx_word' id='word_1_277' title='bbox 528 4061 595 4110; x_wconf 88' lang='lat' dir='ltr'><strong>enim</strong></span> <span class='ocrx_word' id='word_1_278' title='bbox 613 4061 679 4112; x_wconf 86' lang='lat' dir='ltr'><strong>nihil</strong></span> <span class='ocrx_word' id='word_1_279' title='bbox 698 4063 873 4114; x_wconf 78' lang='lat' dir='ltr'><strong>incredibilius</strong></span> <span class='ocrx_word' id='word_1_280' title='bbox 891 4063 997 4113; x_wconf 80' lang='lat' dir='ltr'><strong>videtur.</strong></span> 
     </span>
    </p>
   </div>
   <div class='ocr_carea' id='block_1_6' title="bbox 0 0 1414 4646">
    <p class='ocr_par' dir='ltr' id='par_1_8' title="bbox 0 0 1414 4646">
     <span class='ocr_line' id='line_1_37' title="bbox 0 0 1414 4646; baseline 0 0"><span class='ocrx_word' id='word_1_281' title='bbox 0 0 1414 4646; x_wconf 95' lang='lat' dir='ltr'><strong> </strong></span> 
     </span>
    </p>
   </div>
  </div>
 </body>
</html>
