<?xml version="1.0" encoding="UTF-8"?>
<!DOCTYPE html PUBLIC "-//W3C//DTD XHTML 1.0 Transitional//EN"
    "http://www.w3.org/TR/xhtml1/DTD/xhtml1-transitional.dtd">
<html xmlns="http://www.w3.org/1999/xhtml" xml:lang="en" lang="en">
 <head>
  <title>
</title>
<meta http-equiv="Content-Type" content="text/html;charset=utf-8" />
  <meta name='ocr-system' content='tesseract 3.04.00' />
  <meta name='ocr-capabilities' content='ocr_page ocr_carea ocr_par ocr_line ocrx_word'/>
</head>
<body>
  <div class='ocr_page' id='page_1' title='image "./emendationesliv02madvgoog_0535.png"; bbox 0 0 2826 4640; ppageno 0'>
   <div class='ocr_carea' id='block_1_1' title="bbox 238 243 804 300">
    <p class='ocr_par' dir='ltr' id='par_1_1' title="bbox 238 243 804 300">
     <span class='ocr_line' id='line_1_1' title="bbox 238 243 804 300; baseline 0.007 -4"><span class='ocrx_word' id='word_1_1' title='bbox 238 243 385 296; x_wconf 76' lang='lat' dir='ltr'>LMUI.</span> <span class='ocrx_word' id='word_1_2' title='bbox 744 243 804 300; x_wconf 80' lang='lat'><strong>526</strong></span> 
     </span>
    </p>
   </div>
   <div class='ocr_carea' id='block_1_2' title="bbox 240 423 1317 4088">
    <p class='ocr_par' dir='ltr' id='par_1_2' title="bbox 240 423 1315 1670">
     <span class='ocr_line' id='line_1_2' title="bbox 240 423 1312 502; baseline -0.008 -14"><span class='ocrx_word' id='word_1_3' title='bbox 240 431 349 502; x_wconf 79' lang='lat' dir='ltr'><strong>esse),</strong></span> <span class='ocrx_word' id='word_1_4' title='bbox 378 425 575 486; x_wconf 80' lang='lat' dir='ltr'><strong>Latineuiisd</strong></span> <span class='ocrx_word' id='word_1_5' title='bbox 604 424 684 485; x_wconf 80' lang='lat' dir='ltr'><strong>eliud</strong></span> <span class='ocrx_word' id='word_1_6' title='bbox 714 423 1312 501; x_wconf 68' lang='lat' dir='ltr'><strong>dgntfioenpotosnisimm</strong></span> 
     </span>
     <span class='ocr_line' id='line_1_3' title="bbox 240 528 1313 613; baseline -0.009 -20"><span class='ocrx_word' id='word_1_7' title='bbox 240 534 374 613; x_wconf 86' lang='lat' dir='ltr'><strong>populari</strong></span> <span class='ocrx_word' id='word_1_8' title='bbox 395 531 524 590; x_wconf 86' lang='lat' dir='ltr'><strong>deditum</strong></span> <span class='ocrx_word' id='word_1_9' title='bbox 555 549 619 588; x_wconf 86' lang='lat' dir='ltr'><strong>esse</strong></span> <span class='ocrx_word' id='word_1_10' title='bbox 651 532 736 608; x_wconf 83' lang='lat' dir='ltr'><strong>eique</strong></span> <span class='ocrx_word' id='word_1_11' title='bbox 758 530 883 588; x_wconf 77' lang='lat' dir='ltr'><strong>servire:</strong></span> <span class='ocrx_word' id='word_1_12' title='bbox 916 530 985 587; x_wconf 85' lang='lat' dir='ltr'><strong>dem</strong></span> <span class='ocrx_word' id='word_1_13' title='bbox 1006 528 1209 604; x_wconf 62' lang='lat' dir='ltr'><strong>voum</strong></span> <span class='ocrx_word' id='word_1_14' title='bbox 1232 545 1313 602; x_wconf 74' lang='lat' dir='ltr'><strong>geru</strong></span> 
     </span>
     <span class='ocr_line' id='line_1_4' title="bbox 240 633 1313 718; baseline -0.008 -18"><span class='ocrx_word' id='word_1_15' title='bbox 240 642 382 718; x_wconf 71' lang='lat' dir='ltr'><strong>generem</strong></span> <span class='ocrx_word' id='word_1_16' title='bbox 413 656 591 713; x_wconf 82' lang='lat' dir='ltr'><strong>quamquam</strong></span> <span class='ocrx_word' id='word_1_17' title='bbox 618 657 709 694; x_wconf 86' lang='lat' dir='ltr'><strong>sura</strong></span> <span class='ocrx_word' id='word_1_18' title='bbox 737 655 796 694; x_wconf 88' lang='lat' dir='ltr'><strong>non</strong></span> <span class='ocrx_word' id='word_1_19' title='bbox 818 633 906 692; x_wconf 80' lang='lat' dir='ltr'><strong>iseiie</strong></span> <span class='ocrx_word' id='word_1_20' title='bbox 935 633 978 690; x_wconf 78' lang='lat' dir='ltr'><strong>its</strong></span> <span class='ocrx_word' id='word_1_21' title='bbox 1006 633 1106 690; x_wconf 83' lang='lat' dir='ltr'><strong>anime</strong></span> <span class='ocrx_word' id='word_1_22' title='bbox 1135 635 1313 711; x_wconf 74' lang='lat' dir='ltr'><strong>eendpitur,</strong></span> 
     </span>
     <span class='ocr_line' id='line_1_5' title="bbox 242 737 1315 822; baseline -0.009 -17"><span class='ocrx_word' id='word_1_23' title='bbox 242 757 274 806; x_wconf 87' lang='lat' dir='ltr'><strong>ut</strong></span> <span class='ocrx_word' id='word_1_24' title='bbox 294 745 399 822; x_wconf 85' lang='lat' dir='ltr'><strong>aliquis</strong></span> <span class='ocrx_word' id='word_1_25' title='bbox 420 743 482 801; x_wconf 82' lang='lat' dir='ltr'><strong>eius</strong></span> <span class='ocrx_word' id='word_1_26' title='bbox 503 761 568 801; x_wconf 86' lang='lat' dir='ltr'><strong>esse</strong></span> <span class='ocrx_word' id='word_1_27' title='bbox 590 743 717 810; x_wconf 86' lang='lat' dir='ltr'><strong>diestur;</strong></span> <span class='ocrx_word' id='word_1_28' title='bbox 747 740 901 798; x_wconf 84' lang='lat' dir='ltr'><strong>muitum</strong></span> <span class='ocrx_word' id='word_1_29' title='bbox 933 737 1040 814; x_wconf 86' lang='lat' dir='ltr'><strong>(pius)</strong></span> <span class='ocrx_word' id='word_1_30' title='bbox 1068 757 1168 797; x_wconf 78' lang='lat' dir='ltr'><strong>aurae</strong></span> <span class='ocrx_word' id='word_1_31' title='bbox 1196 759 1315 816; x_wconf 80' lang='lat' dir='ltr'><strong>popu-</strong></span> 
     </span>
     <span class='ocr_line' id='line_1_6' title="bbox 242 845 1314 924; baseline -0.007 -12"><span class='ocrx_word' id='word_1_32' title='bbox 242 853 334 912; x_wconf 84' lang='lat' dir='ltr'><strong>laris</strong></span> <span class='ocrx_word' id='word_1_33' title='bbox 356 851 492 910; x_wconf 88' lang='lat' dir='ltr'><strong>habere</strong></span> <span class='ocrx_word' id='word_1_34' title='bbox 512 849 600 924; x_wconf 77' lang='lat' dir='ltr'><strong>louge</strong></span> <span class='ocrx_word' id='word_1_35' title='bbox 621 847 701 905; x_wconf 87' lang='lat' dir='ltr'><strong>aliud</strong></span> <span class='ocrx_word' id='word_1_36' title='bbox 722 855 776 904; x_wconf 83' lang='lat' dir='ltr'><strong>est.</strong></span> <span class='ocrx_word' id='word_1_37' title='bbox 817 845 912 918; x_wconf 79' lang='lat' dir='ltr'><strong>Atqui</strong></span> <span class='ocrx_word' id='word_1_38' title='bbox 932 863 970 900; x_wconf 83' lang='lat' dir='ltr'><strong>ex</strong></span> <span class='ocrx_word' id='word_1_39' title='bbox 993 863 1045 912; x_wconf 86' lang='lat' dir='ltr'><strong>ee,</strong></span> <span class='ocrx_word' id='word_1_40' title='bbox 1076 847 1156 920; x_wconf 84' lang='lat' dir='ltr'><strong>quod</strong></span> <span class='ocrx_word' id='word_1_41' title='bbox 1181 849 1314 905; x_wconf 74' lang='lat' dir='ltr'><strong>Perseus</strong></span> 
     </span>
     <span class='ocr_line' id='line_1_7' title="bbox 243 947 1313 1036; baseline -0.009 -18"><span class='ocrx_word' id='word_1_42' title='bbox 243 961 306 1036; x_wconf 90' lang='lat' dir='ltr'><strong>ipse</strong></span> <span class='ocrx_word' id='word_1_43' title='bbox 332 975 435 1016; x_wconf 86' lang='lat' dir='ltr'><strong>auram</strong></span> <span class='ocrx_word' id='word_1_44' title='bbox 457 954 627 1030; x_wconf 70' lang='lat' dir='ltr'>popularem</span> <span class='ocrx_word' id='word_1_45' title='bbox 649 952 807 1028; x_wconf 80' lang='lat' dir='ltr'><strong>esptsbst,</strong></span> <span class='ocrx_word' id='word_1_46' title='bbox 829 968 889 1007; x_wconf 88' lang='lat' dir='ltr'><strong>neu</strong></span> <span class='ocrx_word' id='word_1_47' title='bbox 914 947 1106 1019; x_wconf 71' lang='lat' dir='ltr'><strong>estimabatur,</strong></span> <span class='ocrx_word' id='word_1_48' title='bbox 1129 961 1163 1007; x_wconf 81' lang='lat' dir='ltr'><strong>ut</strong></span> <span class='ocrx_word' id='word_1_49' title='bbox 1183 951 1313 1008; x_wconf 70' lang='lat' dir='ltr'><strong>etiem</strong></span> 
     </span>
     <span class='ocr_line' id='line_1_8' title="bbox 243 1054 1314 1136; baseline -0.011 -13"><span class='ocrx_word' id='word_1_50' title='bbox 243 1073 366 1122; x_wconf 83' lang='lat' dir='ltr'><strong>ventose</strong></span> <span class='ocrx_word' id='word_1_51' title='bbox 386 1060 504 1136; x_wconf 74' lang='lat' dir='ltr'><strong>ingenia</strong></span> <span class='ocrx_word' id='word_1_52' title='bbox 525 1059 563 1116; x_wconf 85' lang='lat' dir='ltr'><strong>sd</strong></span> <span class='ocrx_word' id='word_1_53' title='bbox 586 1059 648 1115; x_wconf 88' lang='lat' dir='ltr'><strong>eius</strong></span> <span class='ocrx_word' id='word_1_54' title='bbox 665 1067 765 1134; x_wconf 78' lang='lat' dir='ltr'><strong>partes</strong></span> <span class='ocrx_word' id='word_1_55' title='bbox 786 1057 978 1116; x_wconf 81' lang='lat' dir='ltr'><strong>traherentur.</strong></span> <span class='ocrx_word' id='word_1_56' title='bbox 1032 1054 1111 1112; x_wconf 83' lang='lat' dir='ltr'><strong>Tum</strong></span> <span class='ocrx_word' id='word_1_57' title='bbox 1134 1057 1265 1117; x_wconf 81' lang='lat' dir='ltr'><strong>demum.</strong></span> <span class='ocrx_word' id='word_1_58' title='bbox 1287 1058 1314 1114; x_wconf 80' lang='lat' dir='ltr'><strong>si</strong></span> 
     </span>
     <span class='ocr_line' id='line_1_9' title="bbox 244 1161 1314 1245; baseline -0.011 -17"><span class='ocrx_word' id='word_1_59' title='bbox 244 1189 316 1228; x_wconf 85' lang='lat' dir='ltr'><strong>aura</strong></span> <span class='ocrx_word' id='word_1_60' title='bbox 336 1165 487 1245; x_wconf 78' lang='lat' dir='ltr'><strong>popularis</strong></span> <span class='ocrx_word' id='word_1_61' title='bbox 518 1165 628 1222; x_wconf 88' lang='lat' dir='ltr'><strong>Perseo</strong></span> <span class='ocrx_word' id='word_1_62' title='bbox 656 1163 786 1232; x_wconf 72' lang='lat' dir='ltr'><strong>invehet,</strong></span> <span class='ocrx_word' id='word_1_63' title='bbox 810 1181 875 1220; x_wconf 84' lang='lat' dir='ltr'><strong>eam</strong></span> <span class='ocrx_word' id='word_1_64' title='bbox 907 1171 1031 1218; x_wconf 84' lang='lat' dir='ltr'><strong>ventosa</strong></span> <span class='ocrx_word' id='word_1_65' title='bbox 1058 1161 1178 1236; x_wconf 78' lang='lat' dir='ltr'><strong>ingenis</strong></span> <span class='ocrx_word' id='word_1_66' title='bbox 1205 1181 1314 1238; x_wconf 80' lang='lat' dir='ltr'><strong>seque-</strong></span> 
     </span>
     <span class='ocr_line' id='line_1_10' title="bbox 243 1267 1314 1346; baseline -0.01 -9"><span class='ocrx_word' id='word_1_67' title='bbox 243 1279 350 1336; x_wconf 83' lang='lat' dir='ltr'><strong>bantur</strong></span> <span class='ocrx_word' id='word_1_68' title='bbox 371 1275 532 1346; x_wconf 85' lang='lat' dir='ltr'><strong>eodemque</strong></span> <span class='ocrx_word' id='word_1_69' title='bbox 558 1287 590 1328; x_wconf 88' lang='lat' dir='ltr'><strong>ee</strong></span> <span class='ocrx_word' id='word_1_70' title='bbox 620 1267 809 1326; x_wconf 84' lang='lat' dir='ltr'><strong>inclinabant.</strong></span> <span class='ocrx_word' id='word_1_71' title='bbox 861 1268 897 1325; x_wconf 87' lang='lat' dir='ltr'><strong>In</strong></span> <span class='ocrx_word' id='word_1_72' title='bbox 927 1267 1028 1325; x_wconf 82' lang='lat' dir='ltr'><strong>codiee</strong></span> <span class='ocrx_word' id='word_1_73' title='bbox 1057 1285 1115 1324; x_wconf 87' lang='lat' dir='ltr'><strong>neu</strong></span> <span class='ocrx_word' id='word_1_74' title='bbox 1148 1269 1314 1326; x_wconf 86' lang='lat' dir='ltr'><strong>Perseus</strong></span> 
     </span>
     <span class='ocr_line' id='line_1_11' title="bbox 245 1372 1315 1454; baseline -0.011 -13"><span class='ocrx_word' id='word_1_75' title='bbox 245 1393 298 1454; x_wconf 78' lang='lat' dir='ltr'><strong>est,</strong></span> <span class='ocrx_word' id='word_1_76' title='bbox 319 1382 371 1441; x_wconf 88' lang='lat' dir='ltr'><strong>sed</strong></span> <span class='ocrx_word' id='word_1_77' title='bbox 394 1381 540 1439; x_wconf 86' lang='lat' dir='ltr'><strong>Persea.</strong></span> <span class='ocrx_word' id='word_1_78' title='bbox 590 1376 694 1451; x_wconf 85' lang='lat' dir='ltr'><strong>Itaque</strong></span> <span class='ocrx_word' id='word_1_79' title='bbox 719 1373 903 1431; x_wconf 87' lang='lat' dir='ltr'><strong>seribendum</strong></span> <span class='ocrx_word' id='word_1_80' title='bbox 919 1381 976 1430; x_wconf 85' lang='lat' dir='ltr'><strong>est:</strong></span> <span class='ocrx_word' id='word_1_81' title='bbox 997 1373 1085 1448; x_wconf 86' lang='lat' dir='ltr'><strong>quis</strong></span> <span class='ocrx_word' id='word_1_82' title='bbox 1106 1372 1149 1435; x_wconf 79' lang='lat' dir='ltr'><strong>sd</strong></span> <span class='ocrx_word' id='word_1_83' title='bbox 1171 1373 1315 1430; x_wconf 82' lang='lat' dir='ltr'><strong>Perses</strong></span> 
     </span>
     <span class='ocr_line' id='line_1_12' title="bbox 245 1479 1315 1564; baseline -0.012 -16"><span class='ocrx_word' id='word_1_84' title='bbox 245 1488 361 1564; x_wconf 77' lang='lat' dir='ltr'><strong>magis</strong></span> <span class='ocrx_word' id='word_1_85' title='bbox 383 1502 471 1549; x_wconf 83' lang='lat' dir='ltr'><strong>sm</strong></span> <span class='ocrx_word' id='word_1_86' title='bbox 500 1479 697 1557; x_wconf 81' lang='lat' dir='ltr'><strong>populeris</strong></span> <span class='ocrx_word' id='word_1_87' title='bbox 725 1481 823 1542; x_wconf 80' lang='lat' dir='ltr'><strong>ient</strong></span> <span class='ocrx_word' id='word_1_88' title='bbox 854 1479 899 1550; x_wconf 85' lang='lat' dir='ltr'><strong>(se</strong></span> <span class='ocrx_word' id='word_1_89' title='bbox 920 1485 1126 1545; x_wconf 81' lang='lat' dir='ltr'><strong>eonverterst).</strong></span> <span class='ocrx_word' id='word_1_90' title='bbox 1178 1481 1240 1536; x_wconf 80' lang='lat' dir='ltr'><strong>Ad</strong></span> <span class='ocrx_word' id='word_1_91' title='bbox 1261 1499 1315 1536; x_wconf 82' lang='lat' dir='ltr'><strong>ex·</strong></span> 
     </span>
     <span class='ocr_line' id='line_1_13' title="bbox 245 1595 449 1670; baseline -0.02 -18"><span class='ocrx_word' id='word_1_92' title='bbox 245 1595 315 1653; x_wconf 87' lang='lat' dir='ltr'><strong>eidit</strong></span> <span class='ocrx_word' id='word_1_93' title='bbox 333 1601 400 1670; x_wconf 88' lang='lat' dir='ltr'><strong>pest</strong></span> <span class='ocrx_word' id='word_1_94' title='bbox 421 1609 449 1652; x_wconf 91' lang='lat' dir='ltr'><strong>s.</strong></span> 
     </span>
    </p>

    <p class='ocr_par' dir='ltr' id='par_1_3' title="bbox 246 1687 1317 4088">
     <span class='ocr_line' id='line_1_14' title="bbox 331 1687 1314 1774; baseline -0.007 -19"><span class='ocrx_word' id='word_1_95' title='bbox 331 1695 403 1774; x_wconf 86' lang='lat' dir='ltr'><strong>Cap.</strong></span> <span class='ocrx_word' id='word_1_96' title='bbox 426 1697 476 1765; x_wconf 81' lang='lat'><strong>32,</strong></span> <span class='ocrx_word' id='word_1_97' title='bbox 501 1695 518 1750; x_wconf 85' lang='lat'>2</span> <span class='ocrx_word' id='word_1_98' title='bbox 543 1701 573 1748; x_wconf 87' lang='lat' dir='ltr'><strong>et</strong></span> <span class='ocrx_word' id='word_1_99' title='bbox 595 1695 612 1748; x_wconf 86' lang='grc'>3</span> <span class='ocrx_word' id='word_1_100' title='bbox 635 1690 697 1762; x_wconf 89' lang='lat' dir='ltr'><strong>(ubi</strong></span> <span class='ocrx_word' id='word_1_101' title='bbox 719 1689 752 1748; x_wconf 89' lang='lat' dir='ltr'><strong>C.</strong></span> <span class='ocrx_word' id='word_1_102' title='bbox 770 1687 890 1746; x_wconf 87' lang='lat' dir='ltr'><strong>Cassius</strong></span> <span class='ocrx_word' id='word_1_103' title='bbox 914 1687 1015 1746; x_wconf 86' lang='lat' dir='ltr'><strong>eonsul</strong></span> <span class='ocrx_word' id='word_1_104' title='bbox 1036 1688 1181 1764; x_wconf 74' lang='lat' dir='ltr'><strong>eeiiegam</strong></span> <span class='ocrx_word' id='word_1_105' title='bbox 1204 1691 1241 1750; x_wconf 93' lang='lat' dir='ltr'><strong>P.</strong></span> <span class='ocrx_word' id='word_1_106' title='bbox 1264 1691 1314 1748; x_wconf 88' lang='lat' dir='ltr'><strong>Li-</strong></span> 
     </span>
     <span class='ocr_line' id='line_1_15' title="bbox 246 1791 1314 1876; baseline -0.008 -14"><span class='ocrx_word' id='word_1_107' title='bbox 246 1803 351 1862; x_wconf 87' lang='lat' dir='ltr'><strong>eiuinrn</strong></span> <span class='ocrx_word' id='word_1_108' title='bbox 381 1808 470 1876; x_wconf 76' lang='lat' dir='ltr'><strong>neget</strong></span> <span class='ocrx_word' id='word_1_109' title='bbox 498 1799 527 1856; x_wconf 93' lang='lat' dir='ltr'><strong>in</strong></span> <span class='ocrx_word' id='word_1_110' title='bbox 562 1796 742 1874; x_wconf 82' lang='lat' dir='ltr'><strong>provinciam</strong></span> <span class='ocrx_word' id='word_1_111' title='bbox 775 1794 818 1852; x_wconf 87' lang='lat' dir='ltr'><strong>ire</strong></span> <span class='ocrx_word' id='word_1_112' title='bbox 848 1791 965 1870; x_wconf 87' lang='lat' dir='ltr'><strong>posse):</strong></span> <span class='ocrx_word' id='word_1_113' title='bbox 1000 1795 1203 1852; x_wconf 76' lang='lat' dir='ltr'><strong>Praetorem</strong></span> <span class='ocrx_word' id='word_1_114' title='bbox 1234 1815 1314 1853; x_wconf 87' lang='lat' dir='ltr'><strong>eum</strong></span> 
     </span>
     <span class='ocr_line' id='line_1_16' title="bbox 247 1899 1314 1983; baseline -0.007 -19"><span class='ocrx_word' id='word_1_115' title='bbox 247 1911 301 1980; x_wconf 89' lang='lat' dir='ltr'><strong>(P.</strong></span> <span class='ocrx_word' id='word_1_116' title='bbox 313 1901 405 1983; x_wconf 73' lang='lat' dir='ltr'><strong>uie),</strong></span> <span class='ocrx_word' id='word_1_117' title='bbox 426 1923 467 1962; x_wconf 90' lang='lat' dir='ltr'><strong>ue</strong></span> <span class='ocrx_word' id='word_1_118' title='bbox 488 1904 524 1960; x_wconf 88' lang='lat' dir='ltr'><strong>in</strong></span> <span class='ocrx_word' id='word_1_119' title='bbox 546 1900 776 1980; x_wconf 83' lang='lat' dir='ltr'><strong>provineism</strong></span> <span class='ocrx_word' id='word_1_120' title='bbox 797 1899 884 1970; x_wconf 80' lang='lat' dir='ltr'><strong>iret,</strong></span> <span class='ocrx_word' id='word_1_121' title='bbox 904 1900 940 1956; x_wconf 90' lang='lat' dir='ltr'><strong>in</strong></span> <span class='ocrx_word' id='word_1_122' title='bbox 962 1900 1137 1957; x_wconf 79' lang='lat' dir='ltr'><strong>contione</strong></span> <span class='ocrx_word' id='word_1_123' title='bbox 1155 1901 1314 1963; x_wconf 82' lang='lat' dir='ltr'><strong>iurasse,</strong></span> 
     </span>
     <span class='ocr_line' id='line_1_17' title="bbox 247 2005 1315 2082; baseline -0.007 -10"><span class='ocrx_word' id='word_1_124' title='bbox 247 2033 284 2072; x_wconf 82' lang='lat' dir='ltr'><strong>se</strong></span> <span class='ocrx_word' id='word_1_125' title='bbox 303 2019 401 2069; x_wconf 88' lang='lat' dir='ltr'><strong>stato</strong></span> <span class='ocrx_word' id='word_1_126' title='bbox 420 2009 503 2066; x_wconf 89' lang='lat' dir='ltr'><strong>loeo</strong></span> <span class='ocrx_word' id='word_1_127' title='bbox 524 2007 710 2080; x_wconf 74' lang='lat' dir='ltr'><strong>statisque</strong></span> <span class='ocrx_word' id='word_1_128' title='bbox 725 2005 855 2063; x_wconf 85' lang='lat' dir='ltr'><strong>diebus</strong></span> <span class='ocrx_word' id='word_1_129' title='bbox 870 2005 1066 2063; x_wconf 78' lang='lat' dir='ltr'><strong>saer-isicia</strong></span> <span class='ocrx_word' id='word_1_130' title='bbox 1080 2005 1315 2082; x_wconf 64' lang='lat' dir='ltr'><strong>habereque</strong></span> 
     </span>
     <span class='ocr_line' id='line_1_18' title="bbox 248 2111 1315 2189; baseline -0.007 -11"><span class='ocrx_word' id='word_1_131' title='bbox 248 2121 398 2178; x_wconf 85' lang='lat' dir='ltr'><strong>absente</strong></span> <span class='ocrx_word' id='word_1_132' title='bbox 419 2133 456 2172; x_wconf 87' lang='lat' dir='ltr'><strong>ee</strong></span> <span class='ocrx_word' id='word_1_133' title='bbox 476 2121 575 2171; x_wconf 88' lang='lat' dir='ltr'><strong>reete</strong></span> <span class='ocrx_word' id='word_1_134' title='bbox 598 2111 691 2170; x_wconf 81' lang='lat' dir='ltr'><strong>fiere</strong></span> <span class='ocrx_word' id='word_1_135' title='bbox 712 2130 784 2168; x_wconf 88' lang='lat' dir='ltr'><strong>non</strong></span> <span class='ocrx_word' id='word_1_136' title='bbox 804 2121 974 2186; x_wconf 88' lang='lat' dir='ltr'><strong>possent;</strong></span> <span class='ocrx_word' id='word_1_137' title='bbox 1003 2129 1079 2186; x_wconf 82' lang='lat' dir='ltr'><strong>quse</strong></span> <span class='ocrx_word' id='word_1_138' title='bbox 1099 2131 1171 2169; x_wconf 85' lang='lat' dir='ltr'><strong>nen</strong></span> <span class='ocrx_word' id='word_1_139' title='bbox 1193 2114 1315 2189; x_wconf 81' lang='lat' dir='ltr'><strong>magis</strong></span> 
     </span>
     <span class='ocr_line' id='line_1_19' title="bbox 248 2215 1315 2300; baseline -0.007 -16"><span class='ocrx_word' id='word_1_140' title='bbox 248 2223 398 2300; x_wconf 82' lang='lat' dir='ltr'><strong>consule</strong></span> <span class='ocrx_word' id='word_1_141' title='bbox 421 2238 525 2296; x_wconf 87' lang='lat' dir='ltr'><strong>quam</strong></span> <span class='ocrx_word' id='word_1_142' title='bbox 546 2228 704 2295; x_wconf 78' lang='lat' dir='ltr'><strong>praetore</strong></span> <span class='ocrx_word' id='word_1_143' title='bbox 732 2218 885 2274; x_wconf 87' lang='lat' dir='ltr'><strong>absente</strong></span> <span class='ocrx_word' id='word_1_144' title='bbox 908 2225 1006 2274; x_wconf 89' lang='lat' dir='ltr'><strong>reete</strong></span> <span class='ocrx_word' id='word_1_145' title='bbox 1036 2215 1121 2274; x_wconf 82' lang='lat' dir='ltr'><strong>iieri</strong></span> <span class='ocrx_word' id='word_1_146' title='bbox 1143 2231 1315 2294; x_wconf 83' lang='lat' dir='ltr'><strong>possent.</strong></span> 
     </span>
     <span class='ocr_line' id='line_1_20' title="bbox 249 2321 1314 2400; baseline -0.008 -10"><span class='ocrx_word' id='word_1_147' title='bbox 249 2329 287 2390; x_wconf 91' lang='lat' dir='ltr'><strong>Si</strong></span> <span class='ocrx_word' id='word_1_148' title='bbox 323 2337 472 2388; x_wconf 89' lang='lat' dir='ltr'><strong>senatus</strong></span> <span class='ocrx_word' id='word_1_149' title='bbox 493 2343 582 2393; x_wconf 84' lang='lat' dir='ltr'><strong>non,</strong></span> <span class='ocrx_word' id='word_1_150' title='bbox 616 2322 702 2398; x_wconf 90' lang='lat' dir='ltr'><strong>quid</strong></span> <span class='ocrx_word' id='word_1_151' title='bbox 734 2323 848 2379; x_wconf 86' lang='lat' dir='ltr'><strong>veliet</strong></span> <span class='ocrx_word' id='word_1_152' title='bbox 879 2321 914 2378; x_wconf 90' lang='lat' dir='ltr'><strong>iu</strong></span> <span class='ocrx_word' id='word_1_153' title='bbox 936 2321 1147 2394; x_wconf 73' lang='lat' dir='ltr'><strong>consulatu,</strong></span> <span class='ocrx_word' id='word_1_154' title='bbox 1185 2325 1314 2400; x_wconf 82' lang='lat' dir='ltr'><strong>petius</strong></span> 
     </span>
     <span class='ocr_line' id='line_1_21' title="bbox 249 2427 1315 2510; baseline -0.007 -17"><span class='ocrx_word' id='word_1_155' title='bbox 249 2453 371 2510; x_wconf 75' lang='lat' dir='ltr'><strong>quem,</strong></span> <span class='ocrx_word' id='word_1_156' title='bbox 400 2431 485 2508; x_wconf 90' lang='lat' dir='ltr'><strong>quid</strong></span> <span class='ocrx_word' id='word_1_157' title='bbox 518 2429 553 2486; x_wconf 90' lang='lat' dir='ltr'><strong>iu</strong></span> <span class='ocrx_word' id='word_1_158' title='bbox 574 2437 735 2506; x_wconf 77' lang='lat' dir='ltr'><strong>praetura</strong></span> <span class='ocrx_word' id='word_1_159' title='bbox 767 2427 950 2485; x_wconf 88' lang='lat' dir='ltr'><strong>iuraverit</strong></span> <span class='ocrx_word' id='word_1_160' title='bbox 973 2429 1009 2488; x_wconf 90' lang='lat' dir='ltr'><strong>P.</strong></span> <span class='ocrx_word' id='word_1_161' title='bbox 1032 2427 1217 2500; x_wconf 80' lang='lat' dir='ltr'><strong>Licinius,</strong></span> <span class='ocrx_word' id='word_1_162' title='bbox 1239 2430 1315 2486; x_wconf 81' lang='lat' dir='ltr'><strong>sni·</strong></span> 
     </span>
     <span class='ocr_line' id='line_1_22' title="bbox 250 2533 1314 2604; baseline -0.004 -8"><span class='ocrx_word' id='word_1_163' title='bbox 250 2537 548 2597; x_wconf 85' lang='lat' dir='ltr'><strong>madvertendum</strong></span> <span class='ocrx_word' id='word_1_164' title='bbox 577 2543 838 2604; x_wconf 72' lang='lat' dir='ltr'><strong>suscenseat,</strong></span> <span class='ocrx_word' id='word_1_165' title='bbox 867 2551 905 2590; x_wconf 89' lang='lat' dir='ltr'><strong>se</strong></span> <span class='ocrx_word' id='word_1_166' title='bbox 936 2543 1057 2592; x_wconf 87' lang='lat' dir='ltr'><strong>tamen</strong></span> <span class='ocrx_word' id='word_1_167' title='bbox 1090 2533 1256 2593; x_wconf 77' lang='lat' dir='ltr'><strong>futurum</strong></span> <span class='ocrx_word' id='word_1_168' title='bbox 1277 2537 1314 2592; x_wconf 88' lang='lat' dir='ltr'><strong>in</strong></span> 
     </span>
     <span class='ocr_line' id='line_1_23' title="bbox 250 2638 1315 2718; baseline -0.005 -16"><span class='ocrx_word' id='word_1_169' title='bbox 250 2653 398 2702; x_wconf 86' lang='lat' dir='ltr'><strong>senatus</strong></span> <span class='ocrx_word' id='word_1_170' title='bbox 420 2649 616 2718; x_wconf 72' lang='lat' dir='ltr'><strong>potestate.</strong></span> <span class='ocrx_word' id='word_1_171' title='bbox 661 2639 739 2714; x_wconf 89' lang='lat' dir='ltr'><strong>Quid</strong></span> <span class='ocrx_word' id='word_1_172' title='bbox 762 2647 838 2696; x_wconf 88' lang='lat' dir='ltr'><strong>esset</strong></span> <span class='ocrx_word' id='word_1_173' title='bbox 859 2638 889 2696; x_wconf 92' lang='lat' dir='ltr'><strong>in</strong></span> <span class='ocrx_word' id='word_1_174' title='bbox 910 2640 956 2698; x_wconf 88' lang='lat' dir='ltr'><strong>his</strong></span> <span class='ocrx_word' id='word_1_175' title='bbox 979 2640 1051 2708; x_wconf 78' lang='lat' dir='ltr'><strong>vitii,</strong></span> <span class='ocrx_word' id='word_1_176' title='bbox 1072 2641 1126 2697; x_wconf 89' lang='lat' dir='ltr'><strong>etsi</strong></span> <span class='ocrx_word' id='word_1_177' title='bbox 1141 2639 1315 2700; x_wconf 73' lang='lat' dir='ltr'><strong>Gronovius</strong></span> 
     </span>
     <span class='ocr_line' id='line_1_24' title="bbox 251 2746 1315 2826; baseline -0.004 -18"><span class='ocrx_word' id='word_1_178' title='bbox 251 2767 359 2826; x_wconf 76' lang='lat' dir='ltr'><strong>magna</strong></span> <span class='ocrx_word' id='word_1_179' title='bbox 382 2767 420 2805; x_wconf 84' lang='lat' dir='ltr'><strong>ex</strong></span> <span class='ocrx_word' id='word_1_180' title='bbox 442 2757 526 2823; x_wconf 84' lang='lat' dir='ltr'><strong>perte</strong></span> <span class='ocrx_word' id='word_1_181' title='bbox 547 2746 652 2814; x_wconf 84' lang='lat' dir='ltr'><strong>sensit,</strong></span> <span class='ocrx_word' id='word_1_182' title='bbox 683 2753 780 2801; x_wconf 89' lang='lat' dir='ltr'><strong>tamen</strong></span> <span class='ocrx_word' id='word_1_183' title='bbox 804 2763 900 2820; x_wconf 90' lang='lat' dir='ltr'><strong>neque</strong></span> <span class='ocrx_word' id='word_1_184' title='bbox 928 2746 954 2804; x_wconf 92' lang='lat' dir='ltr'><strong>is</strong></span> <span class='ocrx_word' id='word_1_185' title='bbox 976 2753 1067 2804; x_wconf 84' lang='lat' dir='ltr'><strong>totam</strong></span> <span class='ocrx_word' id='word_1_186' title='bbox 1091 2747 1315 2821; x_wconf 83' lang='lat' dir='ltr'><strong>perversitatem</strong></span> 
     </span>
     <span class='ocr_line' id='line_1_25' title="bbox 251 2851 1315 2930; baseline -0.004 -18"><span class='ocrx_word' id='word_1_187' title='bbox 251 2853 399 2930; x_wconf 74' lang='lat' dir='ltr'><strong>perspexit</strong></span> <span class='ocrx_word' id='word_1_188' title='bbox 419 2871 513 2927; x_wconf 88' lang='lat' dir='ltr'><strong>neque</strong></span> <span class='ocrx_word' id='word_1_189' title='bbox 537 2861 648 2908; x_wconf 81' lang='lat' dir='ltr'><strong>eeteros</strong></span> <span class='ocrx_word' id='word_1_190' title='bbox 672 2851 772 2908; x_wconf 84' lang='lat' dir='ltr'><strong>movit.</strong></span> <span class='ocrx_word' id='word_1_191' title='bbox 815 2851 947 2910; x_wconf 89' lang='lat' dir='ltr'><strong>Primum</strong></span> <span class='ocrx_word' id='word_1_192' title='bbox 969 2867 1090 2927; x_wconf 86' lang='lat' dir='ltr'><strong>prorsus</strong></span> <span class='ocrx_word' id='word_1_193' title='bbox 1110 2869 1250 2927; x_wconf 86' lang='lat' dir='ltr'><strong>perverse</strong></span> <span class='ocrx_word' id='word_1_194' title='bbox 1272 2851 1315 2909; x_wconf 92' lang='lat' dir='ltr'><strong>bis</strong></span> 
     </span>
     <span class='ocr_line' id='line_1_26' title="bbox 252 2955 1315 3032; baseline -0.002 -16"><span class='ocrx_word' id='word_1_195' title='bbox 252 2959 398 3018; x_wconf 84' lang='lat' dir='ltr'><strong>scribitur:</strong></span> <span class='ocrx_word' id='word_1_196' title='bbox 420 2976 495 3032; x_wconf 85' lang='lat' dir='ltr'><strong>quse</strong></span> <span class='ocrx_word' id='word_1_197' title='bbox 517 3001 546 3016; x_wconf 88' lang='lat'><strong>..</strong></span> <span class='ocrx_word' id='word_1_198' title='bbox 565 2955 651 3014; x_wconf 78' lang='lat' dir='ltr'><strong>fieri</strong></span> <span class='ocrx_word' id='word_1_199' title='bbox 675 2958 856 3031; x_wconf 80' lang='lat' dir='ltr'><strong>nou(qu1e</strong></span> <span class='ocrx_word' id='word_1_200' title='bbox 878 2975 947 3014; x_wconf 89' lang='lat' dir='ltr'><strong>non</strong></span> <span class='ocrx_word' id='word_1_201' title='bbox 973 2999 1003 3018; x_wconf 90' lang='lat'><strong>..</strong></span> <span class='ocrx_word' id='word_1_202' title='bbox 1030 2955 1131 3030; x_wconf 77' lang='lat' dir='ltr'><strong>fieri)</strong></span> <span class='ocrx_word' id='word_1_203' title='bbox 1158 2967 1315 3031; x_wconf 83' lang='lat' dir='ltr'><strong>possent</strong></span> 
     </span>
     <span class='ocr_line' id='line_1_27' title="bbox 252 3061 1314 3138; baseline -0.004 -16"><span class='ocrx_word' id='word_1_204' title='bbox 252 3067 282 3123; x_wconf 91' lang='lat' dir='ltr'><strong>in</strong></span> <span class='ocrx_word' id='word_1_205' title='bbox 304 3063 452 3122; x_wconf 80' lang='lat' dir='ltr'><strong>sententiis</strong></span> <span class='ocrx_word' id='word_1_206' title='bbox 473 3061 662 3120; x_wconf 80' lang='lat' dir='ltr'><strong>diversissimi</strong></span> <span class='ocrx_word' id='word_1_207' title='bbox 685 3061 818 3137; x_wconf 81' lang='lat' dir='ltr'><strong>generis3</strong></span> <span class='ocrx_word' id='word_1_208' title='bbox 849 3062 942 3121; x_wconf 87' lang='lat' dir='ltr'><strong>altera</strong></span> <span class='ocrx_word' id='word_1_209' title='bbox 972 3063 1047 3121; x_wconf 89' lang='lat' dir='ltr'><strong>enim</strong></span> <span class='ocrx_word' id='word_1_210' title='bbox 1069 3079 1139 3138; x_wconf 83' lang='lat' dir='ltr'><strong>pers</strong></span> <span class='ocrx_word' id='word_1_211' title='bbox 1162 3071 1210 3118; x_wconf 85' lang='lat' dir='ltr'><strong>est</strong></span> <span class='ocrx_word' id='word_1_212' title='bbox 1230 3063 1314 3119; x_wconf 89' lang='lat' dir='ltr'><strong>inris-</strong></span> 
     </span>
     <span class='ocr_line' id='line_1_28' title="bbox 252 3164 1316 3242; baseline -0.005 -13"><span class='ocrx_word' id='word_1_213' title='bbox 252 3169 366 3230; x_wconf 85' lang='lat' dir='ltr'><strong>iurandi</strong></span> <span class='ocrx_word' id='word_1_214' title='bbox 389 3167 503 3238; x_wconf 82' lang='lat' dir='ltr'><strong>Licinii,</strong></span> <span class='ocrx_word' id='word_1_215' title='bbox 535 3185 600 3242; x_wconf 78' lang='lat' dir='ltr'><strong>quae</strong></span> <span class='ocrx_word' id='word_1_216' title='bbox 630 3177 709 3226; x_wconf 86' lang='lat' dir='ltr'><strong>reete</strong></span> <span class='ocrx_word' id='word_1_217' title='bbox 729 3167 912 3226; x_wconf 83' lang='lat' dir='ltr'><strong>eoniuuetive</strong></span> <span class='ocrx_word' id='word_1_218' title='bbox 939 3168 1027 3225; x_wconf 91' lang='lat' dir='ltr'><strong>modo</strong></span> <span class='ocrx_word' id='word_1_219' title='bbox 1053 3164 1192 3237; x_wconf 57' lang='lat' dir='ltr'><strong>offertum</strong></span> <span class='ocrx_word' id='word_1_220' title='bbox 1223 3167 1316 3224; x_wconf 85' lang='lat' dir='ltr'><strong>altera</strong></span> 
     </span>
     <span class='ocr_line' id='line_1_29' title="bbox 254 3271 1315 3354; baseline -0.005 -18"><span class='ocrx_word' id='word_1_221' title='bbox 254 3285 454 3354; x_wconf 76' lang='lat' dir='ltr'><strong>argumentum</strong></span> <span class='ocrx_word' id='word_1_222' title='bbox 479 3273 607 3332; x_wconf 81' lang='lat' dir='ltr'><strong>eontinet</strong></span> <span class='ocrx_word' id='word_1_223' title='bbox 637 3273 728 3350; x_wconf 90' lang='lat' dir='ltr'><strong>ipsius</strong></span> <span class='ocrx_word' id='word_1_224' title='bbox 758 3271 853 3332; x_wconf 79' lang='lat' dir='ltr'><strong>Cassii</strong></span> <span class='ocrx_word' id='word_1_225' title='bbox 885 3272 953 3330; x_wconf 88' lang='lat' dir='ltr'><strong>inde</strong></span> <span class='ocrx_word' id='word_1_226' title='bbox 974 3271 1107 3342; x_wconf 72' lang='lat' dir='ltr'><strong>dustrem,</strong></span> <span class='ocrx_word' id='word_1_227' title='bbox 1129 3291 1195 3347; x_wconf 78' lang='lat' dir='ltr'><strong>qnae</strong></span> <span class='ocrx_word' id='word_1_228' title='bbox 1216 3292 1315 3331; x_wconf 85' lang='lat' dir='ltr'><strong>neees-</strong></span> 
     </span>
     <span class='ocr_line' id='line_1_30' title="bbox 254 3375 1315 3452; baseline -0.007 -9"><span class='ocrx_word' id='word_1_229' title='bbox 254 3383 331 3442; x_wconf 85' lang='lat' dir='ltr'><strong>serio</strong></span> <span class='ocrx_word' id='word_1_230' title='bbox 353 3382 494 3440; x_wconf 85' lang='lat' dir='ltr'><strong>infinitam</strong></span> <span class='ocrx_word' id='word_1_231' title='bbox 519 3379 680 3437; x_wconf 87' lang='lat' dir='ltr'><strong>orationem</strong></span> <span class='ocrx_word' id='word_1_232' title='bbox 702 3380 811 3437; x_wconf 89' lang='lat' dir='ltr'><strong>habere</strong></span> <span class='ocrx_word' id='word_1_233' title='bbox 832 3377 938 3446; x_wconf 62' lang='lat' dir='ltr'><strong>debet,</strong></span> <span class='ocrx_word' id='word_1_234' title='bbox 963 3375 1100 3452; x_wconf 85' lang='lat' dir='ltr'><strong>quoniam</strong></span> <span class='ocrx_word' id='word_1_235' title='bbox 1136 3397 1215 3452; x_wconf 74' lang='lat' dir='ltr'><strong>quas</strong></span> <span class='ocrx_word' id='word_1_236' title='bbox 1248 3380 1315 3436; x_wconf 89' lang='lat' dir='ltr'><strong>nihil</strong></span> 
     </span>
     <span class='ocr_line' id='line_1_31' title="bbox 255 3481 1315 3560; baseline -0.006 -12"><span class='ocrx_word' id='word_1_237' title='bbox 255 3489 332 3548; x_wconf 91' lang='lat' dir='ltr'><strong>aliud</strong></span> <span class='ocrx_word' id='word_1_238' title='bbox 353 3497 397 3546; x_wconf 90' lang='lat' dir='ltr'><strong>est</strong></span> <span class='ocrx_word' id='word_1_239' title='bbox 417 3486 486 3544; x_wconf 74' lang='lat' dir='ltr'><strong>nisit</strong></span> <span class='ocrx_word' id='word_1_240' title='bbox 510 3503 551 3542; x_wconf 85' lang='lat' dir='ltr'><strong>ee</strong></span> <span class='ocrx_word' id='word_1_241' title='bbox 573 3493 693 3541; x_wconf 82' lang='lat' dir='ltr'><strong>eutem</strong></span> <span class='ocrx_word' id='word_1_242' title='bbox 725 3489 852 3560; x_wconf 78' lang='lat' dir='ltr'><strong>(porro).</strong></span> <span class='ocrx_word' id='word_1_243' title='bbox 897 3482 1011 3540; x_wconf 83' lang='lat' dir='ltr'><strong>Deinde</strong></span> <span class='ocrx_word' id='word_1_244' title='bbox 1035 3483 1064 3540; x_wconf 93' lang='lat' dir='ltr'><strong>iu</strong></span> <span class='ocrx_word' id='word_1_245' title='bbox 1086 3481 1179 3541; x_wconf 81' lang='lat' dir='ltr'><strong>ultera</strong></span> <span class='ocrx_word' id='word_1_246' title='bbox 1201 3495 1315 3542; x_wconf 81' lang='lat' dir='ltr'><strong>senteu-</strong></span> 
     </span>
     <span class='ocr_line' id='line_1_32' title="bbox 254 3587 1317 3670; baseline -0.005 -18"><span class='ocrx_word' id='word_1_247' title='bbox 254 3596 310 3664; x_wconf 84' lang='lat' dir='ltr'><strong>tis‚</strong></span> <span class='ocrx_word' id='word_1_248' title='bbox 342 3589 585 3670; x_wconf 86' lang='lat' dir='ltr'><strong>quemadmodum</strong></span> <span class='ocrx_word' id='word_1_249' title='bbox 616 3589 731 3664; x_wconf 89' lang='lat' dir='ltr'><strong>quidem</strong></span> <span class='ocrx_word' id='word_1_250' title='bbox 754 3609 830 3648; x_wconf 90' lang='lat' dir='ltr'><strong>nune</strong></span> <span class='ocrx_word' id='word_1_251' title='bbox 849 3599 893 3647; x_wconf 92' lang='lat' dir='ltr'><strong>est</strong></span> <span class='ocrx_word' id='word_1_252' title='bbox 913 3587 1105 3658; x_wconf 75' lang='lat' dir='ltr'><strong>conformata,</strong></span> <span class='ocrx_word' id='word_1_253' title='bbox 1136 3599 1215 3647; x_wconf 88' lang='lat' dir='ltr'><strong>reete</strong></span> <span class='ocrx_word' id='word_1_254' title='bbox 1236 3589 1317 3649; x_wconf 86' lang='lat' dir='ltr'><strong>Gre-</strong></span> 
     </span>
     <span class='ocr_line' id='line_1_33' title="bbox 255 3693 1316 3770; baseline -0.006 -13"><span class='ocrx_word' id='word_1_255' title='bbox 255 3699 358 3756; x_wconf 82' lang='lat' dir='ltr'><strong>novius</strong></span> <span class='ocrx_word' id='word_1_256' title='bbox 393 3697 481 3768; x_wconf 80' lang='lat' dir='ltr'><strong>vidit,</strong></span> <span class='ocrx_word' id='word_1_257' title='bbox 525 3695 707 3770; x_wconf 78' lang='lat' dir='ltr'><strong>negationem</strong></span> <span class='ocrx_word' id='word_1_258' title='bbox 751 3695 906 3752; x_wconf 86' lang='lat' dir='ltr'><strong>tollendam</strong></span> <span class='ocrx_word' id='word_1_259' title='bbox 947 3711 1010 3750; x_wconf 90' lang='lat' dir='ltr'><strong>esse</strong></span> <span class='ocrx_word' id='word_1_260' title='bbox 1048 3693 1133 3768; x_wconf 88' lang='lat' dir='ltr'><strong>eique</strong></span> <span class='ocrx_word' id='word_1_261' title='bbox 1165 3695 1316 3753; x_wconf 83' lang='lat' dir='ltr'><strong>Bekkerus</strong></span> 
     </span>
     <span class='ocr_line' id='line_1_34' title="bbox 255 3799 1316 3880; baseline -0.004 -18"><span class='ocrx_word' id='word_1_262' title='bbox 255 3803 360 3880; x_wconf 85' lang='lat' dir='ltr'><strong>paruit.</strong></span> <span class='ocrx_word' id='word_1_263' title='bbox 409 3803 476 3860; x_wconf 92' lang='lat' dir='ltr'><strong>Hoe</strong></span> <span class='ocrx_word' id='word_1_264' title='bbox 505 3801 580 3858; x_wconf 89' lang='lat' dir='ltr'><strong>enim</strong></span> <span class='ocrx_word' id='word_1_265' title='bbox 609 3799 728 3859; x_wconf 81' lang='lat' dir='ltr'><strong>Cassius</strong></span> <span class='ocrx_word' id='word_1_266' title='bbox 758 3802 841 3868; x_wconf 78' lang='lat' dir='ltr'><strong>dicit,</strong></span> <span class='ocrx_word' id='word_1_267' title='bbox 871 3801 896 3858; x_wconf 89' lang='lat' dir='ltr'><strong>si</strong></span> <span class='ocrx_word' id='word_1_268' title='bbox 928 3801 1126 3858; x_wconf 84' lang='lat' dir='ltr'><strong>iusiurandum</strong></span> <span class='ocrx_word' id='word_1_269' title='bbox 1161 3799 1261 3858; x_wconf 84' lang='lat' dir='ltr'><strong>Crassi</strong></span> <span class='ocrx_word' id='word_1_270' title='bbox 1288 3801 1316 3858; x_wconf 91' lang='lat' dir='ltr'><strong>iu</strong></span> 
     </span>
     <span class='ocr_line' id='line_1_35' title="bbox 255 3905 1316 3984; baseline -0.003 -18"><span class='ocrx_word' id='word_1_271' title='bbox 255 3921 382 3984; x_wconf 83' lang='lat' dir='ltr'><strong>praetura</strong></span> <span class='ocrx_word' id='word_1_272' title='bbox 407 3909 506 3966; x_wconf 88' lang='lat' dir='ltr'><strong>datum</strong></span> <span class='ocrx_word' id='word_1_273' title='bbox 538 3907 644 3976; x_wconf 69' lang='lat' dir='ltr'><strong>valeat,</strong></span> <span class='ocrx_word' id='word_1_274' title='bbox 679 3906 768 3964; x_wconf 90' lang='lat' dir='ltr'><strong>nihile</strong></span> <span class='ocrx_word' id='word_1_275' title='bbox 801 3926 867 3964; x_wconf 87' lang='lat' dir='ltr'><strong>eum</strong></span> <span class='ocrx_word' id='word_1_276' title='bbox 898 3905 991 3982; x_wconf 83' lang='lat' dir='ltr'><strong>magis</strong></span> <span class='ocrx_word' id='word_1_277' title='bbox 1020 3925 1095 3964; x_wconf 89' lang='lat' dir='ltr'><strong>nune</strong></span> <span class='ocrx_word' id='word_1_278' title='bbox 1117 3907 1266 3965; x_wconf 87' lang='lat' dir='ltr'><strong>eousuiem</strong></span> <span class='ocrx_word' id='word_1_279' title='bbox 1287 3907 1316 3964; x_wconf 90' lang='lat' dir='ltr'><strong>iu</strong></span> 
     </span>
     <span class='ocr_line' id='line_1_36' title="bbox 258 4011 1316 4088; baseline 0.001 -19"><span class='ocrx_word' id='word_1_280' title='bbox 258 4013 437 4087; x_wconf 82' lang='lat' dir='ltr'><strong>provinciam</strong></span> <span class='ocrx_word' id='word_1_281' title='bbox 459 4014 617 4088; x_wconf 70' lang='lat' dir='ltr'><strong>impresse,</strong></span> <span class='ocrx_word' id='word_1_282' title='bbox 640 4013 741 4070; x_wconf 85' lang='lat' dir='ltr'><strong>eedem</strong></span> <span class='ocrx_word' id='word_1_283' title='bbox 766 4012 940 4088; x_wconf 87' lang='lat' dir='ltr'><strong>impediente</strong></span> <span class='ocrx_word' id='word_1_284' title='bbox 961 4029 1009 4082; x_wconf 81' lang='lat' dir='ltr'><strong>re3</strong></span> <span class='ocrx_word' id='word_1_285' title='bbox 1031 4011 1055 4068; x_wconf 91' lang='lat' dir='ltr'><strong>si</strong></span> <span class='ocrx_word' id='word_1_286' title='bbox 1079 4021 1178 4070; x_wconf 86' lang='lat' dir='ltr'><strong>tamen</strong></span> <span class='ocrx_word' id='word_1_287' title='bbox 1199 4021 1316 4070; x_wconf 74' lang='lat' dir='ltr'><strong>serimus</strong></span> 
     </span>
    </p>
   </div>
   <div class='ocr_carea' id='block_1_3' title="bbox 0 0 1433 4640">
    <p class='ocr_par' dir='ltr' id='par_1_4' title="bbox 0 0 1433 4640">
     <span class='ocr_line' id='line_1_37' title="bbox 0 0 1433 4640; baseline 0 0"><span class='ocrx_word' id='word_1_288' title='bbox 0 0 1433 4640; x_wconf 95' lang='lat' dir='ltr'><strong> </strong></span> 
     </span>
    </p>
   </div>
  </div>
 </body>
</html>
