2800 4646
301 281 359 332 Lib.
378 280 429 335 lx.
770 281 826 341 182

349 465 422 544 Cap.
447 464 504 536 31,
533 469 551 526 6
584 465 627 534 (iu
648 467 816 524 narratione
847 481 943 524 rernm
972 484 991 522 a
1018 464 1051 522 C.
1080 465 1165 524 lunio
1196 467 1334 524 Bubulco

264 573 381 629 tertium
403 591 483 629 cons.
508 571 538 629 in
560 571 680 630 Samnio
702 576 884 648 gestarumJ:
929 569 1093 628 Omnium
1122 572 1334 648 principum

265 677 301 735 in
336 677 484 737 Samnio
513 697 553 735 eo
580 695 673 736 ουτω
700 688 784 736 sunt
815 678 978 746 intentae,
1005 685 1042 733 ut
1064 675 1212 733 insidiis
1235 695 1334 752 quse-

265 792 410 840 reretur
438 783 557 854 loeus,
597 784 628 842 si
659 803 728 860 qua
759 783 913 841 lieentia
942 781 1156 860 populando
1186 781 1336 838 effusus

268 888 453 944 exereitus
478 889 600 964 excipi
628 907 668 946 ac
690 888 949 948 circumveniri
980 899 1117 964 posset.
1172 889 1277 962 Neque
1300 889 1336 944 si

267 1013 338 1068 qua
359 992 512 1050 licentia
533 1003 610 1051 recte
632 995 688 1051 dici
709 995 825 1052 videtur
847 995 930 1069 quasi
961 995 997 1051 de
1017 995 1129 1052 incerta
1156 1003 1185 1049 ct
1212 1011 1270 1049 uua
1293 1012 1337 1049 ox

265 1099 416 1175 pluribus,
448 1117 536 1173 quum
570 1117 659 1156 unum
692 1101 813 1158 licentiae
841 1117 932 1176 genus
964 1101 992 1158 h.
1025 1101 1044 1161 l.
1076 1099 1196 1174 intelligi
1227 1099 1336 1174 possit,

267 1223 360 1280 nsque
374 1204 404 1262 hi
416 1205 536 1262 ablativi
559 1223 628 1280 quo
649 1205 802 1264 licentia
826 1215 855 1263 st-
876 1207 1089 1283 populando
1112 1205 1220 1280 optime
1241 1204 1336 1260 coire.

267 1311 389 1376 Vereor,
409 1329 446 1368 ne
467 1331 485 1367 a
509 1311 595 1368 Livio
617 1311 717 1368 fauerit:
749 1331 791 1370 ne
815 1331 884 1388 qua
908 1311 1060 1388 (adverb.)
1089 1309 1244 1368 licentia
1264 1329 1337 1384 po-

266 1418 419 1494 pulandi
438 1416 579 1475 effusus
602 1418 791 1476 exereitus
811 1428 864 1476 eto.
896 1415 1087 1476 Praedandi
1109 1415 1263 1472 licentia
1287 1417 1336 1472 di·

266 1523 340 1580 citur
354 1523 444 1592 XXI,
457 1525 484 1592 3,
497 1525 529 1586 8:
554 1522 591 1578 ad
614 1539 678 1580 eam
688 1521 830 1582 Romanis
854 1523 1038 1599 praebendam
1060 1521 1252 1597 pertinebant,
1264 1541 1338 1596 quae

266 1629 474 1688 aSamnitibns
497 1637 563 1685 acta
580 1639 745 1689 narrantur.
790 1629 895 1688 Altera
916 1628 945 1684 in
967 1627 1108 1704 proximis
1121 1625 1147 1706 (ξ
1161 1631 1189 1699 il
1202 1628 1336 1703 susspicio

266 1733 372 1804 oritur,
396 1753 460 1808 quos
482 1731 523 1790 sic
547 1734 724 1792 scribuntur:
752 1734 969 1808 'l'ransiugae
991 1743 1157 1808 agrestes
1184 1743 1218 1790 et
1239 1752 1336 1810 cap-

266 1839 339 1896 tivi
359 1839 519 1914 quidam,
541 1859 626 1916 pars
658 1840 770 1912 forte,
793 1859 880 1916 pars
903 1837 1060 1897 consilio
1090 1841 1216 1908 oblati,
1244 1858 1336 1897 con-

265 1944 438 2019 gruentia
461 1945 504 2000 ud
526 1945 714 2002 consulem
738 1945 951 2003 adserentes
977 1977 1010 1987 -
1032 1975 1064 1986 -
1086 1946 1336 2022 perpulerunt

265 2057 320 2106 eet.
363 2050 420 2123 Qui
443 2049 480 2106 ad
503 2067 585 2108 usum
608 2049 812 2128 pronominum
839 2050 1015 2108 infinitorum
1038 2051 1235 2120 attenderunt,
1264 2071 1334 2108 seu·

265 2147 354 2226 tiens,
382 2175 440 2213 non
470 2167 546 2214 recte
580 2157 754 2232 quosdam
787 2157 919 2233 captivos
951 2158 978 2214 h.
1011 2156 1030 2212 l.
1059 2156 1213 2232 appellari,
1245 2157 1333 2231 quasi

266 2271 361 2318 certos
377 2281 414 2319 ex
429 2264 541 2320 maiore
562 2281 696 2334 numer03
720 2263 852 2320 universe
868 2261 1048 2338 captivorum
1064 2272 1093 2318 et
1113 2260 1332 2336 transfugarum

265 2365 294 2424 id
316 2367 451 2425 indicium
480 2369 568 2426 luisse
592 2369 693 2426 Livius
721 2369 873 2444 significat.
930 2367 976 2425 No
1006 2377 1085 2426 recto
1118 2367 1233 2442 quidem
1264 2368 1333 2424 loco

264 2491 423 2548 pronomen
442 2473 568 2549 ponitur,
590 2475 733 2550 siquidem
758 2493 816 2531 non
834 2474 929 2530 minus
944 2474 981 2530 ad
994 2472 1159 2548 transfugas
1182 2491 1270 2547 quam
1294 2473 1332 2528 ud

265 2578 397 2654 captivos
433 2581 576 2655 pertinere
613 2582 699 2639 debet
730 2580 940 2655 (transfugae
971 2579 1115 2654 quidam
1163 2589 1333 2655 agrestes

264 2697 299 2743 et
322 2686 485 2760 captivi).
534 2687 638 2762 ltaque
663 2687 715 2744 vix
737 2686 856 2743 dubium
879 2695 936 2754 est,
968 2685 1036 2762 quin
1053 2685 1153 2743 Livius
1167 2685 1332 2760 scripserit:

265 2800 305 2847 tr.
330 2807 381 2865 ag.
407 2803 441 2848 ot
463 2792 620 2866 captivi,
638 2793 781 2868 quidam
804 2790 1014 2866 forte,pars
1030 2789 1187 2848 consilio
1203 2789 1332 2860 oblati,

264 2895 415 2953 notissimo
437 2895 626 2955 distribuendi
648 2917 762 2972 genero,
794 2915 852 2971 quo
882 2895 973 2972 partis
995 2895 1167 2970 significatio
1189 2895 1332 2964 variatur,

262 3113 459 3123 *-

333 3257 364 3298 et
383 3249 466 3311 quod
486 3249 696 3299 demovendis
715 3257 803 3298 statu
823 3264 879 3298 suo
898 3249 1002 3298 sacris
1021 3249 1218 3311 religionem
1238 3247 1331 3297 lace·

333 3355 366 3389 re
392 3353 516 3405 posset,
544 3355 632 3390 rorum
658 3351 741 3402 esset,
768 3341 788 3390 si
814 3341 962 3390 huiusmodi
986 3351 1053 3391 esset
1076 3341 1212 3390 soutcntiu:
1242 3341 1329 3402 quod

334 3433 529 3496 religionem
558 3433 664 3483 lacero
693 3439 818 3498 posset,
857 3433 919 3482 nisi
947 3435 1105 3484 sciremus
1136 3445 1210 3481 casu
1238 3433 1330 3480 acci·

333 3527 431 3588 disse,
451 3535 495 3576 unt
513 3527 617 3588 similis;
635 3542 702 3576 nuno
721 3539 798 3588 quum
812 3523 908 3586 Livius,
926 3527 1077 3589 religionum
1091 3537 1115 3575 ct
1133 3526 1222 3575 veluus
1241 3525 1330 3582 moris,

333 3619 418 3668 verbis
437 3619 544 3678 solt-cm,
576 3617 672 3676 cultor,
696 3617 781 3680 sperni
800 3615 913 3664 divinum
938 3619 1137 3668 admonitionem
1157 3618 1328 3668 electoribus

268 3771 270 3776 Ι
333 3711 412 3770 nolit,
437 3711 581 3760 necessario
600 3711 761 3760 scribendum
781 3711 951 3772 estpossit.
993 3710 1059 3760 Nam
1079 3711 1110 3763 ad
1129 3711 1199 3760 illum
1219 3720 1328 3768 aetatem,

333 3817 384 3865 quo
412 3817 452 3850 ros
477 3811 537 3851 actu
565 3811 619 3860 est,
649 3799 737 3848 iderti
764 3799 941 3864 imperfectum
970 3811 1069 3868 tempus
1101 3817 1183 3865 neque
1209 3815 1249 3851 res
1267 3801 1328 3850 sinit

332 3895 379 3956 (-
392 3893 531 3942 nihileuim
545 3895 576 3942 de
595 3893 717 3956 religione
736 3891 830 3940 iniecta
842 3901 868 3941 ot
880 3893 958 3942 sacris
970 3909 1017 3942 suo
1035 3901 1103 3942 statu
1122 3895 1226 3944 serratis
1249 3893 1327 3956 signi·

331 3985 429 4046 licetur,
449 3985 495 4049 -)
514 3999 597 4048 nequo
612 3985 781 4048 grammatica
804 3984 831 4033 in
849 3985 898 4033 hac
917 3987 1039 4035 orationis
1057 3984 1153 4036 formu:
1177 3983 1329 4038 institor

331 4078 424 4127 dictu
443 4078 595 4127 mirabile
614 4087 644 4128 et
663 4077 747 4142 quod
767 4085 814 4127 cet.
