2826 4650
613 269 650 324 45
1029 264 1084 314 ms.
1103 263 1125 312 1.

97 447 178 504 hunc
209 447 304 505 locum
333 449 419 518 redii,
450 449 612 525 suspicatus
638 468 716 516 sum,
749 467 834 506 unam
860 467 962 506 vocem
989 451 1026 506 ob
1052 449 1162 507 littere-

99 572 167 610 rum
188 552 402 612 similitudinem
426 555 576 626 excidisse,
599 555 714 612 Livium
730 564 825 612 autem
848 557 1011 631 scripsisse:
1034 556 1160 616 Sebini

98 677 187 716 suos
218 678 345 722 servos
376 661 478 736 prius
506 673 561 722 cet.
609 660 805 735 Aprioribus
833 661 935 718 litteris
957 680 1020 720 uos
1052 661 1161 738 (suos)

99 765 236 822 librarius
258 767 405 824 aberravit
436 767 474 824 ud
503 767 617 825 easdem
647 766 738 824 eltero
768 765 832 822 loco
859 766 970 840 positas
998 770 1159 840 (seruos).

185 869 281 946 *Cup
305 875 358 944 32,
384 877 434 931 tt:
465 873 621 948 Quarum
643 891 776 942 rerum,
807 871 939 942 litium,
970 892 1159 932 causarum

98 977 267 1034 condixit
299 989 404 1055 peter
434 988 603 1055 patratus
636 977 763 1053 populi
784 979 936 1038 Romani
963 979 1159 1053 Quiritium

99 1085 200 1160 patri
234 1095 383 1160 patrato
415 1086 623 1143 Priscorum
656 1083 868 1141 Latinorum
896 1117 948 1156 -,
981 1105 1070 1161 ques
1101 1105 1158 1144 res

98 1189 194 1258 dari,
229 1191 329 1260 sieri,
364 1191 454 1248 solvi
492 1190 671 1268 oportuit,
706 1223 759 1260 -‚
796 1190 866 1261 dic,
899 1191 984 1264 quid
1015 1189 1160 1248 censes?

98 1295 254 1354 Genitivus
268 1297 368 1364 verbo,
389 1295 467 1370 quod
482 1307 526 1354 cst
548 1297 754 1366 condicere,
776 1297 927 1354 adiunctus
940 1315 1026 1372 quern
1038 1298 1159 1354 haberet

97 1401 250 1470 rationem,
271 1421 356 1459 nemo
379 1403 526 1477 exposuit3
555 1423 622 1460 nem
646 1403 723 1477 quod
747 1421 811 1458 eum
834 1421 870 1459 ex
891 1403 1157 1460 iurisconsultorum

96 1507 125 1564 in
148 1505 282 1564 formulis
303 1508 509 1566 consuetudine
533 1509 603 1584 poni
624 1509 731 1578 dicunt,
763 1508 847 1565 nimis
869 1508 1009 1607 infipitum
1032 1517 1083 1578 est,
1105 1525 1158 1564 nec

96 1625 218 1670 utuntur
259 1615 297 1670 ed
339 1633 403 1670 eum
448 1615 682 1672 consuetudinem
724 1613 977 1671 demonstrandam
1011 1614 1065 1670 nisi
1100 1634 1157 1672 uno

96 1719 232 1795 exemplo
256 1737 349 1794 eoque
371 1739 428 1778 uon
451 1721 625 1792 certissimo,
658 1720 735 1795 quod
756 1720 833 1795 apud
855 1719 1023 1777 Ciceronem
1045 1719 1074 1776 iu
1096 1721 1156 1776 Το-

94 1825 168 1900 picis
199 1825 247 1902 (t,
271 1824 323 1901 22]
355 1825 472 1901 legitur:
505 1827 625 1884 damni
657 1825 787 1884 infecti
819 1825 1045 1904 promittere3
1079 1826 1157 1902 apud

96 1931 176 2006 ipsos
209 1929 428 1988 iurisconsultos
459 1944 624 1990 constanter
655 1933 759 1990 dicit-ur
797 1932 889 1989 setis
927 1931 1027 2002 dare,
1065 1932 1156 1988 setis

93 2047 220 2112 petere
242 2036 361 2093 domui
382 2037 510 2094 infecti
532 2045 561 2094 et
581 2039 700 2108 similis,
722 2038 849 2113 genitivo
876 2037 1095 2094 accommodato
1118 2037 1156 2094 ad

94 2161 202 2199 novem
236 2143 382 2200 notionem
416 2143 540 2200 nominis
572 2145 677 2210 setis,
716 2145 793 2220 quod
822 2144 845 2200 si
876 2163 934 2200 non
962 2143 1056 2218 ipsum
1078 2145 1156 2220 opud

92 2246 266 2305 Ciceronem
288 2249 394 2308 excidit
422 2249 513 2324 (quod
534 2250 717 2306 vehementer
738 2249 897 2326 suspicor),
923 2247 1025 2304 saltem
1048 2247 1154 2304 exilio

93 2373 148 2410 usu
187 2354 292 2426 (satis
330 2355 545 2430 promittere
578 2355 696 2413 damni
726 2355 800 2429 inf.)
828 2355 945 2412 brevior
971 2353 1021 2410 iile
1047 2353 1155 2410 locutio

91 2471 159 2518 orta
181 2471 239 2530 est3
271 2461 301 2518 in
329 2461 544 2518 condicendi
576 2463 666 2520 verbo
690 2461 760 2518 nihil
793 2476 837 2518 est
867 2460 968 2517 simile.
1022 2459 1153 2528 Accedit,

93 2567 172 2641 quod
210 2566 356 2623 communi
392 2586 511 2624 rerum
546 2568 690 2625 vocabulo
722 2578 789 2643 epte
825 2567 1028 2642 superadditur
1061 2567 1153 2642 magis

92 2672 245 2747 proprium
266 2670 385 2730 litium
406 2693 511 2730 nornen
534 2675 579 2744 (iu
600 2693 658 2748 quo
680 2674 709 2731 in
738 2685 860 2731 mentem
890 2673 969 2730 venit
1000 2693 1064 2732 cum
1093 2675 1153 2732 risu

92 2778 218 2836 inductae
240 2797 260 2834 e
280 2775 420 2836 Cicerone
448 2799 502 2855 pro
526 2781 649 2837 Murena
679 2799 704 2840 o.
733 2782 767 2838 12
800 2779 978 2854 questionis,
1016 2800 1088 2838 rem
1115 2801 1153 2839 eu

91 2883 194 2940 litem
218 2883 275 2940 dici
297 2884 470 2960 oporteret),
498 2887 592 2944 minus
621 2896 702 2962 epte,
731 2887 809 2961 quod
833 2887 902 2944 iuris
924 2887 1073 2963 proprium
1094 2906 1152 2944 nou

90 3001 136 3046 est
154 2989 185 3046 in
208 2991 265 3047 hac
290 2997 483 3048 controversie
502 2992 543 3048 rei
563 2992 781 3067 significatione,
804 3010 1002 3053 causarum.
1038 2994 1152 3068 Itaque,

90 3095 146 3152 etsi
177 3094 296 3152 difficile
328 3105 371 3152 est
403 3095 439 3154 de
470 3097 634 3156 huiusmodi
666 3098 811 3156 veteribus
833 3099 988 3156 verborum
1020 3097 1152 3156 formulis

88 3201 245 3270 iudicium,
267 3209 364 3258 temen
385 3203 471 3260 valde
492 3205 637 3280 suspicor,
671 3204 784 3262 Livium
806 3205 968 3280 scripsisse:
1003 3225 1151 3280 querum

89 3327 226 3378 rerum,
259 3307 377 3364 litium
410 3329 520 3367 ceusu
560 3310 726 3368 condixit
756 3319 862 3386 peter
893 3320 1060 3386 patratus
1088 3321 1151 3383 cet,

88 3412 201 3470 codicis
222 3423 318 3470 eutem
342 3415 491 3491 archetypi
512 3416 636 3474 scribam
657 3415 801 3492 frequenti
823 3417 937 3474 errandi
952 3435 1057 3493 genere
1079 3419 1150 3491 (vid.

87 3537 222 3594 prooem.
247 3539 276 3595 p.
304 3525 352 3588 tu)
385 3521 422 3578 ed
444 3522 518 3578 duos
540 3523 683 3597 genitivos
715 3523 777 3580 sine
810 3523 1009 3580 coniunctione
1040 3525 1150 3599 positos

87 3624 207 3681 tertium
230 3628 475 3685 accommodasse.
529 3629 655 3704 Propter
683 3647 730 3686 res
752 3637 781 3684 et
808 3627 872 3684 lites
894 3629 1056 3686 condictum
1078 3639 1150 3702 erut,

87 3731 146 3788 hoc
174 3741 218 3788 est
248 3731 440 3808 postulatum,
474 3743 504 3791 ut
536 3735 697 3792 satisfieret.
740 3734 834 3792 Paulo
857 3743 925 3808 post
952 3737 979 3804 (ξ
1007 3736 1068 3807 12),
1102 3735 1150 3792 ubi

89 3837 193 3896 Livius
219 3841 333 3897 hastam
356 3857 373 3894 e
397 3837 487 3897 fetiali
515 3842 544 3900 in
570 3842 696 3899 hostium
723 3843 794 3898 fines
824 3841 897 3898 mitti
928 3840 957 3896 in
979 3839 1054 3897 bello
1077 3840 1149 3897 indi·

85 3944 183 4000 cendo
197 3943 313 4002 solitam
329 3955 537 4002 commemoret
554 3947 705 4012 (hastam
728 3945 903 4004 ferretum
925 3953 987 4002 aut
1007 3923 1150 4020 seogui-

83 4066 191 4106 uesm
223 4053 445 4124 praeustam),
475 4069 622 4126 uunquam
650 4051 808 4128 intelligere
830 4053 925 4128 potui,
958 4071 1016 4128 que
1037 4053 1149 4110 ratione
