2810 4644
570 276 628 334 367
929 273 1097 324 mama

75 457 275 526 Umbriam,
297 475 365 540 qu
387 458 520 516 tribum
542 457 732 535 Sapiniam
752 467 895 526 vocant,
916 457 973 518 hoc
994 467 1050 516 est:
1071 477 1134 534 per

74 561 227 622 Umbriam
246 581 283 620 ea
302 571 403 640 parte,
430 582 490 640 qua
509 562 566 620 site
587 572 650 632 eet,
671 582 759 638 quam
781 563 887 621 tribum
909 561 1058 640 Sapiniam
1079 583 1132 623 vo·

75 677 152 726 cant.
206 668 255 728 Sic
288 669 363 726 enim
385 667 528 726 interdum
557 679 585 725 et
607 667 705 728 Greci
735 677 765 726 et
786 668 884 726 Latini
905 668 1081 746 loquuntur.
1102 681 1134 728 ut

77 774 187 850 aliquid
216 793 279 832 esse
310 774 415 832 alicubi
444 783 473 831 et
503 775 620 832 nomine
642 775 739 850 aliquo
764 773 905 850 appellari
927 777 1054 836 brevitor
1075 796 1134 836 uno

77 881 243 957 appellandi
263 881 353 938 verbo
375 880 629 956 comprehendant.
672 879 770 938 Graeci
793 899 862 938 usus
883 881 1018 957 exempla
1030 889 1135 958 prmter

76 988 180 1057 lexica,
201 987 230 1044 in
252 987 355 1062 quibus
376 986 438 1044 fere
457 996 611 1061 poetarum
639 985 804 1044 testimonie
825 997 972 1064 ponuntur
992 985 1074 1064 (inde
1095 989 1134 1046 ab

76 1093 199 1150 Homeri
220 1093 269 1150 illo
290 1112 327 1151 ex
349 1093 500 1166 IliadXI,
525 1096 597 1149 755:
619 1079 792 1154 Ἀλησίου
817 1095 904 1154 tuta
929 1086 1059 1175 κολώνη
1081 1091 1134 1155 ee'-

79 1197 210 1278 κληται)
232 1219 284 1258 uec
303 1199 374 1256 satis
396 1200 433 1256 ab
454 1197 519 1255 ahie
541 1198 684 1267 distincta,
707 1198 818 1257 dabunt
835 1201 1076 1277 wyttenbachius
1097 1201 1135 1259 ad

78 1306 213 1366 Platonis
234 1305 373 1364 Phaedon.
400 1323 429 1380 p.
453 1306 512 1362 285
540 1305 643 1380 (adp.
669 1308 724 1362 llll
741 1303 800 1382 C),
827 1306 906 1364 velut
934 1305 1004 1364 illud
1032 1307 1134 1365 Xeno-

78 1411 195 1487 phontis
217 1429 254 1468 ex
276 1411 353 1471 Hell.
378 1412 427 1480 V,
453 1415 479 1480 1,
506 1415 555 1468 10:
585 1399 718 1490 ε”νθαῆ
747 1407 937 1495 Τριπυργία
971 1410 1134 1485 καλεῖται,

77 1527 106 1574 et
129 1517 166 1574 ed
187 1517 335 1577 Plutarch.
349 1517 483 1593 11p.901
511 1525 541 1572 et
562 1514 725 1574 Schoelerus
747 1517 776 1574 in
795 1517 855 1576 ind.
880 1518 996 1576 Graecit-
1009 1519 1046 1576 ad
1059 1518 1134 1578 Gre-

76 1643 141 1700 gor.
162 1621 293 1682 Corinth.
316 1643 344 1699 p.
369 1625 441 1692 986;
465 1623 578 1691 Latina,
601 1640 665 1696 quas
684 1641 779 1692 nemo,
804 1625 882 1698 quod
903 1625 1009 1692 sciam,
1031 1625 1135 1701 attigit,

76 1731 140 1788 hae
161 1741 240 1786 sunt:
262 1729 409 1788 Ciceronis
439 1748 492 1806 pro
515 1727 627 1786 Cluent.
656 1731 710 1797 15,
743 1731 797 1786 ta:
828 1730 1024 1789 Martiales
1054 1731 1134 1806 qui·

76 1837 157 1893 dam
179 1835 305 1893 Larini
327 1835 627 1912 appellabantur3
659 1834 786 1892 eiusdem
818 1836 855 1894 de
878 1837 954 1914 legg.
977 1838 1010 1908 1,
1034 1837 1066 1895 8:
1093 1855 1135 1894 ex

77 1959 151 2016 quo
185 1959 268 1998 vere
299 1942 357 2000 vel
394 1941 545 2018 agnatio
578 1941 686 1999 nobis
717 1959 793 1999 curm
827 1943 1055 2001 caelestibus
1077 1941 1136 1999 vel

75 2065 166 2124 gens
191 2047 248 2104 vel
274 2048 387 2124 stirps
415 2046 599 2123 appellari
621 2055 744 2123 potest
766 2048 808 2118 (id
831 2059 887 2106 est:
915 2069 953 2108 ox
973 2067 1031 2124 quo
1052 2047 1136 2106 nobis

76 2153 242 2211 coniunctio
268 2171 293 2210 c.
310 2172 334 2211 e.
352 2164 404 2222 ost,
416 2171 481 2228 quas
500 2152 641 2228 appellari
656 2152 777 2228 possit);
801 2155 879 2213 Livii
892 2155 982 2232 ipsius
996 2155 1135 2224 XXXII,

55 2263 131 2320 '392
154 2260 257 2318 Haud
279 2259 406 2335 procul
427 2259 518 2316 urbe
540 2259 654 2334 (Argis)
676 2259 866 2335 Mycenica
886 2270 1055 2336 vocatum
1072 2259 1132 2318 Pli-

73 2367 116 2424 nii
139 2365 205 2441 (etsi
228 2365 288 2422 eius
310 2365 404 2423 oratio
425 2365 500 2422 dura
521 2373 550 2422 et
570 2365 718 2424 incondita
739 2385 758 2424 a
779 2366 904 2425 Liviana
926 2367 1013 2442 longe
1033 2366 1133 2439 distat)

74 2477 115 2533 H.
139 2473 179 2530 N.
201 2473 256 2542 IV,
281 2475 296 2528 l
321 2490 344 2532 s.
372 2473 420 2529 12:
443 2471 553 2528 Locri
578 2471 712 2528 deinde
733 2473 983 2548 Epicnemidii
1005 2491 1133 2548 cogno·

74 2579 277 2648 minantur,
298 2577 383 2635 olim
407 2577 560 2654 Leleges
582 2577 763 2654 appellati
796 2580 865 2653 (hoc
887 2589 943 2638 est:
968 2578 1134 2653 Sequuntur

74 2685 182 2743 deinde
204 2683 305 2754 Locri,
327 2683 375 2760 qui
410 2682 457 2760 ..)
487 2694 516 2740 et
537 2703 562 2741 c.
586 2687 603 2740 5
625 2701 648 2740 s.
674 2685 725 2741 15:
756 2684 799 2742 In
832 2703 872 2742 eo
894 2702 1000 2744 cursu
1032 2685 1135 2756 [Penei

75 2791 190 2861 amnis)
213 2793 348 2867 Tempe
371 2799 559 2850 vocantur.
618 2791 683 2849 Nec
704 2788 797 2860 aliter,
818 2789 872 2848 nisi
895 2792 973 2866 quod
994 2789 1050 2849 loci
1075 2789 1135 2866 sig-

74 2896 206 2954 nificatio
227 2897 384 2965 omittitur,
403 2893 520 2954 Curtius
542 2895 621 2967 vn,
648 2899 682 2952 17
706 2895 794 2954 dixit:
825 2895 928 2956 Siros
949 2898 1136 2962 vocabant

75 3002 246 3072 barbari,
276 3021 365 3077 quos
392 3002 444 3060 ita
471 3001 646 3060 sollerter
677 3001 911 3060 abscondunt
939 3010 993 3060 etc.
1017 3002 1057 3075 (id
1079 3012 1135 3060 est:

75 3107 237 3166 Habebunt
258 3107 385 3178 barbari,
406 3127 480 3184 quos
502 3107 578 3166 siros
598 3107 768 3182 vocabant).

163 3210 235 3289 Cap.
260 3218 296 3284 7,
331 3217 364 3275 3:
398 3215 475 3272 Hoc
507 3224 680 3289 quantum
714 3215 873 3285 intersit,
907 3213 937 3272 si
958 3233 1136 3290 nunquam

76 3318 193 3386 aliae,
234 3321 372 3378 Punico
404 3319 568 3396 proximo
602 3330 703 3379 certe
735 3321 835 3380 bollo
867 3320 1011 3398 experti
1037 3319 1136 3378 ostis.

76 3425 129 3483 Sic
151 3425 265 3484 codices
286 3435 315 3484 et
335 3426 601 3497 Weissenbornius3
623 3447 691 3486 nam
712 3426 876 3503 superiores
897 3426 1059 3484 ediderant:
1071 3428 1136 3485 Pu·

76 3533 162 3590 nico
182 3541 281 3590 certe
304 3532 470 3607 proximo
503 3533 609 3596 bello.
668 3533 825 3592 Senserant
847 3531 940 3602 enim,
962 3531 1020 3588 duo
1042 3531 1137 3589 ediec-

149 3791 267 3840 rolnmen
286 3790 405 3839 editionis
423 3788 675 3840 Weissenborniana
693 3789 797 3840 alterius
828 3790 909 3854 (apud
927 3789 1137 3856 Weidmannam)

150 3883 245 3948 accepi.
290 3881 329 3930 lbi
354 3897 410 3947 per
433 3882 598 3933 Umbriam
630 3882 782 3931 attractione
809 3883 903 3932 dictum
934 3884 1069 3949 exponitur
1092 3900 1138 3950 pro

148 3977 212 4026 hoc:
231 3989 288 4041 per
305 3973 469 4024 Umbriam
488 3983 520 4024 et
542 3989 607 4024 eam
627 3973 754 4038 quidem
774 3983 906 4040 partem,
925 3990 1025 4039 qoam.
1073 3975 1137 4027 llam

148 4069 305 4120 attractionis
324 4066 431 4118 formata
450 4082 503 4118 non
523 4082 620 4118 noram
