2800 4646
313 258 370 308 Lib.
388 257 475 312 XXll.
782 264 843 320 242

364 440 438 517 Cap.
464 444 512 511 24,
539 443 572 498 8:
594 441 709 500 Simul
731 451 766 500 ot
787 461 851 517 per
874 463 1006 502 aversa
1026 455 1151 504 castra
1175 449 1338 506 ecastris

278 546 500 603 Hannibalis
534 547 728 622 equitatus
751 549 927 621 (Romanus)
947 569 1024 608 cum
1056 551 1130 608 levi
1154 563 1340 610 armatura

278 651 433 708 emissus
450 651 485 707 in
506 649 798 710 frumentatores
819 653 894 710 late
916 655 1043 712 casdem
1066 655 1266 731 fugamque
1281 657 1339 713 ho-

278 757 384 813 stium
412 755 618 832 palatorum
641 756 742 815 fecit.
789 758 825 814 In
846 760 903 816 hac
924 760 1055 818 codicum
1079 763 1222 837 scriptura
1251 781 1338 836 quum

277 861 531 936 iuredisplicerent
553 880 690 938 aversa
711 871 866 920 caetrae
881 864 1339 936 castriellannibaliafere

278 984 314 1021 eo
336 965 553 1034 decursarunt,
570 977 601 1022 ut
622 967 822 1024 omitterentur
844 969 935 1025 verba
957 989 973 1024 e
995 971 1130 1028 castris
1143 972 1272 1042 Harum,
1286 973 1339 1028 nisi

281 1070 359 1144 quod
382 1071 637 1128 Weissenbornius
674 1071 784 1146 aiiquid
818 1073 960 1131 excidisse
992 1075 1154 1150 suspicatus
1187 1085 1245 1144 est,
1274 1095 1347 1150 qun·

279 1176 404 1251 suspicio
426 1177 482 1233 hoc
506 1176 623 1250 quidem
645 1177 718 1242 loco,
741 1177 791 1234 ubi
812 1177 882 1234 nihil
905 1179 1022 1235 omnino
1047 1179 1267 1237 adsentantiem
1289 1199 1339 1237 ex-

279 1282 415 1357 plendam
437 1283 593 1356 requiritur
614 1281 836 1356 necquicquam
858 1285 984 1340 occurrit
1004 1283 1204 1358 supplementi,
1219 1286 1248 1342 in
1261 1285 1337 1360 quod

277 1387 328 1444 illa
350 1388 442 1444 verbs
462 1395 530 1461 apte
554 1387 748 1455 includantur,
769 1387 878 1444 nullam
894 1388 982 1445 habet
995 1389 1242 1463 probabilitatem.
1280 1391 1337 1448 Sed

277 1491 391 1550 omissis
419 1491 474 1548 illis
500 1509 605 1566 parum
626 1491 732 1548 usitate
759 1511 823 1566 per
852 1510 985 1550 aversa
1022 1504 1146 1550 castra
1178 1493 1283 1550 dicitur
1304 1495 1339 1550 de

276 1615 384 1654 aversa
408 1605 569 1652 castrorum
592 1606 677 1672 parte
691 1597 738 1652 vel
758 1597 855 1672 potius
877 1598 913 1654 de
935 1617 1039 1656 aversa
1056 1611 1217 1656 castrorum
1236 1607 1336 1672 porta;

277 1721 372 1776 neque
399 1701 474 1757 enim
507 1720 570 1776 per
592 1710 715 1758 castra
746 1702 794 1773 (ne
814 1721 868 1776 per
889 1714 1001 1776 partem
1024 1704 1138 1777 quidem
1161 1707 1336 1772 castrorum)

277 1807 460 1873 emittuntur,
483 1806 531 1878 qui
559 1806 661 1862 castris
685 1806 879 1880 egrediuntur.
923 1809 997 1865 Mihi
1019 1808 1134 1882 quidem
1157 1807 1248 1864 multo
1270 1827 1336 1882 pro·

277 1911 401 1969 babilius
430 1909 544 1966 videtur
564 1921 689 1966 castra
710 1931 728 1968 a
749 1912 829 1968 mala
850 1932 937 1970 manu
960 1913 1220 1987 accessissc,quum
1237 1913 1337 1971 Livius

275 2015 450 2090 scripsisset:
472 2033 535 2090 par
557 2033 690 2072 aversa
712 2035 731 2072 a
747 2017 818 2089 (ab)
839 2019 974 2076 castris
999 2018 1221 2075 Hannibalis
1241 2019 1336 2092 equi·

276 2129 377 2175 tatus
491 2120 657 2188 emissus,
679 2122 735 2178 hoe
757 2131 809 2192 est,
832 2141 884 2197 per
905 2141 969 2179 eam
982 2132 1094 2197 partem
1111 2122 1334 2196 agricircumia·

276 2225 374 2293 centis,
397 2242 461 2298 quae
472 2243 490 2280 a
501 2224 605 2280 castris
624 2225 799 2283 Hannibalis
821 2245 925 2285 aversa
940 2237 1004 2284 crat
1025 2235 1115 2301 (pona
1136 2228 1272 2286 Romana
1286 2249 1334 2286 ca-

276 2335 357 2396 stra).
423 2333 566 2404 Apparet,
589 2329 639 2404 qui
661 2331 699 2386 ad
721 2350 870 2403 aversa,
895 2331 973 2406 quod
996 2331 1127 2388 absolute
1148 2333 1277 2407 positum
1303 2333 1334 2389 li·

276 2435 389 2492 brariae
412 2453 470 2491 non
492 2433 681 2509 intelligebat,
703 2437 828 2494 adscribi
850 2437 977 2512 potuerit
1000 2445 1140 2506 caetra3
1167 2438 1197 2494 in
1218 2438 1335 2512 reliquis

276 2559 364 2596 unam
388 2539 512 2596 litteram
537 2540 568 2612 (a
590 2559 644 2614 pro
668 2543 698 2602 a)
723 2541 845 2598 mutavi.
930 2541 1060 2600 Gravior
1082 2542 1224 2600 dubitatio
1247 2551 1334 2600 restat

274 2645 467 2720 paulopost,
491 2661 525 2698 eo
557 2643 701 2702 difficilior
723 2646 884 2721 explicatu,
907 2646 994 2720 quod,
1016 2665 1194 2722 quamquam
1218 2667 1272 2722 per
1293 2658 1335 2704 to·

275 2759 337 2806 tum
359 2751 415 2805 hoc
437 2755 541 2822 caput,
561 2757 658 2806 tamea
677 2748 718 2807 ibi
740 2753 767 2821 (ξ
787 2754 804 2808 9
828 2761 857 2808 et
875 2747 927 2828 10)
951 2751 1077 2808 maxime
1099 2761 1231 2827 apparet,
1245 2771 1335 2827 quan·

274 2863 375 2928 topere
399 2853 501 2910 Livius
522 2851 678 2910 dilucidam
700 2855 817 2931 Polybii
839 2856 1033 2913 narrationem
1058 2857 1137 2928 (111,
1167 2861 1239 2924 101,
1266 2857 1335 2931 102)

275 2957 406 3032 quaedam
429 2957 491 3014 sine
523 2956 634 3014 delectu
663 2959 899 3033 cobaerentiaeque
921 2978 991 3017 cura
1012 2962 1194 3036 excerpendo
1216 2971 1246 3019 et
1267 2963 1336 3019 flos·

274 3063 354 3120 culos
365 3063 525 3120 rhetoricos
546 3061 678 3119 addendo
691 3063 865 3138 perverterit
877 3065 1121 3123 etobscuraverit.
1151 3069 1186 3124 In
1196 3067 1250 3132 ‚tali
1260 3069 1336 3124 anim

275 3167 340 3225 loco
363 3169 432 3243 quid
455 3167 564 3225 dictum
586 3187 644 3224 non
667 3169 813 3226 dictumve
834 3169 872 3226 sit
893 3171 1143 3244 atquibusvarbis
1156 3190 1274 3246 quoque
1290 3191 1336 3228 or·

274 3273 349 3342 dine,
372 3272 488 3330 difficile
508 3282 553 3328 est
573 3273 710 3332 iudicare.
759 3275 924 3347 (Flosculos
944 3276 1058 3333 additos
1075 3295 1163 3352 quum
1178 3277 1253 3348 dico,
1278 3277 1336 3353 sig·

274 3378 358 3436 nilico
391 3389 420 3436 et
447 3379 518 3436 illud
540 3395 648 3452 supra,
685 3380 759 3450 §³2
782 3378 937 3436 emblema:
971 3381 1065 3453 quod
1091 3381 1234 3438 minime
1255 3382 1336 3456 quis

274 3485 464 3554 crederet,
494 3483 524 3541 in
556 3502 614 3556 quo
640 3481 793 3542 Creverius
823 3484 885 3541 iure
902 3483 998 3559 haesit5
1022 3515 1058 3526 -
1083 3485 1151 3560 quid
1173 3485 1249 3543 enim
1272 3486 1337 3543 miri

274 3597 327 3658 est,
350 3607 438 3663 quum
463 3587 557 3646 hostis
578 3588 699 3664 propior
720 3589 772 3659 sit,
794 3607 813 3646 a
834 3589 912 3646 bono
932 3589 1109 3663 imperatore
1130 3589 1220 3646 minui
1241 3592 1336 3666 pabu-

275 3796 473 3806 ———-—-—

343 3918 402 3966 dina
427 3929 531 3981 peracta
552 3919 657 3980 dicitur,
681 3918 758 3968 modo
782 3918 972 3979 Romanorum,
1003 3933 1056 3968 non
1083 3919 1335 3984 Carthaginiensium

341 4023 451 4060 nomme.
