2800 4646
310 278 368 332 Lib.
387 277 474 328 xxu.
777 277 836 334 236

209 447 213 457 ’
274 460 450 520 Hannibalis
474 461 680 519 coniecturam.
734 459 829 516 Paulo
851 469 918 533 post
948 460 976 532 (ξ
1000 455 1034 535 6)
1060 467 1138 516 reete
1165 457 1337 517 Gronovius

273 569 303 624 in
324 568 419 643 prIma
441 576 576 624 notarum
600 565 727 622 editione
759 563 846 622 scribi
868 561 1017 620 voluerat:
1047 563 1193 621 levibus
1225 581 1337 638 proc·

275 674 337 730 liis
466 671 579 728 factis
613 689 667 746 pro
699 669 804 726 actis.
846 665 924 726 Nam
956 668 1148 743 proelium,
1180 685 1337 743 pugnam

272 795 384 851 agere
410 776 440 832 in
464 793 553 850 prose
581 775 712 833 oratione
733 793 819 832 nemo
840 773 934 831 bonus
956 784 1007 831 aut
1030 773 1183 831 mediocris
1212 775 1339 849 scriptor

273 882 348 938 dixit
375 881 445 956 (non
478 881 571 956 magis
599 899 687 956 quem
717 881 850 938 bellum
873 898 997 954 agere,
1033 880 1069 937 de
1104 897 1161 954 quo
1196 879 1338 936 admorml

274 985 401 1044 breviter
422 1006 450 1062 p.
480 987 537 1043 tus
559 983 646 1063 not),
668 987 802 1061 quamvis
824 985 1016 1044 corrodantur
1038 987 1083 1056 (ut
1103 1003 1122 1042 a
1143 985 1338 1042 Drakenbor-

272 1091 339 1149 chio
359 1093 397 1150 ad
420 1091 481 1151 Liv.
505 1091 573 1166 epit.
598 1092 655 1163 49)
677 1093 764 1166 pauci
784 1091 968 1150 librariorum
991 1090 1021 1146 in
1041 1091 1256 1165 permutatione
1279 1110 1337 1148 non

273 1215 342 1254 rara
364 1195 513 1268 (Iactus,
536 1196 652 1268 actus)
676 1215 788 1253 errores
811 1206 863 1254 aut
882 1197 963 1254 locus
980 1214 1054 1253 unus
1076 1205 1105 1252 et
1119 1195 1193 1252 alter
1215 1216 1233 1253 a
1247 1209 1337 1272 poeta

273 1321 358 1359 versu
381 1310 503 1378 cogente
525 1308 576 1357 aut
597 1317 662 1356 eum
683 1301 824 1377 singulari
847 1301 946 1376 aliqua
968 1302 1179 1376 significatione
1200 1303 1336 1378 scriptus.

356 1403 415 1464 lIn
437 1425 502 1482 cap.
528 1409 575 1474 10,
599 1408 615 1464 3
644 1405 737 1482 Lipsii
758 1406 998 1478 emendationem,
1020 1426 1088 1483 que,
1109 1408 1338 1482 transpositione

273 1511 369 1579 fecta,
399 1531 435 1570 ea
466 1513 693 1588 coniunguntur,
723 1530 788 1586 quaa
812 1513 953 1570 sententia
975 1523 1003 1570 et
1024 1513 1200 1570 narrationis
1229 1525 1337 1572 natura

270 1619 417 1675 cohaerent
439 1617 550 1690 (hleoe
577 1617 727 1688 duellis,
763 1618 858 1692 quod
891 1618 1068 1689 duellum,
1101 1627 1180 1676 tum:
1202 1619 1336 1676 donum

272 1723 367 1792 duit,
392 1723 488 1797 quod
510 1741 573 1780 ver
594 1722 788 1796 attulerit),
810 1733 877 1798 post
899 1723 1083 1782 Gronovinrn
1105 1741 1164 1780 non
1186 1743 1338 1782 commen-

273 1829 360 1898 dabo,
382 1845 475 1902 neque
497 1829 665 1903 explicabo,
698 1846 784 1902 quarn
807 1846 947 1902 perversa
973 1829 1046 1899 sint,
1075 1848 1139 1904 quae
1167 1830 1338 1905 excogitate

273 1933 398 1990 suntad
421 1932 631 1990 defendendam
653 1933 785 1990 codicum
808 1933 982 2007 scripturam
1012 1935 1091 1992 omni
1113 1934 1254 1992 orationis
1279 1935 1337 2010 legi

272 2047 301 2094 et
328 2038 466 2094 iuncturae
493 2047 703 2114 repugnantem
741 2038 783 2111 (in
805 2056 864 2112 qua
887 2047 954 2113 post
975 2039 1118 2114 apoduein
1141 2039 1338 2115 interponitur

272 2143 415 2200 sententia
435 2141 559 2201 relativa
580 2143 738 2200 adnomen
759 2144 789 2200 in
804 2143 915 2218 protasi
934 2144 1059 2217 positum
1083 2145 1208 2213 adnexa,
1230 2146 1336 2202 deinde

274 2255 370 2304 autem
404 2247 497 2305 altera
528 2249 671 2306 sententia
702 2249 826 2307 relativa
858 2247 985 2304 adheret
1021 2249 1130 2306 nomini
1159 2251 1188 2306 in
1211 2251 1336 2325 apodosi

273 2353 380 2430 posito,
394 2354 644 2428 accommodata),
671 2355 751 2412 velut
773 2355 852 2429 quod
874 2371 968 2428 nuper
996 2353 1261 2423 Weissenboniius,
1285 2358 1337 2412 etsi

274 2459 397 2526 dubitat,
423 2468 520 2516 tamen
542 2461 617 2518 hanc
639 2459 838 2517 confusionem
860 2457 971 2531 antiqui
994 2458 1102 2532 aliquid
1123 2459 1231 2516 habere
1253 2471 1336 2535 putat

274 2575 303 2622 et
331 2564 457 2622 fortasse
487 2585 525 2622 ex
554 2575 669 2624 vetusto
701 2564 781 2621 fonte
809 2583 827 2620 a
860 2563 945 2620 Liuio
976 2572 1117 2622 retentam
1140 2581 1220 2634 esse,
1252 2566 1336 2640 quasi

275 2671 429 2745 quicquam
453 2671 490 2727 sit
511 2671 656 2746 antiquius
670 2682 699 2729 et
714 2679 843 2728 veterum
865 2668 1055 2726 formularum
1076 2669 1168 2744 tnagis
1184 2671 1337 2745 proprium

275 2795 363 2851 quam
373 2777 435 2834 haec
454 2777 519 2851 ipse
530 2776 559 2833 in
571 2777 753 2834 substantivo
764 2775 938 2851 geminando
951 2773 1112 2848 diligentia:
1136 2775 1239 2831 hisce
1262 2777 1339 2833 bel·

275 2881 331 2951 lis,
347 2881 443 2955 quod
464 2881 598 2938 bellurn
617 2931 619 2936 .
639 2925 665 2942 ..
684 2900 835 2956 quaque
855 2879 962 2937 bella.
986 2880 1126 2954 (Prorsus
1140 2881 1268 2938 eiusdem
1285 2901 1339 2957 ge·

276 2986 352 3042 neris
374 2985 538 3062 exemplum
562 2987 710 3044 sententies
731 2987 796 3044 loco
811 3005 864 3043 suo
888 2995 972 3042 note
996 2985 1118 3042 alterurn
1143 2985 1172 3042 in
1194 2986 1250 3043 hoc
1272 2987 1339 3061 ipso

275 3091 350 3148 libro
372 3110 397 3148 c.
421 3093 469 3162 38,
492 3092 509 3147 2
533 3111 551 3148 a
573 3089 711 3150 Creverio
734 3103 762 3148 et
784 3090 1024 3148 Drakenborchio
1046 3101 1177 3148 notatum
1201 3100 1255 3160 est,
1287 3095 1340 3150 nbi

277 3197 529 3254 WeissenbornIus
566 3197 671 3254 iniuria
705 3197 932 3254 additamentum
964 3197 1083 3252 subesse
1109 3207 1211 3271 putat,
1256 3199 1341 3256 cuins

277 3299 347 3356 nihil
368 3301 397 3357 in
419 3301 518 3360 codice
540 3303 697 3378 archetypo
719 3302 804 3360 huius
826 3301 942 3359 decadis
963 3301 1057 3358 simile
1080 3301 1235 3378 reperitur3
1265 3303 1340 3360 alte·

278 3425 340 3462 rum
363 3424 521 3482 coarguam
544 3407 573 3463 in
594 3407 669 3465 libro
693 3407 798 3476 XXX,
833 3408 877 3475 12,
901 3409 932 3474 33
964 3407 993 3462 in
1015 3408 1110 3482 prima
1131 3409 1241 3465 decade
1262 3409 1341 3466 cius·

277 3511 422 3568 deminodi
455 3512 641 3587 transpositio
670 3521 772 3569 notata
805 3521 849 3568 est
877 3512 951 3569 libro
975 3513 1064 3582 VIII,
1099 3517 1144 3580 10,
1178 3515 1212 3568 ta
1237 3523 1267 3570 et
1296 3517 1341 3583 13,

277 3617 326 3674 ubi
351 3618 437 3674 etiarn
461 3637 476 3674 e
507 3626 612 3691 quarta
639 3627 667 3674 et.
698 3617 798 3691 quinta
828 3617 962 3692 exempla
993 3617 1099 3692 posui.)
1152 3617 1219 3674 IIoc
1250 3618 1342 3693 igitur

278 3721 367 3780 misso
391 3723 529 3780 minorem
551 3741 612 3778 rern
635 3740 731 3797 agam.
776 3715 854 3779 Nam
878 3724 956 3796 quod
978 3723 1019 3780 sic
1042 3723 1190 3780 scribitur:
1215 3722 1341 3780 datum

278 3829 406 3885 donum
429 3828 521 3892 duit,
551 3826 687 3901 quicquid
710 3827 878 3885 Gronovius
900 3829 1026 3900 molitur,
1052 3828 1138 3904 plane
1168 3845 1340 3904 perversum

279 3941 323 3988 est
345 3933 467 3990 datum
499 3931 629 3988 donum
652 3933 737 3990 dare
764 3933 989 4009 longissimeque
1020 3933 1143 4001 distant,
1173 3951 1238 4007 qnae
1261 3953 1340 3992 conr-

278 4044 428 4111 parantur‚
459 4037 488 4094 in
511 4037 615 4111 quibus
638 4047 688 4096 aut
708 4038 877 4114 simpIIeiter
898 4037 1021 4114 repetita
1050 4039 1126 4096 ectio
1156 4037 1339 4112 significatur
