2800 4646
320 273 378 322 nn.
397 273 470 323 m
786 277 845 335 m

286 459 540 536 ΝΜ,
571 447 1336 535 Pmafflffll’flfflfflffl

287 563 384 640 itaque
411 584 465 640 pro
492 564 607 621 sintili
628 583 686 620 non
714 566 818 622 missi
844 567 1044 626 scribendum.
1075 575 1111 620 ut
1132 579 1197 618 cum
1221 553 1337 612 teneri

285 671 485 746 coniungetur,
507 671 560 726 sed
581 670 714 737 missis,
737 683 769 728 nt
792 691 858 730 cnm
879 674 1003 730 edicto
1023 666 1229 746 proposito.
1263 661 1336 718 Nam

286 777 479 836 missitant
500 775 601 833 missi
628 777 748 833 subesse
769 789 798 834 et
818 779 857 835 nb
889 780 1022 853 Itaque
1053 793 1160 832 noram
1193 768 1337 846 paludum

286 884 426 960 incipere.
457 883 642 958 perspicuum
672 895 725 944 est.
780 885 876 942 Totus
902 886 991 960 igitur
1011 883 1091 939 locus
1114 881 1157 936 sic
1177 874 1338 934 scribendus

286 999 343 1048 est:
379 988 574 1064 Extemplo
604 997 637 1044 et
670 997 867 1071 spretore
893 993 995 1053 eirca
1031 989 1206 1048 civitates
1243 977 1338 1037 missi

287 1095 406 1172 legati
428 1093 661 1168 tribunique,
689 1096 750 1170 qui
771 1113 858 1153 suos
880 1097 924 1153 ad
948 1113 1069 1154 curam
1090 1089 1267 1149 custodiae
1287 1087 1338 1142 in·

287 1201 532 1268 tenderentei
553 1211 636 1258 ante
661 1202 991 1278 omnieLilybsenm
1008 1191 1338 1270 tenerimrepere')

286 1313 462 1388 apparui!
483 1306 591 1369 betti.
619 1307 740 1366 edicto
763 1309 974 1384 proposito.
1011 1317 1048 1362 ut
1071 1304 1163 1362 socii
1189 1299 1338 1358 navales

287 1415 410 1472 decern
427 1413 565 1470 dierum
583 1423 690 1470 cocta
712 1415 853 1470 ciboria
871 1415 914 1470 ed
935 1431 1047 1468 naves
1071 1403 1339 1467 deferrent.nbi

287 1521 429 1596 signum
452 1519 573 1576 datum
597 1529 708 1587 esset,
741 1539 783 1576 ne
807 1521 892 1600 quta
924 1537 1058 1576 morem
1077 1509 1339 1574 conscendendi

288 1629 434 1698 laceret,
456 1643 593 1702 perque
614 1644 750 1682 omnem
774 1644 891 1694 orant,
921 1626 981 1700 qui
1009 1643 1052 1680 ex
1073 1621 1234 1699 speculis
1256 1637 1339 1694 pro-

287 1735 471 1809 spicerent
508 1731 771 1788 adventantem
805 1732 962 1788 bostium
1000 1729 1177 1789 classem.
1211 1725 1339 1788 nlssls.

288 1839 362 1896 lllud
385 1838 476 1906 addo,
510 1847 544 1894 et
566 1847 633 1912 post
654 1837 892 1894 intenderent
919 1837 1061 1894 excidisse
1092 1855 1151 1891 non
1172 1827 1338 1906 infrequenti

287 1943 419 2019 exemplo
441 1944 522 2018 (post
544 1953 592 2012 nt,
614 1941 666 2002 cir.
690 1943 731 2012 X,
755 1943 803 2010 21,
826 1946 854 2010 6,
877 1943 997 2012 XXIV,
1019 1947 1047 2008 l,
1072 1945 1119 2011 5),
1143 1951 1208 2016 post
1230 1937 1339 1995 deler-

288 2061 367 2110 rent
387 2051 515 2107 additum
538 2069 610 2116 esse,
634 2049 712 2124 qnod
734 2048 940 2105 sententiarum
963 2048 1125 2104 coniunctio
1143 2065 1201 2103 non
1214 2041 1339 2102 animad-

288 2151 485 2228 vertcrctnr¹).
528 2155 630 2212 Potuit
653 2155 740 2210 etism
760 2155 861 2213 scribi:
882 2167 928 2224 nt,
949 2155 1012 2210 ubi
1088 2171 1131 2212 ne
1152 2151 1238 2228 quid
1259 2159 1309 2206 cet.

377 2259 450 2336 Cap.
474 2264 529 2330 51,
561 2265 595 2318 t:
626 2261 702 2318 Nec
732 2261 925 2335 quisquam
958 2261 1121 2318 hostium
1155 2259 1254 2316 circa
1286 2269 1340 2310 eas

288 2365 428 2424 insulas
452 2365 610 2438 (Vulcani)
635 2367 825 2436 inventns;
850 2367 919 2424 iam
942 2366 1043 2425 forte
1064 2365 1339 2423 transmiserant

288 2471 331 2528 ad
353 2472 578 2530 vastandam
603 2472 725 2529 ltaliae
753 2491 864 2529 oram.
899 2473 1088 2530 Scribendurn
1110 2489 1173 2528 esse
1194 2489 1281 2534 nam,
1302 2466 1338 2538 ip·

287 2595 349 2634 sum
372 2577 539 2634 adverbium
562 2576 659 2634 forte
682 2578 870 2647 demonstrat,
893 2578 971 2652 qnod
986 2597 1046 2635 rem
1065 2597 1134 2634 casu
1156 2577 1275 2644 iactam,
1289 2589 1338 2628 non

287 2683 396 2740 consilii
419 2693 485 2739 ante
507 2682 584 2758 cepti
606 2685 821 2742 exsecutionem
844 2684 1004 2759 significat,
1037 2685 1073 2741 de
1103 2703 1162 2759 qua
1193 2681 1259 2739 sols
1279 2674 1338 2755 poni

288 2789 501 2864 quodammodo
524 2788 594 2844 iam
617 2799 746 2864 poternt3
768 2789 822 2846 etsi
845 2789 892 2846 vel
914 2791 955 2846 sie
964 2789 1064 2846 Livius
1080 2789 1257 2866 scripsisset:
1277 2787 1338 2842 iant

288 2895 388 2954 enim.

374 2999 447 3074 Cep.
473 3001 521 3068 52,
550 3005 579 3057 ll
608 3019 696 3075 quum
719 3001 747 3058 in
770 3001 917 3059 codicibus
935 2999 1013 3075 (PC)
1025 3001 1211 3058 scriberetur:
1233 2999 1339 3057 Vnria

306 3305 328 3368 ¹)
354 3311 415 3362 liae
441 3313 517 3362 totius
543 3313 592 3362 loci
620 3315 765 3366 emendatio
786 3316 838 3364 iam
863 3315 931 3378 apud
951 3314 1132 3378 ingerslevium
1160 3316 1276 3379 exposito
1297 3321 1338 3368 cst,

355 3405 401 3456 nial
420 3407 488 3470 quod
507 3407 541 3456 ibi
561 3407 598 3456 od
618 3421 815 3472 apparatum
835 3409 916 3457 belli
935 3407 1046 3456 edicto
1064 3409 1239 3474 proposito
1258 3404 1339 3458 acribi-

356 3507 402 3548 tur.
456 3499 698 3560 Weissenbornina‚
723 3501 766 3564 qui
785 3511 862 3552 anteo
879 3509 947 3550 reete
978 3499 1154 3558 intellexerat,
1185 3499 1337 3550 scribendum

356 3605 425 3642 csse:
444 3608 460 3641 a
480 3601 621 3656 pretore
641 3592 736 3640 circe
756 3593 929 3650 civitates,
947 3593 973 3640 in
991 3593 1050 3642 edit.
1069 3592 1282 3642 Weidmanniana
1298 3603 1338 3637 nc·

354 3685 407 3733 acio
424 3699 474 3747 qno
493 3699 577 3734 errore
603 3693 628 3733 et
659 3685 684 3732 in
703 3683 769 3733 Livii
799 3685 915 3736 oratione
937 3693 962 3732 et
980 3685 1007 3733 in
1034 3686 1237 3735 coniecturarum
1262 3684 1337 3733 indice

355 3777 391 3836 (ln
410 3777 459 3825 fine
478 3777 629 3840 voluminis)
647 3776 733 3841 posuit
752 3777 843 3826 eirca
861 3778 899 3826 ad
919 3777 1096 3837 civitates,
1121 3780 1190 3841 qnod
1209 3779 1336 3828 barbarum

354 3879 404 3929 cst,
425 3871 450 3919 in
469 3871 635 3920 adnotatione
655 3878 741 3919 tamen
759 3883 823 3918 verae
842 3867 931 3918 iorntoe
949 3871 1073 3936 exemplis
1104 3872 1199 3930 utitur,
1225 3880 1335 3934 tanquam

355 3977 385 4011 eo
403 3962 429 4010 in
447 3969 570 4012 contextu
589 3965 672 4027 posita
693 3964 734 4012 sit.
773 3961 824 4012 Pro
842 3963 949 4012 simili
973 3966 1057 4029 posuit
1076 3965 1168 4013 missi
1189 3971 1336 4027 tanquamt

355 4069 380 4102 se
399 4054 540 4108 inventum.
