2820 4646
615 258 673 310 575
1009 254 1065 304 Lib.
1078 254 1175 304 XLIV.

111 444 180 511 poet
200 434 365 494 malebat
386 435 537 492 subiicitur
560 437 623 492 aed
645 455 710 494 eum
733 437 875 494 sententia
895 437 1007 496 infinita
1028 440 1177 513 (mavult

112 541 214 610 dare,
246 540 308 598 aed
328 551 460 616 poetea
497 541 682 610 daturum,
714 551 746 599 ut
776 542 912 600 audiatur
944 544 1056 620 dicit).
1117 546 1175 607 Sed

112 647 225 706 accedit
246 647 305 704 alia
326 647 473 722 pravitae3
507 666 572 722 quae
603 658 647 704 eet
673 647 748 705 enim
771 648 833 705 here
860 649 972 720 oratio,
1004 660 1037 708 ut
1068 653 1175 710 melle

110 773 170 811 non
191 770 327 810 moneare
348 751 470 821 dicetur,
494 753 553 827 qui,
575 772 664 828 quum
689 753 812 810 alterurn
833 772 891 811 non
913 754 1033 826 dederit,
1054 755 1174 814 alterum

112 877 172 916 nou
193 856 326 916 recuset?
356 867 407 914 aut
429 875 494 932 quea
523 869 568 915 eat
588 859 650 916 hmo
669 858 805 916 voluntas
823 867 875 916 aut
895 860 981 917 etiam
1003 862 1101 937 potior
1120 883 1175 922 vo·

110 965 210 1022 luutee
230 982 289 1021 non
311 962 483 1022 recusandi?
527 965 682 1022 Postremo
715 983 752 1022 ne
781 963 853 1021 ordo
879 967 1034 1024 verborum
1059 970 1175 1044 quidem

110 1078 208 1128 motus
240 1079 298 1139 eat;
329 1070 455 1146 primum
488 1071 564 1128 enim
599 1069 746 1128 sententie
776 1069 872 1130 locum
907 1079 1005 1130 tenere
1036 1075 1175 1146 debebat,

112 1176 194 1250 quod
216 1152 299 1234 altari
322 1176 448 1233 mercedi
469 1175 646 1234 centrarium
667 1175 799 1250 ponitur:
832 1176 867 1232 in
888 1194 985 1252 apem
1008 1179 1176 1240 Romanae

110 1282 227 1357 pecie.
283 1282 356 1340 Haec
385 1291 430 1339 tot
458 1291 599 1356 tantaque
619 1281 806 1338 incommoda
833 1300 893 1340 una
923 1280 1019 1342 littera
1050 1286 1174 1358 sublata,

112 1386 206 1444 altere
225 1387 371 1445 lenieaime
391 1395 505 1444 mutata
527 1387 553 1455 (l
575 1405 630 1462 pro
652 1385 676 1460 Ι)
699 1387 857 1445 certissime
875 1389 1021 1446 sanabunt
1041 1391 1174 1450 reddent·

111 1511 169 1567 que
191 1501 220 1550 et
232 1494 362 1563 verbum,
377 1493 454 1550 unde
465 1491 609 1550 sententia
620 1491 733 1549 infinite
749 1493 884 1568 pendeat,
906 1501 1053 1552 etreetum
1070 1499 1174 1555 verbo·

109 1619 175 1656 rum
200 1599 344 1656 ordinem:
373 1599 425 1656 ibi
459 1597 676 1669 haesitabat,
698 1607 732 1654 et
755 1598 883 1672 utique
905 1598 1056 1656 alteram
1079 1603 1175 1660 tanti

110 1705 265 1762 nominis
279 1705 428 1780 regibus¹
440 1713 580 1780 turpem
597 1722 637 1761 ae
652 1702 837 1762 sordidam
853 1712 888 1760 et
901 1703 1002 1761 danti
1016 1708 1175 1784 etmagia

111 1811 313 1888 accipienti
338 1809 540 1868 mercedem
563 1827 643 1867 aeae
665 1809 795 1872 alebat
823 1810 888 1884 (pro
919 1811 1107 1886 malebat);
1138 1814 1174 1872 in

107 1917 387 1992 apemRomanae
405 1916 509 1991 pacis
528 1933 598 1974 non
618 1933 794 1972 recusare
808 1915 1174 1992 impensam,aedeam

109 2022 300 2098 pecuniam
316 2021 483 2098 perfecte
501 2042 540 2080 re
556 2022 736 2092 daturum,
746 2031 800 2082 cet.
829 2022 956 2080 Proreus
967 2024 1175 2100 exprimuntur,

111 2147 177 2203 qum
206 2129 285 2204 apud
316 2126 472 2202 Polybium
503 2147 579 2186 nunc
616 2128 750 2204 leguntur
777 2127 806 2182 in
836 2125 1001 2203 fragmento
1028 2130 1174 2190 Vaticano

111 2233 248 2310 (XXIX,
275 2237 309 2291 le
335 2253 365 2309 p.
387 2235 462 2291 1033
478 2229 602 2309 Belrlr.):
636 2229 714 2309 περὶ
738 2227 772 2294 δὲ·
794 2230 863 2294 τῶν
884 2223 1068 2314 χρημάτων
1088 2225 1174 2317 ὑπὲρ

109 2337 176 2420 μὲν
199 2335 267 2401 τών
291 2335 525 2400 πεντακοσίων
554 2330 735 2401 ταλοῖντων
770 2329 909 2420 αἰσχρόν
937 2343 1063 2420 ἔφησεν
1085 2338 1174 2405 εἶναι

110 2443 166 2508 καὶ
202 2443 247 2526 τῷ
280 2435 408 2508 διδόντι
443 2444 498 2508 καὶ
532 2439 667 2522 μᾶλλον
705 2447 754 2505 ι’·’τι
796 2441 841 2526 τῷ
880 2434 1096 2526 λαμβάνοντι
1131 2453 1176 2518 (et

109 2552 215 2611 danti
236 2561 271 2610 et
294 2553 402 2610 etiem
425 2553 640 2629 accipienti,
659 2569 697 2608 ne
718 2551 783 2626 quia
799 2551 945 2610 ablativos
963 2551 1042 2626 apud
1059 2553 1175 2611 Livium

109 2661 212 2736 finget)
232 2647 272 2719 ari
297 2654 408 2720 δοκεῖν
437 2655 555 2739 μισθῷ
578 2653 644 2736 τήν
665 2648 811 2738 ἡσυχίαν
832 2663 931 2738 ἔχειν,
962 2647 1004 2718 rei
1030 2653 1064 2720 dl
1086 2654 1174 2740 χίλια

109 2755 165 2824 ναι
181 2752 387 2826 πεντακόσια
403 2763 557 2842 πέμψειν
580 2762 744 2845 φέροντας
754 2755 837 2833 τούς
852 2761 931 2844 περὶ
948 2754 1176 2844 Πολεμοκρά-

108 2887 174 2948 την
196 2869 244 2939 εἰς
262 2861 500 2952 Σαμοθρᾴκην
515 2859 612 2931 aciani
631 2859 879 2952 μεσιτεύεσθαι
896 2860 1174 2952 (μεσιτεύσισθαι

107 2985 162 3034 aut
183 2968 549 3056 μοσιτεσθὴσσσθαιῖ).
604 2976 663 3037 Sed
691 2979 792 3035 verar'n
816 2979 965 3037 sententie
986 2988 1015 3038 et
1036 2979 1175 3038 orationia

108 3081 235 3140 formam
282 3101 300 3140 a
331 3083 457 3160 Polybio
495 3085 659 3142 traductam
699 3083 758 3141 iam
800 3085 955 3161 Appianae
994 3086 1177 3144 monstrabat

109 3189 237 3258 (Maced.
265 3187 301 3246 fr.
330 3193 365 3247 16
396 3207 433 3246 ox
460 3190 606 3266 excerptis
625 3190 784 3262 Peneon),
816 3209 875 3266 quo
902 3193 975 3251 duce
996 3192 1112 3268 expleta
1132 3201 1177 3250 eet

108 3292 217 3352 lacuna
236 3293 266 3351 in
288 3298 303 3364 ξ
326 3299 358 3364 6;
379 3313 456 3353 σασα
478 3295 710 3372 supplementum
733 3295 875 3372 Polybius
898 3297 1058 3356 confirmat
1066 3293 1092 3373 ¹)

128 3575 151 3644 ¹)
179 3581 380 3648 Bepoaitnmhio
398 3583 507 3633 aiebat
525 3599 572 3648 pre
590 3584 735 3634 malebat
753 3584 779 3632 in
790 3584 940 3634 memoriam
952 3592 1174 3649 revocatapretam

181 3675 363 3726 incredibiliter
380 3676 407 3723 in
426 3673 558 3726 Ciceronis
575 3675 648 3724 Brut
670 3680 712 3735 to,
733 3677 765 3725 79
784 3675 932 3726 facillimam
956 3677 1175 3743 certissimamque

181 3745 290 3817 llanmii
310 3767 523 3828 emendationem,
542 3783 576 3816 ex
596 3766 950 3830 eloquentemmaliem
975 3769 1092 3820 facientia
1110 3771 1176 3820 elo·

180 3867 331 3921 quantem
350 3861 456 3920 aiunt,
477 3869 504 3910 et
527 3867 656 3910 retentem
678 3857 789 3910 fulcrum
812 3861 844 3909 ab
864 3860 1045 3925 interpolatore
1059 3863 1175 3914 additum

180 3951 302 4006 dicunt.
342 3951 452 4017 Polybio
465 3953 554 4002 Lirina
568 3953 699 4004 incedam
712 3951 779 4012 loeo,
800 3953 868 4002 nuda
880 3953 983 4004 adintua
997 3963 1044 4016 eat,
1055 3957 1175 4020 exiguam

179 4044 267 4094 reddet
285 4045 373 4094 anxilii
381 4045 499 4108 gratim.
524 4043 592 4096 Nam
608 4046 727 4110 quodibi
744 4045 851 4110 legitur:
871 4039 928 4099 tat
938 4042 1060 4116 Περσεὺς
1072 4043 1176 4115 ἐλέγετο
