2800 4646
585 275 644 332 ³99
946 274 1005 323 Lib.
1017 273 1144 324 XXXIV.

85 467 141 515 est
163 467 351 533 expertus,
383 457 583 516 convocari
616 456 787 514 tribunos
821 501 850 518 ..
885 457 1003 517 iussit.
1048 459 1143 534 Quum

85 563 224 622 Dukerus
256 563 522 632 animadvertisset,
555 563 691 620 inusitate
723 563 779 620 dici
817 563 908 622 satis
942 564 1144 636 admodum,

85 669 231 740 Haudius,
264 671 309 728 vir
340 670 370 726 in
392 671 448 727 hoc
469 687 574 744 genem
595 668 865 744 interpretationum
887 671 1144 746 excogitandorum

84 795 144 834 non
174 777 356 834 mediocriter
382 775 571 845 exercitatuS,
602 775 689 832 Tura
718 776 734 832 I
761 795 790 850 p.
829 779 899 846 171,
931 777 1021 836 Verte
1047 778 1145 846 niodo,

83 883 188 957 inquit,
220 883 277 941 ista
309 882 398 939 verba
429 881 661 956 hinlttnglich
690 899 823 956 genug,
846 899 911 956 gar
931 901 1060 960 genug;
1094 903 1144 942 ex·

81 991 231 1066 emplum,
260 989 310 1046 uhi
332 989 373 1046 sic
395 988 545 1058 diceretur,
575 1006 633 1044 non
656 986 776 1059 addidit,
799 1006 851 1044 nec
874 987 1059 1046 admodum
1082 1007 1145 1048 csse

83 1096 317 1172 hinlttnglich
338 1094 397 1152 ullo
420 1103 590 1169 argumento
612 1093 766 1170 probavit3
789 1113 825 1150 ne
846 1093 875 1150 id
897 1094 1014 1168 quidem
1035 1095 1144 1170 cogita·

84 1203 138 1272 vit,
171 1203 335 1260 dicturusne
364 1201 517 1275 quisquam
547 1217 673 1274 unquam
694 1199 869 1268 Germanus,
899 1217 987 1273 quum
1009 1199 1047 1256 ad
1071 1199 1146 1258 Livii

83 1309 211 1366 formam
233 1307 383 1366 historiam
404 1315 546 1376 numeret,
567 1325 633 1381 gar
653 1325 744 1380 genu
752 1325 772 1380 g
792 1304 934 1381 prufen.
985 1303 1043 1364 Sed
1067 1305 1097 1362 in
1118 1306 1144 1364 Β

86 1415 139 1482 (de
161 1414 196 1472 M
215 1414 326 1486 siletur)
348 1413 456 1468 nullum
479 1412 632 1487 vestigium
658 1421 702 1468 est
722 1411 803 1468 vocis
824 1411 927 1470 satis.
974 1412 1084 1470 Verum
1108 1431 1144 1470 ne

84 1521 274 1578 admodum
303 1519 418 1594 quidem
441 1517 515 1576 Cato
539 1535 657 1575 suorum
680 1526 709 1574 et
729 1518 854 1576 hostiurn
878 1519 989 1575 animos
1009 1527 1144 1594 expertus

83 1643 150 1682 esse
172 1635 239 1701 apte
261 1625 381 1700 dicitur3
410 1643 496 1682 unum
519 1623 575 1680 dici
596 1631 726 1697 poterat,
761 1623 870 1693 satis;
899 1625 950 1681 sed
981 1643 1069 1699 quum
1092 1643 1144 1682 ex-

84 1741 200 1807 pertum
222 1749 284 1788 esse
306 1751 371 1790 eum
394 1731 507 1788 animos
531 1730 632 1787 Livius
653 1739 795 1799 narraret,
816 1729 902 1787 facile
924 1729 1144 1806 intelligebatur,

83 1838 178 1894 satis
200 1851 361 1912 expertum.
403 1839 493 1895 Recte
518 1835 654 1893 Dukerus
675 1835 815 1894 iudicavit
844 1836 958 1893 Livium
982 1836 1144 1914 scripsisse:

85 1944 149 2000 ubi
170 1944 213 2000 ad
234 1945 326 2000 hune
347 1943 485 2000 modum
510 1941 575 2014 (nisi
599 1941 677 2015 quod
698 1941 732 2010 is,
755 1940 919 1998 omittendae
935 1943 1143 2002 alteriusvocis

84 2049 286 2108 auctoritatem
297 2049 444 2124 ignorans,
454 2047 545 2104 satis
560 2047 602 2103 ad
617 2047 711 2104 hunc
725 2047 860 2104 modum
875 2046 993 2124 posuit).
1008 2049 1145 2125 Sequitur

82 2155 174 2232 paulo
190 2165 256 2230 post
272 2159 287 2225 ξ
305 2161 319 2212 7
336 2156 365 2212 in
378 2153 498 2212 Catonis
515 2153 593 2227 apud
614 2152 744 2209 tribunos
765 2151 974 2228 praefectosque
993 2164 1022 2212 et
1033 2166 1144 2214 ceteros

85 2271 265 2320 convocatos
305 2261 448 2318 oratione:
490 2259 627 2316 Patres
667 2258 785 2314 nostri
822 2277 927 2333 quum
962 2259 1145 2336 Hispania

87 2365 450 2442 Carthaginiensium
479 2373 513 2422 et
544 2364 787 2441 imperatores
817 2365 869 2423 ibi
902 2376 934 2423 et
961 2367 1145 2426 exercitus

85 2483 228 2543 essent,
254 2473 326 2548 ipsi
352 2471 487 2528 nullum
518 2470 552 2526 in
579 2489 620 2527 ea
639 2469 788 2527 militem
813 2471 1005 2544 haberent,
1027 2483 1145 2533 tamen

85 2579 222 2636 addere
258 2580 325 2636 hoc
355 2579 391 2635 in
417 2577 566 2634 foedere
602 2574 812 2647 voluerunt,
853 2587 892 2634 ut
912 2578 1057 2654 imperii
1088 2580 1145 2638 sui

85 2685 216 2742 Iberus
238 2684 376 2742 fluvius
397 2692 495 2740 esset
515 2681 613 2740 finis.
666 2682 798 2739 Primum
820 2684 1005 2742 vehementer
1025 2684 1146 2744 offendit

83 2789 208 2847 verbum
229 2789 441 2847 substantivum
463 2788 505 2846 sic
519 2789 657 2846 omissum
672 2789 750 2864 apud
763 2788 920 2864 genitivum
939 2791 1145 2866 possessivum,

85 2905 119 2952 ut
148 2897 282 2954 audiatur
309 2915 346 2956 ex
371 2895 490 2971 pluralis
517 2893 629 2951 numeri
656 2895 747 2964 verbo
776 2903 880 2970 postea
913 2913 978 2954 cum
1006 2898 1144 2957 adverbio

84 3001 151 3072 (ibi
172 3005 306 3076 essent)
334 3003 476 3070 subiecto;
499 3000 601 3058 deinde
629 3001 785 3076 oportebat
805 3001 908 3059 saltem
926 3002 1078 3079 scriptum:
1111 3013 1145 3061 et

85 3127 208 3165 eorum
242 3108 484 3184 imperatores
505 3107 558 3164 ibi
579 3116 633 3167 cet.
687 3105 762 3178 Sed,
789 3108 868 3183 quod
894 3119 982 3188 caput
1008 3121 1060 3180 est,
1086 3130 1144 3169 non

83 3214 191 3290 agitur,
213 3233 334 3290 quorum
355 3215 501 3291 Hispania
521 3213 617 3283 fuerit,
644 3213 695 3270 sed
717 3214 928 3282 tantummodo,
950 3217 1006 3274 utri
1028 3218 1067 3274 ibi
1094 3237 1144 3276 cx·

83 3320 191 3378 arcitus
213 3321 379 3391 habuerint,
411 3320 468 3378 utri
494 3339 553 3378 non
574 3319 741 3391 habuerint,
774 3321 1004 3396 perveniturque
1027 3341 1144 3398 compa·

83 3425 161 3483 ratio
178 3426 228 3484 illo
249 3427 377 3495 adiecto;
398 3445 492 3500 neque
510 3423 665 3484 saneCato
677 3443 867 3484 concessurus
888 3435 960 3490 erat,
971 3426 1143 3502 Hispaniam

84 3543 162 3603 tum,
194 3552 282 3608 quum
301 3531 426 3590 Romani
447 3533 643 3606 postularent,
671 3531 753 3589 utin
775 3531 893 3590 loedere
923 3532 1144 3604 adscriberetur,

82 3640 157 3696 fines
187 3639 274 3697 Ibero
302 3637 464 3708 terminari,
495 3635 777 3715 Carthaginiensium
811 3637 915 3708 fuisse3
942 3638 1048 3696 iniusta
1069 3639 1144 3698 enim

82 3744 235 3801 Romanam
262 3745 426 3821 postulasse
452 3743 569 3808 diceret.
618 3743 804 3804 Contrarium
829 3762 961 3818 quoque,
992 3745 1041 3820 qui
1069 3765 1144 3803 nunc

81 3849 137 3920 sit,
164 3869 260 3908 rerum
282 3861 388 3910 statum
411 3849 486 3910 Cato
512 3849 653 3926 proximis
680 3849 776 3908 verbis
798 3869 856 3906 non
882 3849 925 3907 ita
946 3851 1089 3921 describit,
1114 3861 1145 3909 ut

80 3957 283 4014 Romanorum
313 3957 487 4034 Hispaniam
516 3973 579 4012 esse
601 3955 693 4025 dicat,
725 3956 777 4013 sed
798 3965 830 4012 ut
851 3957 1049 4014 Romanorum
1071 3977 1144 4034 pra-

84 4071 164 4120 tores
185 4062 385 4139 exercitusque
407 4083 472 4122 eam
494 4061 633 4132 obtinere,
655 4059 927 4138 Carthaginiensem
942 4063 1083 4122 neminem
1105 4064 1146 4122 ibi
