2822 4648
599 265 653 320 107
998 261 1054 310 Lib.
1073 262 1120 310 lv.

85 443 262 519 negantibus
284 445 322 501 sd
344 443 519 502 coercendos
548 443 680 500 tribunos
702 445 825 502 militum
854 445 966 504 senatui
998 465 1056 503 uon
1087 448 1156 505 obe·

85 549 230 624 dientes):
272 551 426 607 Interim
458 549 626 624 patricii,
664 548 778 606 soluti
807 549 925 623 legum
961 553 1155 626 magistra-

84 665 262 731 tuumque
303 655 540 723 verecundia,
581 674 646 730 per
684 672 721 712 se
752 674 894 729 quoque
922 656 1155 715 tribuniciam

84 771 307 834 potestatem
338 772 499 836 agerent.
552 760 649 818 Valde
678 771 843 836 suspectum
867 770 911 818 est
934 753 1155 836 potestatem

84 866 169 925 trib.
203 885 311 942 agere
344 885 399 942 pro
431 885 476 935 so,
502 867 581 940 quod
603 877 647 924 est
675 885 863 936 exercere,
901 877 1038 942 suspecta
1068 835 1176 926 ctiam,

85 971 153 1046 ipsa
173 973 237 1030 baec
257 993 361 1048 parum
384 983 455 1049 apta
476 990 540 1028 cum
562 952 696 1030 irrisione
717 973 891 1044 exhortatio,
914 984 946 1029 ut
965 973 1021 1048 ipsi
1041 974 1156 1049 patricii

85 1077 273 1136 tribuniciam
295 1088 469 1154 potestatem
493 1088 648 1135 exerceant
670 1079 760 1153 (quod
783 1080 1017 1154 interpretantur,
1047 1089 1080 1136 ut
1101 1080 1155 1155 ipsi

85 1183 142 1240 sibi
172 1184 284 1242 auxilio
318 1185 375 1242 siut
403 1196 432 1244 et
461 1202 519 1240 non
548 1184 715 1241 obedientes
746 1182 925 1258 coerceant);
957 1203 1025 1242 nam
1060 1203 1154 1259 neque
1232 1167 1239 1184 ⁹

86 1289 226 1347 coercitio
255 1289 297 1346 ita
328 1301 391 1348 erat
414 1289 538 1365 'propria
561 1289 757 1362 tribunorum,
789 1299 822 1346 ut
842 1290 956 1365 patricii
984 1308 1053 1347 suos
1075 1309 1156 1348 coer·

85 1405 188 1452 centes
218 1395 398 1452 tribunorum
430 1395 555 1470 speciem
579 1395 757 1470 acciperent,
793 1403 836 1465 et,
866 1395 945 1469 quod
976 1394 1156 1452 manifestius

85 1511 147 1570 est,
182 1520 247 1576 quse
269 1501 465 1575 adiunguntur
492 1500 618 1573 (soluti
641 1535 679 1546 --
702 1501 953 1572 verecundia),
982 1501 1068 1575 louge
1098 1500 1155 1558 alic

83 1616 232 1682 spectant,
253 1625 310 1662 uon
335 1607 373 1662 ad
396 1606 559 1664 tribunatus
580 1605 795 1664 similitudinem
818 1625 870 1664 uec
890 1606 928 1662 ad
945 1605 1156 1676 coercitionem,

84 1711 138 1768 set
160 1711 199 1767 ad
223 1711 366 1768 libertatis
387 1711 567 1785 licentiaeque
588 1710 724 1768 fructum.
782 1713 936 1768 Postremo
964 1712 1011 1768 hic
1034 1721 1066 1768 ut
1088 1711 1156 1768 abbi

83 1815 127 1889 (c.
152 1820 204 1884 ll,
235 1817 268 1882 ³)
302 1817 399 1874 mendi
429 1817 565 1873 iudicium
594 1816 720 1874 absolvit
753 1835 897 1890 quoque
928 1817 1070 1893 particula
1097 1837 1155 1874 nou

85 1922 289 1997 reotcposita3
312 1923 437 1980 debebat
448 1921 523 1978 euim
542 1921 612 1979 dici:
634 1921 870 1978 tribuniciam
894 1941 1036 1998 quoque
1058 1931 1155 1998 pote·

84 2036 221 2082 statem
244 2045 308 2102 per
328 2047 365 2086 se
387 2023 579 2104 agerent¹).
635 2029 707 2084 Haec
729 2027 827 2083 omnia
848 2027 1033 2085 incommoda
1055 2028 1156 2084 tollent

85 2143 116 2188 et
138 2132 322 2206 aptissimam
353 2134 524 2191 seutentiam
555 2143 584 2189 et
612 2133 773 2190 orat-ionem
802 2132 927 2190 efficient
955 2133 1019 2191 duae
1046 2134 1155 2203 litterae,

86 2257 154 2311 quae
178 2238 398 2314 semelscriptoe
414 2249 490 2310 sunt,
512 2239 680 2313 geminatae:
701 2237 846 2294 interim
869 2240 1019 2312 patricii
1044 2239 1156 2296 soluti

85 2343 207 2418 legum
230 2345 585 2419 magistratuumque
606 2343 832 2400 verecundia
861 2363 925 2419 per
948 2363 985 2402 aa
1015 2363 1157 2418 quoque

86 2457 124 2511 et
147 2449 384 2507 tribuniciam
414 2459 634 2524 potestatem
665 2461 831 2523 agerent,
864 2451 920 2507 hoc
952 2460 1009 2520 est,
1041 2449 1154 2506 interim

86 2555 214 2630 patricii,
235 2573 268 2612 se
284 2574 400 2629 quoque
422 2554 555 2627 (tribunis
576 2556 625 2631 pl,
649 2573 772 2629 quorum
794 2557 889 2613 oratic
911 2557 967 2630 est)
990 2565 1018 2612 et
1033 2556 1154 2613 tribuni-

88 2661 136 2716 ria
160 2671 303 2735 potestate
325 2661 483 2717 sinentibus
504 2680 557 2717 uec
589 2661 744 2735 quicquam
765 2661 1013 2736 interponentibus
1034 2660 1155 2735 impedi·

87 2767 179 2822 menti
214 2755 341 2832 (αὐτῶν
370 2771 467 2827 ἕνεκα
503 2765 556 2828 καὶ
590 2765 652 2845 τῆς
680 2763 890 2848 δημαρχικῆς
919 2764 1088 2836 ἐξουσίας,
1124 2777 1156 2823 ut

87 2873 196 2930 dicitur
217 2893 281 2948 per
302 2893 367 2942 me,
400 2893 463 2948 per
491 2882 631 2930 aetatem
654 2875 755 2944 licet,
780 2883 898 2949 potam
927 2892 990 2948 per
1011 2892 1063 2930 me
1084 2873 1156 2930 ista

86 2979 247 3055 pedibus
278 2979 472 3036 trahentur
503 2980 581 3054 apud
609 2978 790 3052 Ciceronem)
823 2979 955 3036 viverent
981 2991 1156 3054 agerentque

88 3086 178 3142 soluti
202 3085 298 3160 legum
321 3084 600 3158 magistratuumque
621 3087 804 3146 verecundia.
859 3089 978 3160 Agere
1007 3085 1048 3141 sic
1070 3085 1155 3142 abso·

88 3191 152 3248 luto
173 3191 209 3247 de
229 3192 297 3248 vitm
318 3210 473 3265 rerumque
495 3199 582 3254 statu,
605 3193 682 3265 quotl
699 3193 776 3267 apud
796 3191 964 3250 Sallustium
981 3189 1156 3248 etTacitum

89 3297 356 3371 bequeutissimum
380 3305 432 3366 est,
455 3296 556 3354 Livius
579 3315 694 3371 quoque
716 3315 775 3352 nou
796 3315 864 3353 raro
886 3295 992 3370 posuit,
1014 3295 1092 3351 velut
1112 3293 1156 3350 his

89 3403 181 3468 locis,
210 3421 284 3477 quos
309 3403 384 3460 forte
409 3402 561 3458 adnotavi:
597 3403 656 3472 IX,
679 3404 716 3458 20
741 3401 831 3475 (sine
859 3400 1002 3475 legibus
1031 3399 1156 3466 certis,

88 3509 170 3566 sine
191 3507 473 3582 magistratibus
497 3511 632 3582 agere),
654 3508 712 3568 ibd.
738 3510 775 3564 22
799 3506 977 3579 (securior
998 3505 1041 3562 ab
1062 3504 1156 3563 Sam·

94 3677 165 3686 --—-
184 3678 238 3683 -—
267 3677 297 3684 -ι

109 3757 138 3824 ¹)
163 3759 210 3817 v1,
230 3765 271 3816 20,
292 3763 305 3806 l
326 3773 401 3823 prave
423 3758 528 3817 citatum
560 3772 618 3806 num
637 3757 671 3806 ibi
698 3771 825 3820 quoquc
853 3757 956 3820 ponitur
974 3764 1031 3819 post
1048 3755 1155 3818 primam

162 3867 250 3901 rocem
269 3866 340 3901 norae
359 3851 469 3900 notionis
491 3851 609 3900 decora
633 3851 722 3900 bclli.
773 3849 935 3911 Relinquitur
959 3862 1037 3897 uuum
1062 3847 1157 3896 codicis

162 3945 291 4009 archetypi
319 3943 439 3992 mendum
458 3943 493 4002 X,
516 3947 590 4002 14,9
620 3943 763 4006 (quoquc
792 3949 907 4005 aperta
930 3941 1062 4006 pugna),
1089 3949 1156 3991 recte

163 4036 232 4100 apud
249 4035 407 4084 Frobenium
427 4035 504 4084 tacite
523 4045 664 4086 cornetum
683 4037 806 4098 (aperta
824 4049 953 4098 quoquc
972 4037 1096 4099 pugna).
