2822 4648
606 295 662 352 153
1000 294 1058 344 Lib.
1071 293 1132 342 VII.

94 485 231 552 quantas,
267 477 451 552 limumque,
474 493 563 551 quum
585 491 655 534 cneo
675 475 749 552 ipsi
770 476 875 552 plurali
883 495 1003 535 numero
1015 477 1168 552 posuisset,

97 583 138 642 ad
160 583 192 640 id
214 582 403 640 arcuerint
436 613 474 625 -
503 581 817 640 circumdederint
848 583 1086 641 accommodasse
1115 601 1169 658 pu·

99 697 186 758 tent,
212 687 292 763 quod
315 687 386 744 mihi
411 687 529 762 quidem
550 687 580 744 in
602 687 659 744 boc
679 694 740 744 tam
762 687 900 762 oequabili
922 688 1063 746 orationis
1084 706 1168 746 cursu

98 813 154 870 per
175 812 207 852 se
227 813 331 870 perum
352 792 505 869 probabile
526 792 641 850 videtur
661 801 812 868 totumque
836 813 871 852 eo
904 794 1060 861 evertitur,
1091 794 1169 868 quod

98 907 171 974 post
189 899 286 973 ipsum
309 897 621 958 circumdederint
642 897 902 974 sequiturzquem
921 899 1104 958 videntem
1130 917 1170 958 ac

99 1004 319 1080 vigilantem
340 1005 393 1062 sic
416 1003 625 1073 eluseritis‚
646 1003 809 1079 sopitum
838 1012 987 1081 oportet
1007 1003 1169 1074 fallatis,

101 1129 141 1168 ex
164 1129 222 1184 quo
247 1118 371 1185 apparet
392 1109 510 1166 Livium
534 1109 657 1166 eandem
684 1107 812 1166 notionis
833 1108 959 1166 formam
983 1110 1081 1168 auimo
1102 1111 1171 1168 reti·

99 1216 212 1274 nubae.
256 1215 361 1290 ltaque
384 1235 400 1272 e
424 1217 450 1272 P
472 1223 502 1272 et
521 1214 689 1274 Klockiano
711 1215 919 1273 restituendum
943 1216 1109 1274 arcuerit
1134 1245 1167 1258 -

101 1309 406 1390 circumdederit,
436 1331 496 1380 tum
519 1339 591 1378 vero
613 1321 675 1378 sine
695 1320 756 1376 ulla
776 1319 957 1378 dubitatione
977 1322 1170 1393 scribendum,

101 1437 135 1486 ut
157 1445 177 1484 a
198 1427 344 1484 Frobenio
359 1427 468 1500 (1531)
492 1427 530 1484 ad
552 1425 736 1485 Gronovium
758 1425 866 1484 editum
889 1434 948 1496 est,
966 1428 1054 1503 ipse,
1076 1435 1170 1486 muta·

100 1545 167 1592 tum
189 1534 227 1590 ab
250 1532 385 1590 oscitanti
406 1531 525 1590 librario
551 1533 590 1590 ob
611 1540 676 1590 tot.

195 1637 271 1715 Cap.
297 1642 351 1710 37,
374 1643 406 1695 l:
436 1637 566 1696 Tertia
586 1655 710 1714 pugna
746 1637 828 1712 (post
849 1637 973 1714 primam
995 1639 1037 1696 Μ.
1058 1639 1172 1698 Valerii

100 1743 226 1802 Corvini
247 1744 431 1804 edGeurum
454 1751 591 1811 montem,
614 1743 735 1800 alteram
757 1743 797 1802 Α.
810 1741 937 1800 Cornelii
949 1742 1033 1802 Cossi
1045 1745 1074 1802 in
1087 1746 1171 1805 Sam·

100 1851 167 1924 nio)
196 1851 240 1907 ad
263 1850 475 1908 Suessulam
497 1847 689 1906 commissa
712 1855 783 1918 est,
816 1865 886 1922 qua
912 1848 1063 1924 fugatus
1087 1869 1107 1908 a
1127 1852 1170 1912 Μ.

103 1955 260 2013 Valerio
282 1955 499 2014 Samnitium
519 1953 734 2023 exercitus,
766 1954 861 2010 omni
890 1957 1024 2012 robore
1045 1957 1172 2015 iuven-

102 2062 197 2118 tutis
219 2062 327 2119 domo
350 2060 489 2130 accito,
511 2059 715 2116 certamine
746 2057 878 2116 ultimo
906 2059 1093 2118 fortunam
1116 2081 1173 2120 ex·

102 2166 225 2242 periri
248 2167 391 2223 statuit.
434 2167 503 2224 Duo
522 2166 569 2223 hic
591 2163 750 2232 offendunt,
772 2163 896 2237 primum
912 2183 1069 2224 concursus
1092 2167 1172 2224 ebla-

101 2273 232 2330 tivorum
254 2273 354 2330 similis
376 2271 610 2347 significationis;
651 2287 745 2344 neque
778 2270 854 2326 enim
885 2273 1010 2346 probum
1042 2273 1170 2331 videtur:

102 2381 172 2436 hac
204 2395 327 2453 pugna
363 2377 561 2434 certamine
599 2377 723 2433 ultimo
760 2374 944 2434 fortunam
979 2379 1170 2454 experior-3

102 2485 225 2558 itaque,
246 2482 303 2540 nisi
323 2493 420 2541 cetera
441 2483 604 2550 obstarent,
638 2481 780 2557 suspicari
812 2481 917 2556 aliquis
944 2493 1058 2558 posset,
1085 2483 1170 2558 fuge·

102 2601 166 2646 tum
196 2590 234 2646 ad
263 2588 431 2648 Suessulam
460 2586 546 2644 tertia
571 2607 670 2663 pugna
703 2587 787 2661 (qua
808 2587 971 2662 fugatus)
1012 2589 1169 2648 exercitum

102 2695 278 2752 Samnitium
296 2705 430 2770 quartum
442 2693 584 2770 proelium
602 2703 739 2750 tentasse.
795 2693 908 2749 Deinde
922 2693 952 2748 in
963 2695 1113 2769 proximus
1129 2695 1170 2754 sic

100 2802 236 2858 namatio
268 2801 453 2858 continuatur
480 2797 551 2874 (Ab
574 2798 751 2858 Suessula
771 2798 891 2856 nuntii
924 2800 1060 2875 trepidi
1084 2801 1170 2874 eet),

102 2915 137 2962 ut
161 2917 248 2963 antea
278 2907 470 2982 significatum
493 2905 585 2962 videri
623 2905 742 2974 debeat,
777 2904 814 2960 ad
854 2905 1021 2963 Suessulam
1056 2907 1171 2965 Samni·

100 3021 147 3070 tes
183 3013 353 3070 convenicae
386 3012 470 3085 eique
502 3011 566 3068 urbi
595 3011 781 3069 imminuisse.
840 3010 932 3085 Atqui
965 3009 1066 3066 Livius
1098 3009 1172 3066 dixit

100 3127 216 3174 tautum
248 3117 288 3175 ibi
323 3135 452 3195 pugnam
474 3117 599 3185 iactem;
631 3115 730 3190 itaque
751 3125 887 3191 putamus
913 3124 1063 3172 narratum
1091 3115 1171 3173 dein·

101 3222 246 3298 capsim,
275 3223 325 3297 qui
346 3223 456 3282 lactum
478 3222 530 3288 sit.
560 3229 649 3278 uteo
670 3222 716 3278 ris
738 3220 806 3278 bclli
828 3229 1053 3279 converteretur.
1099 3222 1172 3296 (lta-

101 3347 162 3403 que
183 3327 324 3386 Klockius
346 3329 510 3404 suspicatus
530 3335 583 3394 est,
605 3325 748 3382 excidisse
761 3334 853 3384 totam
871 3325 1067 3382 narrationem
1084 3325 1171 3384 Sues-

100 3433 175 3490 ealm
203 3453 222 3489 a
243 3433 423 3492 Saninitibus
456 3431 606 3502 obsessa.)
663 3432 789 3489 Videtur
810 3432 913 3490 Livius
943 3431 1106 3506 scripsisse:
1131 3463 1169 3476 -

101 3539 147 3596 ad
172 3537 382 3596 Suessulam
405 3536 600 3594 commissa
621 3545 685 3605 est,
707 3555 774 3618 qu
795 3536 947 3612 fugatus
969 3555 988 3592 a
1007 3538 1048 3596 M.
1065 3538 1172 3595 Vale·

101 3644 160 3702 rio
198 3644 416 3703 Samnitium
452 3642 640 3700 exercitus
670 3642 765 3699 omni
799 3643 932 3699 robore
964 3642 1171 3700 iuventutis

100 3752 210 3808 domo
232 3749 373 3820 accito,
405 3750 609 3805 certamine
643 3747 773 3804 ultimo
796 3747 984 3806 fortunam
1010 3749 1171 3824 experiri

100 3855 255 3924 statuit.
276 3855 332 3912 hoc
355 3863 412 3912 eet:
441 3872 509 3910 nam
532 3853 571 3910 ed
593 3869 657 3910 sam
679 3853 780 3910 urbem
805 3853 911 3910 robore
938 3853 1094 3910 iuventutis
1123 3873 1171 3912 ac·

100 3961 162 4018 cito
183 3960 329 4018 exercitus
352 3969 407 4019 cet.
456 3959 597 4034 Superest
617 3959 647 4016 in
671 3963 686 4028 ξ
713 3961 748 4016 13
770 3959 856 4016 huius
879 3959 981 4034 capitis
1003 3959 1102 4034 gravis
1117 3961 1172 4017 du-

100 4065 208 4122 bitatio
231 4065 267 4122 de
288 4065 401 4124 duabus
423 4063 586 4141 legionibus
608 4064 744 4140 prasidio
775 4073 937 4122 castrorum
965 4065 1090 4136 relictis,
1116 4066 1173 4124 hoc

100 4183 157 4248 est,
185 4181 249 4228 toto
271 4171 408 4242 exercitu,
433 4191 522 4246 quum
544 4171 645 4228 consul
666 4171 779 4228 hostem
802 4167 893 4226 effuse
915 4169 1172 4244 lugientemsum·
