2826 4640
623 251 678 306 541
1026 248 1084 298 Lib.
1095 247 1180 300 XLII.

122 429 265 504 equites
287 430 321 487 iu
347 431 481 488 eastris
504 429 688 488 Romanis.
713 431 815 488 oNam
837 439 1036 508 seperatus
1057 433 1187 490 Thessa-

121 533 215 591 lorum
238 535 392 609 equitetus,
408 537 463 593 hoo
484 545 537 604 est,
546 533 703 609 separatim
726 537 855 607 tendens,
877 537 949 594 mire
963 536 1096 612 fingitur,
1109 557 1181 612 quo·

121 640 200 696 niam
223 640 351 697 omnium
373 640 548 717 populorum
569 639 698 714 separati
719 641 831 714 equites
853 647 951 711 erant,
980 659 1073 716 neque
1105 643 1186 718 quic-

122 763 209 820 quum
232 744 263 801 id
285 745 323 802 ad
344 746 430 803 huius
452 746 510 804 loci
531 744 703 802 sententiam
730 746 871 820 pertinet;
901 744 1006 802 refellit
1036 765 1186 804 commen-

121 863 182 908 tum
206 869 265 908 uua
286 868 347 908 vox
371 851 502 920 omnis3
533 850 712 908 demonstrat
734 849 850 922 Livius,
870 859 1009 926 quantum
1032 851 1108 926 infra
1129 872 1183 910 ex-

121 955 331 1031 spectationem
353 956 552 1014 Romanorum
588 973 635 1012 res
656 952 752 1012 fuerit
812 955 848 1012 In
881 955 932 1013 teli
965 957 1184 1031 comparatione

121 1070 296 1138 exspectate
328 1059 371 1117 rei
398 1068 426 1116 et
452 1073 528 1117 vem
550 1059 658 1118 nullum
680 1060 769 1116 habet
803 1060 899 1118 locum
921 1061 1102 1138 parenthesis
1123 1061 1185 1134 illa,

122 1183 209 1240 quam
243 1165 360 1240 quidem
397 1166 555 1222 finxerunt:
592 1174 627 1222 et
658 1161 928 1222 Thessalorum
972 1168 1019 1238 (-
1064 1167 1184 1224 omnis

119 1269 311 1344 equitatus
333 1279 507 1345 speratus
528 1279 608 1328 erat
631 1274 683 1337 -)
705 1277 760 1326 eet.
805 1268 922 1325 Excidit
944 1265 1094 1344 quorum
1115 1285 1182 1348 post

120 1392 227 1432 orum.
295 1375 361 1431 Huc
383 1374 519 1450 expedita
540 1381 633 1450 parte,
655 1373 736 1448 prior
759 1372 846 1430 etiam
868 1393 927 1432 non
948 1374 1103 1434 difficulter
1126 1397 1181 1434 ex·

120 1479 249 1553 peditur,
280 1487 416 1554 totusque
448 1479 529 1537 loeus
561 1480 604 1536 ita
635 1487 713 1536 reete
746 1478 943 1536 continuetur:
974 1481 1181 1540 AEtolorum

119 1581 184 1638 slae
208 1583 311 1640 unius
332 1583 462 1654 instar,
478 1593 653 1658 quantum
675 1603 693 1640 a
715 1593 795 1642 tote
815 1595 922 1659 gente
942 1586 1102 1660 equitum
1125 1605 1180 1644 ve·

119 1697 232 1758 uerat,
254 1697 289 1744 et
310 1688 587 1762 Thessalorum,
609 1710 638 1766 q.
661 1709 689 1750 o.
708 1709 732 1747 s.
748 1709 798 1766 sp.
822 1709 857 1760 e,
879 1711 949 1748 non
970 1690 1051 1765 plus
1074 1711 1181 1767 quam

119 1790 206 1850 CCC
228 1781 372 1868 olluites
395 1803 501 1850 erent
522 1795 557 1851 in
587 1815 612 1854 e.
636 1798 671 1857 R..
719 1795 789 1852 Illa:
819 1807 991 1871 quantum
1018 1839 1049 1857 ..
1076 1816 1181 1854 vene-

118 1907 176 1954 rat
197 1897 311 1956 adiecta
335 1883 499 1970 ostendunt,¹
523 1902 671 1959 numerari
693 1919 802 1970 omnes,
824 1919 897 1976 quos
920 1911 982 1960 tota
1002 1919 1074 1978 gens
1096 1903 1180 1962 mise-

117 2001 171 2072 rit,
193 2020 251 2058 non
274 2002 348 2060 ulios
369 2013 454 2060 extra
474 2016 572 2064 castra
593 2007 692 2082 aliquo
715 2007 818 2064 missos
840 2005 939 2067 luisse.
986 2007 1077 2064 Erat
1098 2009 1180 2066 addi-

118 2118 178 2166 tum
200 2107 324 2178 videtur,
347 2127 436 2182 quum
457 2127 515 2166 non
537 2113 831 2181 animadverteretur,
853 2112 891 2168 sd
913 2121 1067 2187 utrumque
1088 2132 1179 2171 mem-

119 2215 203 2270 brum
225 2213 417 2270 communiter
436 2215 580 2288 pertinere
602 2227 762 2274 extremum
785 2216 868 2274 illud:
897 2228 1004 2274 orant
1025 2218 1059 2275 iu
1082 2237 1107 2278 o.
1122 2221 1157 2278 R.

202 2316 275 2394 Cap.
300 2321 349 2386 56,
378 2321 412 2373 10
436 2319 603 2394 (postquam
628 2321 808 2396 dictumest,
834 2323 1180 2398 PerseaadegrosPhe-

118 2441 242 2480 rarorum
264 2423 424 2480 vastandos
447 2424 576 2497 misisse,
600 2429 749 2485 Romanos
771 2425 835 2483 elioi
856 2425 970 2500 longius
993 2429 1129 2485 neustrie
1151 2439 1180 2485 et

117 2529 293 2605 deprehendi
315 2546 402 2603 posse
424 2531 543 2603 ratumJ:
582 2532 680 2606 Quos
709 2549 814 2605 quum
841 2551 882 2588 eo
904 2533 1064 2590 tumultu
1086 2533 1179 2590 nihil

117 2645 236 2698 motos
255 2633 758 2713 animadvertissetpraedam
776 2636 918 2710 quidem
934 2647 1177 2714 preterquam

116 2739 299 2796 hominum
330 2782 359 2799 ..
388 2739 518 2804 divisit
551 2743 596 2800 sd
628 2741 849 2820 epulandum
883 2741 1075 2800 militibus.
1141 2744 1176 2802 Et

115 2843 260 2918 particule
289 2843 433 2918 quidem
461 2844 557 2918 inepte
579 2843 675 2919 posita
697 2853 726 2901 et
750 2847 969 2920 perversissima
990 2867 1086 2906 rerum
1109 2868 1178 2906 oon·

115 2947 222 3005 iunctio
244 2947 391 3018 declarat,
423 2949 470 3007 hio
497 2968 614 3024 quoque
636 2951 769 3024 quaedam
801 2971 820 3008 a
841 2951 960 3010 librario
982 2955 1176 3028 praetermissa

114 3071 188 3124 esse,
211 3071 298 3129 quum
320 3053 486 3110 huiusmodi
508 3053 610 3112 fuisset
630 3055 749 3130 integrae
773 3057 913 3114 orationis
936 3057 1046 3116 forme:
1078 3059 1177 3133 Quos

115 3179 145 3232 q.
167 3178 193 3216 e.
216 3169 236 3214 t.
258 3177 285 3216 n.
308 3176 346 3214 m.
369 3158 712 3230 animadvertisset,
736 3157 842 3237 [suos
867 3163 900 3218 in
923 3175 1047 3222 castro
1069 3183 1176 3222 revo-

113 3260 245 3340 cavit];
267 3264 422 3338 praedam
445 3264 588 3338 quidem
610 3273 664 3324 oet.
713 3265 894 3338 (Gronovius
929 3269 967 3324 ed
989 3287 1076 3325 unum
1101 3268 1177 3342 qui·

111 3369 191 3424 dem
213 3367 400 3442 offenderat.)

198 3469 271 3548 Cep.
297 3476 353 3541 57,
379 3474 411 3528 2:
443 3472 516 3532 Sub
538 3474 633 3532 idom
656 3475 788 3532 deinde
811 3486 954 3551 tempus
977 3475 1176 3534 eonsilium

110 3587 148 3633 ot
169 3576 295 3634 consul
316 3585 354 3632 et
375 3595 441 3633 rex
462 3577 689 3650 habuerunt,
720 3581 816 3637 uude
843 3580 977 3638 bellum
1007 3581 1176 3638 ordiren-

111 3693 174 3737 tur
193 3681 273 3759 (cod.
296 3681 578 3756 dirimerentur).
627 3683 740 3760 Regis
762 3697 961 3744 creverunt
988 3686 1095 3744 animi
1118 3706 1175 3744 ve·

110 3785 274 3842 statione
295 3805 473 3845 concessa
505 3788 579 3845 sibi
611 3790 653 3846 ab
681 3791 787 3848 hoste
808 3792 951 3848 Pheraei
973 3791 1061 3867 agri.
1103 3793 1175 3850 lta·

110 3893 179 3960 qu'e
200 3890 353 3948 eundum
374 3891 457 3974 inde
483 3893 527 3950 ad
549 3905 675 3952 castra
695 3915 771 3972 ⁸neo
792 3896 951 3954 dandum
974 3897 1075 3956 ultro
1097 3917 1176 3974 spa·

109 3994 197 4052 tium
232 3975 428 4054 cunctandi
462 4000 648 4058 censebat.
703 3999 805 4060 Codex
839 4004 1052 4064 censebant.
1097 4004 1176 4063 Seri·
