2822 4648
576 279 631 335 173
948 273 1004 323 uss.
1023 273 1098 322 viu.

70 463 136 538 ipse
158 461 231 526 aciei
252 468 398 518 structura
427 460 594 518 coniunctus
629 467 681 516 est.
766 458 861 516 Paulo
882 469 950 531 post
971 464 1000 530 (ς
1027 461 1058 533 7)
1080 460 1134 516 mi·

71 588 135 626 rum
150 579 207 634 est,
229 568 278 624 edi
299 567 477 624 etiamnunc:
497 585 568 624 rem
591 585 655 642 per
679 583 715 622 se
736 564 955 640 popularem
977 565 1031 622 ita
1050 566 1135 624 dex·

71 687 127 734 ter
148 674 247 750 egit,
276 693 365 748 quum
386 671 535 748 geminate
555 671 651 729 littera
682 669 863 759 scribendum
891 689 954 728 esse
984 672 1136 730 dextere

70 781 146 857 egit
174 781 233 837 iam
272 779 442 836 emendator
475 777 579 851 uliquis
618 775 785 834 recentioris
821 777 928 836 codicis
962 778 1135 837 intellexerit

68 877 210 966 (Portet.
242 896 272 944 et
303 885 408 961 fragm.
429 883 579 956 Havete).
638 881 733 955 Quum
769 903 822 959 per
847 901 879 942 se
901 884 1053 942 Livianum
1076 904 1134 943 non

69 1007 114 1053 est
137 992 311 1051 adiectivum
333 991 363 1048 in
384 992 439 1048 hac
461 989 600 1047 orationis
622 987 735 1060 forma,
767 999 828 1048 tum
856 989 886 1047 in
905 992 960 1048 hac
982 1009 1135 1066 compera-

70 1103 151 1160 tione
173 1099 215 1157 rei
248 1097 339 1174 ipsius
369 1093 605 1173 (popularem)
637 1103 665 1152 et
695 1096 775 1153 modi
807 1098 911 1173 agendi
943 1097 1133 1157 intolerabile.

70 1209 145 1285 (tx,
172 1207 218 1272 12,
245 1210 255 1262 l
283 1213 359 1260 recte
379 1221 455 1260 nnnc
477 1201 570 1258 editur
591 1200 724 1258 deinde
746 1213 959 1272 evenerunq
981 1203 1011 1260 in
1034 1204 1135 1261 arche-

70 1327 143 1390 typo
167 1312 224 1370 fuit
245 1309 375 1367 deinde
395 1315 595 1371 venerunt.)

166 1417 241 1493 Cap.
265 1417 323 1485 38,
358 1419 393 1472 15
424 1415 466 1489 (in
499 1414 595 1472 verbis
624 1415 664 1472 A.
686 1413 812 1472 Cornelii
835 1415 952 1472 Arvinae
974 1414 1134 1486 dictatoris,

70 1525 180 1601 quibus
201 1524 244 1584 M.
268 1521 406 1586 Fabium,
429 1539 505 1596 mag.
527 1521 634 1596 equit,
659 1521 742 1602 jubet
771 1539 833 1578 oum
857 1521 986 1596 equitatu
1008 1520 1133 1577 hostium

71 1631 186 1705 equites
208 1627 414 1704 impedimento
428 1628 625 1684 Romanorum
644 1627 805 1704 diripiendo
817 1627 972 1702 dissipatos
988 1626 1134 1703 aggredi):

69 1753 183 1793 raros
205 1735 311 1810 equis
330 1734 541 1805 insidentes,
555 1734 812 1809 raros‚quibus
834 1731 964 1790 ferrum
980 1733 1015 1791 in
1031 1752 1134 1790 uranu

70 1842 139 1909 sit,
167 1841 346 1910 invenies;
375 1858 560 1914 equosque
588 1840 665 1897 dum
694 1840 814 1916 praeda
844 1851 1009 1911 onerant,
1041 1841 1134 1898 caede

69 1949 236 2004 inermes
275 1955 539 2019 cruentamque
574 1944 651 2001 illie
689 1945 842 2020 prsedem
876 1947 993 2006 redde.
1050 1945 1134 2004 Ferri

68 2053 161 2128 plane
183 2053 284 2127 nequit
305 2053 366 2109 haec
397 2051 435 2108 ad
466 2051 508 2107 rei
529 2059 635 2108 statum
660 2051 823 2127 expositum
844 2051 957 2127 imperii
979 2062 1007 2109 et
1028 2053 1133 2110 adhor-

70 2155 194 2213 tationis
215 2155 282 2212 inde
306 2157 398 2214 ductae
421 2177 474 2233 per
495 2155 666 2232 particulam
690 2176 756 2232 que
778 2158 925 2216 adiunctio
941 2158 1132 2232 (invenies,

70 2280 263 2337 equosque
296 2296 334 2307 -
369 2262 490 2339 caede);
523 2280 576 2319 nec
610 2263 703 2320 minus
732 2283 867 2340 perverse
889 2285 974 2323 omne
995 2265 1134 2322 orationis

15 2401 20 2408 ·
68 2369 189 2446 pondus
211 2368 241 2424 in
264 2387 436 2443 equorum
461 2387 567 2425 nomen
594 2369 746 2442 incumbit,
783 2372 975 2428 coniunctioni
997 2372 1134 2447 praeposi·

69 2487 149 2544 tum3
174 2483 256 2542 (nam
278 2474 352 2532 siin
376 2475 528 2532 contrariis
549 2474 709 2542 luderetur,
744 2477 821 2550 quod
845 2477 941 2552 inepte
962 2496 1033 2534 sene
1054 2479 1135 2534 fieret

69 2582 101 2637 in
124 2600 158 2638 re
179 2579 362 2655 gravissime,
385 2581 535 2638 dicendum
559 2591 634 2637 erat:
662 2600 847 2657 equosque
869 2584 946 2640 dum
969 2594 1133 2653 onerent,

69 2688 176 2762 ipsos
198 2684 317 2760 caede).
365 2687 458 2745 Recte
479 2687 578 2744 omnia
599 2696 682 2744 erunt
702 2687 854 2762 geminatis
883 2688 995 2747 duabus
1016 2691 1133 2748 litteris:

74 2823 108 2835 -
130 2790 316 2860 invenies;
337 2811 375 2854 se
397 2811 584 2868 equosque
605 2794 684 2850 dum
705 2793 826 2867 praeda
848 2804 1021 2864 onerant,
1042 2797 1135 2854 caede

70 2907 127 2957 eet,
194 2898 285 2954 Recte
310 2897 369 2955 iam
397 2897 427 2954 in
455 2898 519 2973 ipso
551 2898 698 2954 sententies
719 2897 800 2955 initio
823 2900 994 2959 admonetur
1015 2903 1134 2971 Fabius,

69 3023 131 3061 non
156 3001 250 3058 minus
272 3003 381 3077 equites
403 3004 482 3080 ipsos
511 3024 596 3079 quam
620 3024 710 3079 equos
733 3007 847 3063 onerari
868 3020 897 3064 et
918 3005 1091 3084 impediri.¹)

89 3324 113 3390 ¹)
145 3325 175 3374 lu
193 3322 319 3390 proximis
342 3321 428 3370 verbis
457 3319 592 3384 (esp-³9,
623 3318 648 3384 l)
678 3322 741 3370 scire
759 3321 847 3382 velim,
875 3323 1005 3375 dicatnmo
1030 3327 1134 3376 Latine:

146 3418 237 3466 acies
256 3415 365 3480 qualis
390 3427 456 3477 quae
474 3427 544 3462 esse
570 3412 839 3463 instructissime
859 3423 976 3478 potem
1000 3423 1134 3478 exspecte-

146 3511 203 3559 bem
223 3510 302 3558 enim:
333 3507 442 3570 qualis
467 3520 537 3556 esse
552 3505 819 3556 instructissime
837 3515 960 3570 potest,
980 3519 1008 3556 ut
1027 3507 1132 3555 dicitur:

147 3611 270 3665 quanta
293 3615 366 3650 csse
395 3601 667 3662 maximepotest.
713 3597 802 3660 Longe
829 3600 896 3648 enim
926 3600 999 3649 aliter
1029 3599 1133 3648 dicitur:

147 3705 207 3744 tsm
227 3695 394 3742 instructa
412 3706 502 3754 quum
522 3703 587 3754 quae
605 3689 885 3752 instructissima;
911 3707 957 3741 nec
981 3692 1021 3741 hm
1046 3691 1135 3742 forme

147 3787 223 3838 facile
242 3783 362 3835 confundi
381 3791 506 3848 poterant.
543 3781 626 3831 llaesit
645 3783 721 3832 ctiam
739 3783 970 3834 Weissenbornius.
1009 3783 1071 3848 Cep.
1092 3791 1132 3844 40,

146 3886 161 3928 4
180 3893 231 3928 non
249 3885 389 3942 putorecte
402 3876 464 3925 diei:
483 3874 611 3926 semilis
629 3877 667 3925 od
685 3891 717 3926 sc
736 3892 866 3941 quaeque
887 3878 1028 3927 trahunt·
1055 3879 1135 3926 Recte

145 3973 212 4022 enirn
236 3971 376 4032 quisque
399 3969 469 4032 (pro
492 3969 696 4034 aequisque,
721 3969 784 4034 cet.)
810 3971 967 4035 appositione
987 3969 1135 4032 sdiungitur

144 4066 175 4114 sd
204 4063 345 4113 subiectum
371 4061 478 4127 pluralis
503 4063 601 4110 numeri
624 4063 676 4111 sive
705 4076 854 4126 expressum
874 4063 927 4112 sire
945 4077 977 4110 ex
1005 4063 1134 4126 superiore
