2800 4646
576 291 635 348 275
934 287 994 338 ub.
1002 287 1105 340 XXIV.

76 475 268 550 inquirere
289 472 545 549 inexemplum
567 473 610 530 eet
632 489 779 548 quaerere,
812 491 898 548 quam
921 473 1137 532 oenomelum

76 581 212 658 exemplo
243 581 311 657 qnid
340 581 400 638 fiet.
455 578 660 638 Scribendum:
687 597 728 636 ne
751 579 830 655 quis
852 588 913 636 aut
934 579 1133 656 exemplum

76 687 296 762 exquireret
316 697 377 744 ant
398 695 452 744 eet,
502 685 599 742 Nemo
628 684 791 760 exemplum
815 685 876 742 eius
897 685 939 744 rei
962 694 1029 743 ente
1049 683 1134 743 bete

76 793 251 868 exquirebat
268 793 328 870 (ut,
349 792 374 849 si
395 809 454 849 non
474 789 664 865 repperisset,
686 809 747 850 rem
770 791 848 850 nullo
872 790 1004 868 exemplo
1025 789 1133 848 fertem

76 899 269 973 quereretur).
279 893 306 966 ¹)

167 1002 241 1080 Cap.
268 1007 314 1072 10,
340 1006 386 1072 ll,
407 1001 457 1060 nbi
478 1002 514 1058 de
534 1003 674 1078 prodigiis
697 1002 802 1079 egitur,
832 1003 902 1060 nihil
924 1003 1040 1062 omniuo
1062 1010 1134 1066 erat,

75 1128 128 1167 our
150 1109 250 1184 Lipsio
272 1117 390 1166 auctore
420 1109 457 1164 eb
485 1108 617 1166 omnibus
651 1109 786 1184 deinceps
819 1109 976 1167 editoribus
1007 1104 1135 1184 quinque

74 1216 168 1272 verba
188 1215 357 1272 eiieerentur
382 1231 476 1288 neque
507 1213 637 1272 codicum
666 1215 725 1272 ullo
756 1215 861 1273 indicio
882 1215 1017 1291 suspeets'
1040 1215 1134 1289 neque

76 1341 95 1378 e
116 1319 196 1378 Livii
217 1320 314 1378 onium
335 1330 364 1376 et
385 1319 504 1378 oonsilio
527 1318 629 1379 aliene.
677 1321 773 1390 Nam,
803 1329 835 1376 ut
855 1331 918 1378 erat
939 1321 999 1379 eius
1019 1321 1049 1378 in
1071 1329 1133 1378 toto

75 1428 132 1485 hoo
152 1445 258 1501 genere
278 1426 412 1484 instabile
433 1425 581 1496 indicium,
613 1445 688 1484 nuno
710 1426 748 1484 ad
770 1425 923 1500 aequelium
948 1427 1133 1484 incredulita-

76 1543 144 1600 tem,
164 1549 241 1589 nune
262 1533 299 1590 ed
320 1532 445 1608 speeiem
475 1530 621 1606 quandem
648 1531 795 1606 religionis
823 1551 888 1590 eum
919 1533 1044 1607 antiquae
1065 1532 1134 1590 sim·

75 1637 213 1712 plieitntis
245 1637 434 1696 admiratione
461 1655 492 1694 se
519 1636 678 1707 inclinans,
719 1639 774 1695 hoo
807 1638 872 1695 loeo
900 1657 958 1694 non
986 1639 1047 1694 sine
1077 1637 1133 1694 leni

30 1807 34 1814 ,
75 1745 208 1802 irrisione
229 1744 384 1818 signifieat,
415 1743 555 1802 miracula
574 1743 638 1813 illa,
672 1763 736 1819 quse
758 1745 971 1814 nuntiarentur,
1003 1744 1134 1803 homiues

75 1850 155 1925 ipsos
189 1849 260 1920 sibi,
289 1850 374 1907 motis
401 1849 490 1907 semel
520 1847 557 1905 ed
588 1848 809 1908 sollicitudinem
844 1861 872 1908 et
901 1851 1131 1926 superstitionem

76 1955 191 2025 animis,
225 1954 363 2013 obleuisse
394 1964 423 2012 et
443 1954 573 2024 finxise03
595 1973 683 2011 unum
706 1955 820 2030 quidem
843 1953 901 2014 n'on
914 1957 1011 2014 fiotum
1034 1955 1132 2024 fuisse,

76 2062 142 2130 sed,
174 2079 262 2135 quum
291 2060 462 2118 naturaliter
488 2060 655 2130 accidisset,
682 2063 898 2135 tantummodo,
929 2063 1008 2138 quod
1035 2082 1132 2122 renum

78 2177 163 2233 esset,
191 2185 245 2242 pro
275 2165 408 2242 prodigio
439 2175 587 2240 acceptum
614 2165 696 2224 dieite
728 2165 820 2240 Quin
850 2169 966 2227 Romae
988 2189 1132 2246 quoque

76 2271 111 2328 in
132 2271 214 2347 ipse
237 2273 325 2330 urbe
349 2271 544 2332 seeundum
568 2290 672 2346 epum
694 2274 895 2332 examenin
916 2274 996 2334 foro
1019 2275 1133 2336 visum

78 2377 188 2452 (quod
211 2362 384 2436 mirabile
404 2386 475 2448 est,
505 2377 591 2454 quia
615 2382 771 2451 rarum),
803 2379 1036 2439 affirmantes
1061 2382 1135 2458 qui·

77 2485 168 2554 darn,
190 2484 353 2560 legiones
375 2501 412 2541 se
434 2493 594 2540 armenas
616 2484 651 2540 in
680 2485 851 2544 Ianiculo
883 2487 1024 2558 videre,
1055 2507 1136 2546 eou-

77 2591 243 2648 eitavere
264 2589 451 2647 civitatem
474 2589 518 2646 ed
541 2609 655 2661 erma,
678 2608 800 2668 quum,
829 2591 944 2666 quiin
968 2591 1136 2652 Innioulo

77 2707 218 2768 essent,
239 2705 430 2771 negarent,
454 2713 669 2771 quemquem
696 2697 749 2754 ibi
769 2707 902 2772 praeter
922 2698 1030 2756 collis
1059 2699 1136 2757 eius

96 2963 122 3028 ¹)
147 2963 272 3012 Proxime
289 2962 452 3027 paragrapho
473 2961 534 3024 (ll)
553 2969 682 3026 receptum
702 2977 782 3027 nuper
809 2971 847 3013 est
872 2964 989 3014 codicum
1008 2967 1135 3027 mendum,

149 3053 220 3119 qnod
238 3068 326 3104 omnes
352 3055 384 3104 ad
411 3063 525 3105 nostrum
549 3061 650 3103 aetstem
677 3061 745 3104 reete
766 3067 923 3121 spreverant:
951 3073 1050 3124 seque
1073 3069 1135 3110 tum

147 3145 237 3196 bend
263 3143 360 3196 dubie
379 3161 465 3206 esse;
490 3147 578 3196 abesse
596 3159 745 3211 pronomen,
769 3149 795 3197 in
815 3163 866 3213 quo
884 3149 940 3215 ipss
956 3152 1062 3202 vertitur
1080 3167 1138 3203 sen-

150 3237 244 3300 tentie,
269 3239 371 3301 nequit;
391 3239 519 3289 'codicum
547 3240 673 3303 scripturn
695 3242 728 3289 nd
751 3240 859 3292 Latinas
883 3257 957 3293 sures
979 3245 1044 3294 nihil
1068 3245 1137 3294 aliud

150 3333 319 3395 signiticaret,
340 3331 387 3381 nisi
411 3330 443 3392 Q„
469 3331 580 3382 Fabium
608 3339 664 3382 tum
690 3334 784 3388 virere.
831 3334 882 3386 Sed
910 3338 999 3386 eodem
1026 3337 1085 3388 loeo
1103 3339 1136 3388 ab

150 3425 269 3475 omuibus
293 3425 428 3474 retinetur:
453 3426 479 3474 si
503 3441 565 3489 qua
583 3441 621 3476 ex
644 3441 675 3476 re
699 3435 864 3487 oreretur,
888 3428 957 3490 quod
975 3427 1067 3478 Latine
1085 3431 1138 3492 sig·

150 3518 248 3567 niflest:
267 3518 294 3567 si
313 3531 354 3566 ex
373 3519 487 3583 ulique
501 3534 548 3579 τος
567 3535 628 3570 nam
646 3535 678 3570 re
695 3535 742 3584 pro
761 3534 797 3570 ea
814 3535 846 3570 re
864 3519 914 3568 dici
932 3521 1032 3584 nequit;
1052 3521 1138 3588 itaque

150 3611 297 3660 necessario
316 3625 374 3659 eum
389 3611 539 3675 pronomine
559 3613 729 3676 coniungitur.
767 3611 934 3662 scribendum
946 3628 1004 3663 cum
1019 3613 1137 3665 Dukero:

150 3703 179 3752 si
203 3717 264 3767 qua
288 3718 327 3752 ex
351 3718 387 3752 ea
417 3717 457 3753 re.
498 3705 553 3754 Etsi
578 3720 645 3755 nora
667 3703 780 3770 prolerre
798 3705 954 3769 propositum
977 3714 1031 3766 est,
1052 3714 1138 3756 tamen

152 3793 260 3844 subinde
285 3795 371 3856 lubet,
398 3795 522 3861 exemplis
541 3810 574 3845 ex
604 3797 721 3861 proximo
753 3798 957 3862 occurrentibus,
987 3807 1137 3860 monstrare,

152 3883 214 3948 qnid
237 3887 302 3938 Liril
339 3887 429 3938 editori
461 3897 538 3939 restet
566 3889 711 3940 feriendum
737 3897 782 3939 aut
804 3903 837 3939 ex
859 3905 940 3956 nuper
963 3890 1037 3941 metis
1065 3891 1139 3942 relin-

151 3979 270 4040 gendum.

891 4119 940 4172 te*
