2800 4646
569 267 624 323 271

452 401 542 516 nib(
561 442 706 515 xxrv.
723 443 752 541 Ι)

149 628 223 704 Cep.
248 631 276 698 2,
299 631 316 685 9
339 627 404 704 (ubi
418 628 548 704 perfuga
569 629 692 686 Bruttiis
708 629 836 704 exponit,
859 647 948 702 quam
963 641 1129 707 opportune

63 737 134 793 urbs
149 733 241 792 Croto
268 733 379 790 occulte
400 733 634 808 aggredientibus
647 732 716 809 sit):
740 734 828 792 etin
852 744 960 792 vestu
981 735 1129 810 lateque

64 840 235 898 omnibus
259 837 427 894 disiectis
443 839 629 896 moenibus
644 856 747 895 raras
768 839 950 898 stationes
971 843 1128 899 eustodi-

65 962 185 1018 asque
205 952 412 1000 senatorum
428 960 522 1012 esse;
545 961 760 1018 quacunque
776 944 991 1000 custodiant
1011 946 1129 1020 plebis

63 1049 245 1119 homines,
281 1065 322 1104 aa
354 1056 482 1122 patere
515 1049 661 1106 aditum.
727 1049 844 1106 Rarus
882 1049 1021 1107 stationes
1052 1061 1129 1109 reete

65 1153 238 1212 Gronovius
260 1171 277 1209 e
298 1152 405 1209 codicis
427 1154 453 1210 P
475 1154 619 1229 scripture
647 1153 811 1229 (paraset
838 1153 1034 1220 stationes)
1060 1153 1129 1212 effe·

65 1259 141 1316 cisse
161 1257 284 1315 videtur.
330 1256 389 1315 Sed
410 1269 552 1333 praeterea,
578 1258 747 1316 omnibus
773 1275 831 1314 non
861 1258 954 1314 solum
976 1259 1128 1330 redundat,

67 1363 119 1418 sed
141 1363 278 1420 vitiosam
299 1363 470 1420 senteutiam
485 1362 588 1433 efficit;
609 1381 704 1438 neque
726 1362 852 1420 enimin
874 1363 929 1418 hae
951 1381 982 1419 re
1004 1364 1062 1420 ulle
1082 1375 1129 1422 to-

67 1471 123 1526 tius
166 1469 349 1544 partiumque
390 1469 537 1543 separatio
577 1478 634 1537 est,
680 1467 764 1541 quasi
802 1466 887 1524 etism
926 1486 995 1542 pers
1031 1469 1129 1544 aliqua

65 1576 124 1631 lete
147 1574 268 1630 disiecta
290 1591 353 1630 esse
373 1573 508 1648 potuerit.
555 1574 665 1630 Verum
690 1573 720 1628 in
742 1591 776 1628 eo
798 1572 942 1629 vocabulo
963 1573 1043 1644 nihil,
1066 1575 1129 1650 opi-

65 1699 129 1750 nor,
153 1679 234 1736 aliud
258 1680 356 1736 subest
378 1677 433 1734 nisi
462 1677 528 1752 ipse
555 1697 615 1734 vox
645 1677 836 1736 moenibus
863 1695 916 1734 suo
944 1678 1009 1736 loeo
1039 1699 1130 1755 prave

66 1783 189 1859 scripte,
218 1781 321 1838 deinde
344 1791 421 1839 reete
441 1782 553 1858 posita,
580 1783 824 1856 quemadmodum
848 1783 979 1854 XXIII,
1008 1785 1056 1854 26,
1093 1789 1128 1842 10

66 1907 209 1964 quumex
230 1886 375 1944 obiecto
400 1895 513 1944 tutum
536 1885 646 1944 factum
660 1899 736 1944 esset
757 1887 903 1944 obiecto
925 1898 1006 1958 tum,
1028 1889 1130 1948 deinde

64 2003 186 2051 tntum
216 1993 326 2050 etiam
352 1991 506 2049 flumine
538 1992 685 2049 obieeto
718 1999 788 2048 tum
823 1992 961 2068 scriptum
997 1995 1130 2053 vidimus.

66 2099 107 2154 ln
152 2105 261 2154 vaste
296 2097 383 2154 urbe
423 2096 574 2172 lateque
609 2097 797 2154 moenibus
828 2097 995 2157 disiectis
1029 2099 1130 2157 Livius

65 2202 186 2278 scripsit
207 2219 241 2258 eo
264 2203 373 2274 ordine,
396 2222 455 2278 quo
477 2203 533 2272 IV,
557 2203 607 2272 30,
632 2204 664 2261 8:
691 2201 755 2259 siti
776 2220 949 2278 peeurunr
974 2205 1130 2262 morian·

65 2308 157 2364 tium
188 2315 217 2363 et
242 2307 298 2378 VI,
332 2309 381 2379 23,
411 2313 444 2366 4:
475 2327 539 2383 per
568 2325 605 2364 ee
633 2307 704 2364 iem
732 2307 870 2364 milites
900 2307 1081 2366 inuitatos
1103 2321 1131 2367 et

66 2413 178 2482 XXX,
204 2413 253 2482 37,
275 2415 307 2469 6:
329 2413 358 2470 si
379 2433 442 2490 per
459 2411 605 2489 priores
626 2412 798 2470 iudueias
819 2431 931 2469 naves
953 2415 1131 2471 onerariae

66 2525 185 2593 captae
287 2519 591 2587 restituerentur,
614 2527 725 2574 retento
747 2536 785 2574 ex
806 2518 862 2574 hse
884 2525 965 2574 reeta
986 2518 1131 2576 oratione:

65 2622 144 2678 late
163 2623 307 2680 moenio
328 2623 489 2681 disiecta
511 2632 625 2679 erant.

155 2723 231 2802 Cap.
258 2727 291 2796 3,
322 2727 338 2783 2
362 2735 390 2784 et
413 2729 429 2784 3
454 2727 504 2795 (de
526 2725 655 2786 Crotone
676 2728 775 2800 urbe):
804 2727 894 2785 Post
915 2729 1130 2788 restitutam

67 2851 109 2889 eo
134 2828 269 2909 (Pyrrhi)
290 2831 388 2889 bello
411 2831 547 2890 factam
569 2833 630 2890 vix
651 2851 740 2908 pers
762 2831 914 2889 dimidia
936 2834 1131 2892 habitaba-

66 2949 143 3006 tur,
174 2935 326 3008 flumen,
359 2937 452 3010 quod
487 2938 605 2996 medio
644 2937 779 3014 oppido
812 2937 990 3009 fluxerat,
1026 2951 1132 3000 extra

68 3041 286 3118 frequentia
308 3040 419 3097 tectis
448 3041 530 3099 loee
557 3041 855 3118 praeterfluebat,
900 3053 934 3099 et
961 3063 1026 3101 arx
1048 3063 1132 3121 pro·

67 3147 128 3204 eul
161 3147 230 3216 eis,
263 3163 338 3220 quse
369 3147 653 3218 habitabantur;
696 3166 760 3205 sex
792 3147 898 3205 milia
931 3150 1059 3206 eberat
1089 3151 1132 3208 ab

67 3254 158 3310 urbe
177 3251 302 3309 nobile
323 3251 497 3327 templum
529 3253 624 3330 (ipsa
653 3255 743 3310 urbe
771 3263 850 3310 erat
870 3253 1045 3329 nobilius)
1068 3254 1132 3314 Le·

68 3357 176 3415 einise
196 3357 363 3427 Iunonis,
387 3367 550 3415 sanetum
575 3358 741 3416 omnibns
764 3359 862 3416 eires
884 3359 1041 3434 populis.
1083 3359 1132 3420 sie

68 3463 137 3520 inde
159 3481 178 3519 a
201 3461 355 3520 Gronovio
377 3462 480 3534 editur,
502 3463 646 3538 scripturn
669 3481 706 3520 ex
721 3461 782 3519 eius
804 3461 999 3536 Salmasiique
1020 3463 1132 3520 eunies·

68 3577 137 3624 tura
159 3565 345 3662 concinnatu3
366 3585 435 3624 nem
456 3568 487 3624 in
509 3568 594 3626 Psio
611 3567 751 3642 seriptum
772 3577 831 3624 ost:
852 3565 1133 3642 praeterfluebat

87 3833 112 3900 ι)
141 3836 171 3886 ln
189 3839 239 3887 hoe
258 3847 284 3889 et
301 3841 392 3890 ueteris
412 3841 499 3900 libris,
526 3855 579 3890 uon
598 3840 706 3890 collatus
728 3849 768 3892 ast
784 3841 867 3890 codex
893 3838 927 3900 C,
957 3840 1006 3890 nisi
1035 3841 1078 3890 ubi
1105 3841 1133 3890 in

142 3927 221 3978 XXX
239 3930 260 3979 P
276 3929 369 3980 defluit.
