2800 4646
565 265 621 322 193
967 265 1023 314 Lib.
1043 264 1077 312 X.

55 449 199 525 scriptum
222 464 286 504 esse
321 450 366 522 (ut
386 447 415 503 iu
439 448 512 504 Lov.
537 451 553 505 4
585 447 768 504 emendatum
790 447 903 520 videat:
939 449 1070 522 Itaque
1092 454 1128 511 et

57 551 363 630 supplicationes
396 582 438 594 -·
470 552 671 612 decernunt
692 559 728 616 et
756 552 937 610 iustitium
971 553 1126 611 remitti-

58 671 119 716 tur
140 677 199 728 -;
221 656 523 732 supplicatioque
544 668 597 716 eta
642 659 722 732 (Duo
747 659 977 726 simuldccreta3
998 659 1055 716 hcc
1075 677 1126 715 ex·

61 777 190 823 tremum
206 764 242 821 de
264 783 296 820 re
318 761 398 852 lacta
411 762 600 840 adiungitur).
650 764 758 822 Hausit
778 764 950 840 particulam
962 763 1127 840 precedens

59 873 168 946 t(nt),
191 877 223 926 ut
244 867 334 938 XXI,
371 869 421 939 49,
460 873 488 940 7,
521 869 649 940 XXIV,
673 874 705 941 4,
739 869 887 928 biactum
910 869 1127 929 monstrabitur.

61 977 161 1034 Paulo
188 983 257 1052 post
289 977 316 1044 (ξ
344 975 392 1047 13)
424 975 622 1032 scribendum:
651 977 696 1033 ob
725 977 797 1033 haec
829 985 864 1033 et
892 973 983 1052 (nam
1017 994 1127 1050 appe·

60 1083 170 1140 tabat
210 1076 371 1155 tempus)
409 1080 644 1138 comitiorum
690 1099 800 1138 causa
843 1082 878 1142 L.
912 1079 1129 1137 Volumnius

60 1203 137 1245 cos.
165 1186 312 1243 Romam
341 1177 549 1246 revocatus.
604 1187 683 1244 Nam
711 1187 790 1262 quod
821 1186 911 1244 enim
936 1203 1013 1260 saepe
1035 1183 1128 1242 omitti

60 1293 171 1349 dicitur
190 1291 220 1347 iu
241 1291 476 1366 parenthesibus,
508 1310 567 1348 non
600 1299 697 1366 potest
715 1292 810 1349 omitti
839 1292 867 1348 in
889 1290 1054 1348 huiusmodi
1075 1309 1128 1365 pa·

60 1397 193 1454 reutbesi
214 1407 280 1471 post
301 1396 474 1471 particulam
496 1397 692 1474 copulativam
717 1398 826 1454 inserta
841 1397 879 1452 ad
894 1395 1017 1453 alterum
1039 1414 1128 1452 mem-

65 1505 154 1560 brum
167 1502 401 1578 praeparandum.
425 1501 532 1577 (Grou.
543 1515 578 1562 et
588 1504 672 1572 (iam
688 1522 715 1560 a.
728 1500 766 1582 t.)
781 1502 1014 1560 comitiorum
1027 1500 1128 1573 acet.)

151 1605 226 1682 Cap.
250 1609 299 1678 28,
321 1609 339 1664 8
361 1608 403 1683 (in
424 1609 592 1666 narratione
613 1609 715 1684 proelii
739 1609 776 1665 ad
792 1608 952 1675 Sentinum,
974 1615 1129 1682 postquam

62 1715 180 1789 equites
198 1715 348 1772 Romanos
370 1733 398 1773 a.
422 1713 455 1772 C.
479 1713 572 1771 Decio
594 1714 679 1771 Mure
709 1713 738 1771 in
760 1717 859 1772 hostes
881 1713 1041 1772 concitatos
1063 1729 1129 1768 nar-

62 1820 173 1893 ravin:
197 1819 257 1876 Bis
279 1829 452 1876 avertere
467 1818 651 1876 Gallicum
668 1820 884 1894 equitatum
904 1820 1035 1876 iterum
1053 1817 1129 1874 lon-

62 1927 329 2002 giusevectos
359 1933 393 1980 ct
420 1925 490 1981 iam
527 1925 626 1982 inter
657 1924 776 1980 media
802 1923 959 1998 equitum
984 1924 1131 1998 agmina

66 2031 251 2108 proellum
285 2029 426 2087 cientes
457 2049 588 2088 novum
615 2048 746 2106 pugna
771 2029 978 2087 conterruit
1007 2047 1129 2104 genus.

63 2139 181 2196 Iterum
206 2137 276 2204 (hoc
300 2143 353 2206 est,
375 2135 466 2193 altero
488 2136 607 2212 impetu,
629 2154 688 2210 quo
703 2135 864 2210 equitatum
879 2133 1025 2194 Gallicum
1048 2153 1131 2191 aver·

64 2241 179 2316 terunt)
212 2241 327 2316 lougius
357 2242 449 2299 evecti
477 2250 506 2298 et
526 2241 621 2297 maius
652 2241 761 2316 aliquid
783 2241 880 2298 conati
910 2238 1001 2316 (quod
1023 2241 1130 2315 signifi·

64 2357 137 2406 eant
157 2346 308 2422 particulae
329 2357 363 2404 et
383 2345 481 2422 iam),
504 2364 562 2402 non
583 2345 642 2402 iam
660 2345 737 2402 iuter
758 2345 868 2420 equites
889 2346 919 2402 in
933 2345 1033 2419 fugam
1047 2364 1131 2402 aver-

64 2473 117 2512 sos
140 2453 252 2510 versari
273 2453 443 2521 debuerunt,
465 2451 516 2508 sed
538 2451 575 2508 ad
597 2450 692 2526 ipsam
712 2451 840 2527 peditum
851 2452 942 2508 aciem
956 2450 1131 2526 pervenisse,

66 2577 158 2635 quam
181 2558 310 2634 procella
332 2557 458 2632 equestri
479 2557 591 2614 turbari
612 2557 721 2614 Decius
742 2556 884 2613 voluerat.
932 2557 1037 2630 Itaque
1049 2574 1131 2630 pror·

68 2683 136 2724 sus:
150 2665 252 2722 inter
269 2663 386 2721 media
407 2662 571 2738 peditum
584 2651 732 2737 agmina
746 2662 927 2719 scribendum
944 2670 1024 2737 puto,
1037 2661 1132 2735 equi·

68 2783 143 2828 tum
164 2789 264 2828 errore
286 2770 491 2840 substitutum,
519 2787 607 2844 quum
630 2769 751 2825 haereret
771 2767 868 2825 animo
891 2766 1035 2840 equitatus
1059 2765 1132 2824 Gal-

69 2879 117 2935 lici
142 2877 260 2936 mentio.
318 2875 487 2933 Peditum
509 2893 614 2932 nomen
636 2891 691 2949 pro
713 2873 902 2946 equitibus
923 2882 967 2929 ter
988 2872 1018 2929 iu
1040 2871 1134 2929 omni-

69 2987 126 3043 bus
156 2981 304 3040 codicibus
336 2980 521 3038 substitutum
556 2989 599 3036 est
630 2979 811 3050 XXXVII,
839 2983 897 3048 40,
921 2984 938 3036 5
961 2988 989 3035 et
1013 2982 1060 3048 10,
1081 2997 1134 3037 nec

69 3091 176 3146 desunt
197 3086 332 3163 exempla
353 3085 491 3143 contrarii
511 3083 626 3146 erroris.

163 3191 238 3268 Cap.
256 3194 305 3260 3¹,
320 3196 336 3249 5
352 3191 467 3248 Livium
489 3209 544 3266 pro
569 3209 613 3262 oo,
636 3193 783 3266 quodest:
802 3189 991 3249 Samnites
1013 3207 1135 3246 ornnes

71 3297 274 3358 considunt
294 3295 487 3354 condixisse:
510 3296 727 3355 Samnitium
752 3315 874 3354 omnes
897 3314 1002 3366 cons,
1026 3305 1135 3351 certum

70 3417 125 3478 est.
184 3405 264 3462 Nam
286 3403 419 3474 XXXI,
447 3407 485 3459 45
520 3402 773 3472 (Macedonum
800 3401 878 3460 iera
908 3401 1072 3458 omnibus
1102 3409 1136 3455 et

72 3509 294 3585 quibusdam
321 3507 562 3580 Andriorum)
599 3517 628 3565 et
658 3507 800 3564 adiectum
831 3505 908 3565 fere
935 3517 963 3564 et
992 3525 1030 3562 ex
1052 3524 1135 3580 aquo

71 3616 201 3694 positum
224 3613 442 3690 quibusdam
464 3613 632 3690 partitIvam
654 3613 802 3670 notionem
825 3611 934 3684 effecit,
967 3621 996 3671 et
1016 3611 1137 3680 XXIV,

72 3723 113 3780 32
148 3719 430 3796 (pratorumque
471 3718 543 3775 nisi
581 3718 642 3794 qui
678 3719 772 3775 inter
812 3719 1002 3776 tumultum
1041 3716 1137 3776 eiiu-

70 3835 228 3904 gerunt,
271 3843 395 3883 omncs
430 3823 731 3896 interficiuntur)
767 3824 966 3899 Interpositum
1006 3825 1037 3880 si
1079 3824 1138 3898 qui

72 3931 205 4010 genitivo
241 3930 337 3990 locutu
381 3929 474 4000 dedit3
513 3929 592 4005 quod
624 3939 720 3986 autem
762 3929 925 3986 advocatur
951 3931 1038 3989 etiam
1071 3930 1139 4000 IX,

71 4043 135 4110 42,
174 4043 226 4108 11,
257 4037 348 4094 miror
378 4034 485 4093 slmilia
522 4033 614 4093 videri
648 4052 769 4093 omnes
798 4034 951 4093 Hernici
985 4036 1140 4094 nominis

125 4157 265 4200 sinuant
267 4167 342 4194 ιιιιιι
350 4154 406 4193 un.
908 4165 939 4211 ,ὃ
