2800 4646
269 257 463 312 numus
503 232 509 243 ’
770 261 830 318 4⁵2

155 445 158 450 '
269 443 396 502 habenti.
446 443 483 502 Id
515 442 633 502 dubium
663 460 721 499 uon
750 452 810 513 est,
841 443 909 519 quin
941 443 1075 520 proxime
1102 443 1194 500 verbe
1215 442 1332 500 codices

271 548 347 610 Pell.
378 557 407 606 et
432 546 704 606 Drakenborchieni
737 541 790 624 (de
824 547 856 606 M
885 549 1011 618 tacetur)
1040 558 1117 607 recte
1148 548 1190 606 sic
1220 548 1331 623 scripta

270 655 413 714 habeant:
434 655 470 712 in
492 653 689 712 Ambracia
714 672 784 711 nna
816 663 928 730 capta
954 673 1023 712 non
1053 653 1218 713 valuerit
1239 653 1332 711 belli

270 763 326 820 ius
349 761 408 834 (bei
429 760 495 818 dem
517 760 668 818 oroberten
685 758 870 832 Ambracia),
892 761 942 820 ubi
964 761 1057 819 editur
1084 760 1120 818 in
1140 761 1330 819 Ambraci-

271 885 325 926 am
354 885 459 924 unam
491 873 642 942 captam.
697 864 781 942 Soepe
811 865 842 922 in
874 868 929 925 hoc
964 885 1017 924 usu
1050 866 1264 942 propositionis
1296 867 1332 923 in

270 968 463 1048 aberretur-¹)

353 1075 426 1154 Cap.
450 1082 478 1146 7,
500 1077 518 1133 2
543 1073 591 1151 (de
610 1074 756 1151 triumpho
771 1073 825 1136 Cn.
841 1076 943 1134 Manlii
964 1095 1001 1134 ex
1023 1077 1123 1150 Asis):
1144 1076 1334 1136 Militibus

272 1183 527 1260 quadragenos
548 1180 654 1238 binos
676 1179 847 1239 denarios
874 1182 1018 1258 divisit,
1052 1181 1185 1258 duplex
1207 1191 1332 1238 centu-

270 1289 385 1360 rioni,
407 1297 441 1347 et
461 1286 684 1364 stipendium
700 1285 835 1362 duplex
848 1286 883 1344 in
897 1288 1039 1363 pedites
1054 1288 1167 1358 dedit,
1188 1288 1332 1364 triplex

272 1397 308 1454 in
332 1394 486 1471 equites.
535 1392 612 1466 Quid
634 1401 710 1450 esset
727 1391 757 1448 in
778 1393 823 1450 his
844 1393 907 1451 vitii
928 1403 957 1451 et
979 1393 1048 1468 quid
1068 1394 1210 1452 sententia
1233 1395 1330 1470 requi·

272 1511 364 1574 reret,
395 1499 532 1559 Dukerus
561 1506 589 1555 et
619 1497 874 1557 Drakenborohius
896 1500 1038 1556 viderunt.
1084 1500 1163 1558 Nam
1184 1517 1281 1574 neque
1301 1500 1331 1556 iu

272 1605 416 1668 communi
444 1605 597 1681 largitione
629 1604 812 1680 triumphali,
840 1605 943 1680 peditis
971 1615 1000 1664 et
1021 1605 1194 1664 centurionis
1215 1625 1331 1663 summe

272 1713 423 1782 distincta,
453 1711 569 1768 tertium
590 1711 694 1786 equitis
715 1711 837 1786 gradum
860 1711 952 1768 omitti
982 1723 1138 1789 perpetuus
1164 1730 1229 1769 moe
1252 1713 1329 1769 sine-

271 1820 323 1876 bat
349 1827 508 1893 contraque
537 1817 568 1874 in
599 1816 741 1893 stipendio
773 1827 856 1875 extra
887 1818 1017 1876 ordinem
1047 1829 1133 1877 aucto
1164 1817 1329 1876 huiusmodi

271 1924 404 1983 ordinum
439 1920 650 1980 distinctionem
684 1921 779 1980 locum
812 1941 870 1980 non
901 1924 1008 1982 hebere
1041 1935 1068 1982 et
1101 1925 1177 1982 Livii
1209 1925 1267 1982 loci
1294 1925 1329 1980 de

271 2029 381 2106 duplici
400 2027 543 2105 triplicive
563 2027 705 2104 stipendio
720 2029 874 2086 ostendunt
894 2029 1045 2087 aDulrero
1060 2030 1172 2088 collecti
1192 2030 1327 2106 (XXIll,

272 2136 322 2206 20,
343 2135 513 2204 XXXVII,
536 2136 585 2205 59,
606 2134 676 2204 XL,
707 2135 762 2192 43:
783 2135 963 2192 militibus
984 2136 1026 2192 de
1046 2137 1166 2211 praeda
1268 2138 1327 2194 tri·

271 2241 355 2315 plex
376 2240 506 2315 equiti,
537 2283 566 2302 ..
594 2250 629 2298 et
652 2240 860 2316 stipendum
890 2241 1054 2299 omnibus
1081 2241 1230 2318 duplex;
1261 2261 1326 2299 nem

272 2347 401 2418 XXIX,
432 2348 501 2404 3et
522 2347 629 2417 XXX,
666 2349 701 2404 16
723 2345 795 2402 nihil
816 2346 854 2403 ud
874 2347 950 2404 hene
971 2348 1152 2425 largitionem
1174 2345 1327 2422 pertinent)

272 2461 301 2511 et
321 2453 412 2511 multo
434 2453 527 2529 magis
548 2453 590 2510 rei
619 2461 737 2522 neture3
767 2470 835 2510 num
863 2453 1035 2529 stipendium
1067 2455 1160 2530 ipsum
1189 2451 1329 2527 gradibus

273 2569 303 2618 ot
325 2559 473 2618 ordinibus
496 2556 659 2616 distinctum
681 2558 887 2634 eremitaque
916 2559 1133 2636 multiplicando
1157 2557 1255 2636 (uelut
1276 2557 1326 2614 du·

272 2661 422 2744 plicando)
452 2664 624 2722 servubatur
644 2663 745 2720 eadem
766 2665 931 2740 proportio;
953 2665 978 2722 si
1004 2665 1176 2743 stipendium
1196 2665 1256 2721 iam
1277 2683 1328 2740 per

273 2791 305 2830 se
325 2771 419 2830 maius
441 2771 530 2828 etiam
552 2769 683 2846 pluribus
703 2770 835 2844 pertibus
850 2781 965 2828 auctum
984 2783 1059 2830 esset
1079 2771 1124 2848 (ut
1143 2771 1226 2828 miles
1247 2773 1328 2830 verbi

273 2876 429 2935 censebis
457 2874 788 2950 denariumucciperet,
821 2876 949 2934 centurio
979 2887 1082 2952 quater
1109 2877 1209 2948 binos,
1240 2896 1327 2954 equas

273 2981 367 3040 sexies
389 2986 513 3052 ternos),
546 2979 734 3038 intolerabilis
764 2981 901 3056 iniquitas
921 2990 991 3038 nuta
1013 2992 1097 3043 esset.
1152 2984 1258 3059 Itaque
1278 2983 1326 3041 Li·

273 3086 352 3144 vium
391 3087 433 3146 sic
472 3085 622 3162 scripsisse
665 3095 799 3162 apparet:
849 3086 1031 3146 militibus
1072 3090 1327 3165 quadragenos

272 3191 379 3252 binos
412 3192 582 3251 denarios
615 3192 756 3265 divisit,
788 3193 922 3269 duplex
944 3195 1164 3266 centurioni,
1192 3195 1326 3272 triplex

291 3484 315 3552 ι)
339 3487 416 3549 Quod
436 3505 457 3540 c.
478 3495 501 3548 5,
521 3493 536 3538 9
556 3503 589 3538 ex
605 3489 634 3539 M
652 3491 735 3540 editur
757 3505 929 3542 necessum
949 3501 1039 3541 esset
1056 3489 1169 3556 (Geleuii
1187 3491 1249 3554 fide;
1269 3507 1325 3542 uum

343 3581 502 3632 Cerbaahius
521 3583 580 3631 inda
598 3585 710 3633 enotavit
728 3596 864 3632 necesse
882 3595 982 3644 essem
1007 3583 1034 3632 iu
1058 3585 1146 3634 ceteris
1164 3593 1203 3635 est
1221 3599 1325 3636 ueces-

342 3675 461 3723 surium
493 3671 591 3736 esset)
620 3680 646 3720 et
662 3671 788 3734 XXXIV,
819 3680 844 3736 5,
872 3681 887 3724 2
912 3689 944 3724 ex
971 3675 1061 3726 eodem
1083 3692 1254 3727 necessum
1279 3689 1325 3728 cst

344 3765 399 3831 (ubi
417 3765 441 3814 B
460 3773 485 3813 et
503 3765 579 3814 ceteri
603 3763 700 3814 habent
724 3781 858 3818 necesse
876 3769 951 3831 est),
976 3769 1050 3818 uelde
1072 3784 1172 3830 vereor,
1195 3785 1228 3820 ue
1254 3786 1325 3822 casus

342 3871 390 3907 uos
406 3856 479 3906 ludat
496 3857 521 3905 iu
540 3855 639 3907 duobus
658 3857 697 3908 bis
715 3859 778 3911 locis
795 3861 940 3910 PlnutInam
949 3861 1180 3925 Lucretianamque
1197 3865 1324 3927 pemagnti

340 3947 459 3998 vocabuli
477 3947 587 3999 formam
606 3950 736 4001 obiiciant.
778 3951 817 4001 Da
836 3968 857 4002 a
879 3957 902 4016 t,
918 3959 934 4003 8
954 3955 1050 4004 dictum
1069 3962 1108 4004 est
1120 3969 1196 4020 cupre
1212 3957 1246 4006 ad
1265 3955 1324 4016 Vll,
1379 3941 1380 3969 l

341 4047 401 4105 2p.
423 4045 482 4096 1³⁹.
