<?xml version="1.0" encoding="UTF-8"?>
<!DOCTYPE html PUBLIC "-//W3C//DTD XHTML 1.0 Transitional//EN"
    "http://www.w3.org/TR/xhtml1/DTD/xhtml1-transitional.dtd">
<html xmlns="http://www.w3.org/1999/xhtml" xml:lang="en" lang="en">
 <head>
  <title>
</title>
<meta http-equiv="Content-Type" content="text/html;charset=utf-8" />
  <meta name='ocr-system' content='tesseract 3.04.00' />
  <meta name='ocr-capabilities' content='ocr_page ocr_carea ocr_par ocr_line ocrx_word'/>
</head>
<body>
  <div class='ocr_page' id='page_1' title='image "./emendationesliv02madvgoog_0463.png"; bbox 0 0 2800 4646; ppageno 0'>
   <div class='ocr_carea' id='block_1_1' title="bbox 276 285 835 347">
    <p class='ocr_par' dir='ltr' id='par_1_1' title="bbox 276 285 835 347">
     <span class='ocr_line' id='line_1_1' title="bbox 276 285 835 347; baseline 0 -10"><span class='ocrx_word' id='word_1_1' title='bbox 276 287 335 337; x_wconf 79' lang='lat' dir='ltr'>bib.</span> <span class='ocrx_word' id='word_1_2' title='bbox 348 285 476 338; x_wconf 77' lang='lat' dir='ltr'>XXXlX.</span> <span class='ocrx_word' id='word_1_3' title='bbox 777 293 835 347; x_wconf 73' lang='grc'>454</span> 
     </span>
    </p>
   </div>
   <div class='ocr_carea' id='block_1_2' title="bbox 271 456 1338 2133">
    <p class='ocr_par' dir='ltr' id='par_1_2' title="bbox 271 456 1338 2133">
     <span class='ocr_line' id='line_1_2' title="bbox 287 456 1338 549; baseline 0.004 -19"><span class='ocrx_word' id='word_1_4' title='bbox 287 456 291 462; x_wconf 51' lang='grc'><strong>’</strong></span> <span class='ocrx_word' id='word_1_5' title='bbox 360 470 434 548; x_wconf 87' lang='lat' dir='ltr'>Cap.</span> <span class='ocrx_word' id='word_1_6' title='bbox 458 474 507 545; x_wconf 82' lang='lat'>25,</span> <span class='ocrx_word' id='word_1_7' title='bbox 533 475 550 530; x_wconf 83' lang='lat'><strong>3</strong></span> <span class='ocrx_word' id='word_1_8' title='bbox 572 477 639 530; x_wconf 76' lang='lat' dir='ltr'>att</span> <span class='ocrx_word' id='word_1_9' title='bbox 672 471 733 549; x_wconf 86' lang='lat' dir='ltr'>(ubi</span> <span class='ocrx_word' id='word_1_10' title='bbox 763 471 860 546; x_wconf 60' lang='lat' dir='ltr'>agn&#39;tur</span> <span class='ocrx_word' id='word_1_11' title='bbox 890 471 926 529; x_wconf 90' lang='lat' dir='ltr'>de</span> <span class='ocrx_word' id='word_1_12' title='bbox 957 473 1048 530; x_wconf 85' lang='lat' dir='ltr'>tribus</span> <span class='ocrx_word' id='word_1_13' title='bbox 1068 473 1172 549; x_wconf 84' lang='lat' dir='ltr'>legatie</span> <span class='ocrx_word' id='word_1_14' title='bbox 1192 477 1338 534; x_wconf 82' lang='lat' dir='ltr'>Romania</span> 
     </span>
     <span class='ocr_line' id='line_1_3' title="bbox 277 578 1337 658; baseline 0.007 -24"><span class='ocrx_word' id='word_1_15' title='bbox 277 578 316 634; x_wconf 89' lang='lat' dir='ltr'>ad</span> <span class='ocrx_word' id='word_1_16' title='bbox 337 578 449 654; x_wconf 80' lang='lat' dir='ltr'>&#39;sempe</span> <span class='ocrx_word' id='word_1_17' title='bbox 479 579 650 637; x_wconf 84' lang='lat' dir='ltr'>Thessalica</span> <span class='ocrx_word' id='word_1_18' title='bbox 676 579 705 636; x_wconf 93' lang='lat' dir='ltr'>in</span> <span class='ocrx_word' id='word_1_19' title='bbox 735 587 877 635; x_wconf 86' lang='lat' dir='ltr'>conventu</span> <span class='ocrx_word' id='word_1_20' title='bbox 908 578 1121 636; x_wconf 85' lang='lat' dir='ltr'>controversias</span> <span class='ocrx_word' id='word_1_21' title='bbox 1146 583 1276 658; x_wconf 79' lang='lat' dir='ltr'>Philippi</span> <span class='ocrx_word' id='word_1_22' title='bbox 1308 593 1337 640; x_wconf 87' lang='lat' dir='ltr'>et</span> 
     </span>
     <span class='ocr_line' id='line_1_4' title="bbox 277 678 1335 760; baseline 0.004 -19"><span class='ocrx_word' id='word_1_23' title='bbox 277 684 484 742; x_wconf 75' lang='lat' dir='ltr'>Thessalorum</span> <span class='ocrx_word' id='word_1_24' title='bbox 520 678 777 760; x_wconf 81' lang='lat' dir='ltr'>disceptantibus):</span> <span class='ocrx_word' id='word_1_25' title='bbox 811 682 851 740; x_wconf 93' lang='lat' dir='ltr'>In</span> <span class='ocrx_word' id='word_1_26' title='bbox 888 685 1177 743; x_wconf 85' lang='lat' dir='ltr'>controversiam</span> <span class='ocrx_word' id='word_1_27' title='bbox 1211 697 1335 745; x_wconf 87' lang='lat' dir='ltr'>autem</span> 
     </span>
     <span class='ocr_line' id='line_1_5' title="bbox 277 788 1338 867; baseline 0.008 -22"><span class='ocrx_word' id='word_1_28' title='bbox 277 788 474 847; x_wconf 82' lang='lat' dir='ltr'>veniebant</span> <span class='ocrx_word' id='word_1_29' title='bbox 504 788 795 867; x_wconf 82' lang='lat' dir='ltr'>Philippopolis,</span> <span class='ocrx_word' id='word_1_30' title='bbox 818 789 968 858; x_wconf 75' lang='lat' dir='ltr'>Tricca,</span> <span class='ocrx_word' id='word_1_31' title='bbox 996 790 1173 850; x_wconf 76' lang='lat' dir='ltr'>Phaloria</span> <span class='ocrx_word' id='word_1_32' title='bbox 1204 805 1239 851; x_wconf 87' lang='lat' dir='ltr'>at</span> <span class='ocrx_word' id='word_1_33' title='bbox 1270 796 1338 852; x_wconf 86' lang='lat' dir='ltr'>Eu-</span> 
     </span>
     <span class='ocr_line' id='line_1_6' title="bbox 277 894 1336 976; baseline 0.006 -25"><span class='ocrx_word' id='word_1_34' title='bbox 277 913 431 976; x_wconf 71' lang='lat' dir='ltr'>rymenas</span> <span class='ocrx_word' id='word_1_35' title='bbox 458 905 492 954; x_wconf 89' lang='lat' dir='ltr'>et</span> <span class='ocrx_word' id='word_1_36' title='bbox 519 907 640 954; x_wconf 85' lang='lat' dir='ltr'>cetero</span> <span class='ocrx_word' id='word_1_37' title='bbox 662 895 760 953; x_wconf 87' lang='lat' dir='ltr'>circa</span> <span class='ocrx_word' id='word_1_38' title='bbox 778 913 839 951; x_wconf 85' lang='lat' dir='ltr'>aas</span> <span class='ocrx_word' id='word_1_39' title='bbox 860 894 1011 971; x_wconf 85' lang='lat' dir='ltr'>oppida,</span> <span class='ocrx_word' id='word_1_40' title='bbox 1033 906 1155 954; x_wconf 88' lang='lat' dir='ltr'>utrum</span> <span class='ocrx_word' id='word_1_41' title='bbox 1180 899 1336 957; x_wconf 81' lang='lat' dir='ltr'>Thessa-</span> 
     </span>
     <span class='ocr_line' id='line_1_7' title="bbox 277 1000 1337 1079; baseline 0.006 -23"><span class='ocrx_word' id='word_1_42' title='bbox 277 1001 392 1058; x_wconf 90' lang='lat' dir='ltr'>lorum</span> <span class='ocrx_word' id='word_1_43' title='bbox 424 1000 535 1070; x_wconf 84' lang='lat' dir='ltr'>iuris,</span> <span class='ocrx_word' id='word_1_44' title='bbox 577 1019 679 1075; x_wconf 88' lang='lat' dir='ltr'>quum</span> <span class='ocrx_word' id='word_1_45' title='bbox 717 1001 752 1058; x_wconf 82' lang='lat' dir='ltr'>vi</span> <span class='ocrx_word' id='word_1_46' title='bbox 793 1001 966 1075; x_wconf 70' lang='lat' dir='ltr'>adempta</span> <span class='ocrx_word' id='word_1_47' title='bbox 1004 1019 1256 1079; x_wconf 70' lang='lat' dir='ltr'>postemque</span> <span class='ocrx_word' id='word_1_48' title='bbox 1291 1007 1337 1062; x_wconf 85' lang='lat' dir='ltr'>ab</span> 
     </span>
     <span class='ocr_line' id='line_1_8' title="bbox 271 1105 1337 1182; baseline 0.003 -19"><span class='ocrx_word' id='word_1_49' title='bbox 271 1105 413 1164; x_wconf 66' lang='lat' dir='ltr'>¹AEtolis</span> <span class='ocrx_word' id='word_1_50' title='bbox 434 1105 559 1164; x_wconf 80' lang='lat' dir='ltr'>forent</span> <span class='ocrx_word' id='word_1_51' title='bbox 579 1111 671 1176; x_wconf 84' lang='lat' dir='ltr'>(nam</span> <span class='ocrx_word' id='word_1_52' title='bbox 692 1107 900 1182; x_wconf 88' lang='lat' dir='ltr'>Philippum</span> <span class='ocrx_word' id='word_1_53' title='bbox 922 1106 1057 1163; x_wconf 83' lang='lat' dir='ltr'>AEtolis</span> <span class='ocrx_word' id='word_1_54' title='bbox 1079 1109 1256 1167; x_wconf 85' lang='lat' dir='ltr'>ademisse</span> <span class='ocrx_word' id='word_1_55' title='bbox 1275 1131 1337 1168; x_wconf 83' lang='lat' dir='ltr'>eas</span> 
     </span>
     <span class='ocr_line' id='line_1_9' title="bbox 278 1211 1335 1292; baseline 0.004 -24"><span class='ocrx_word' id='word_1_56' title='bbox 278 1211 495 1288; x_wconf 77' lang='lat' dir='ltr'>constabat),</span> <span class='ocrx_word' id='word_1_57' title='bbox 525 1231 567 1270; x_wconf 90' lang='lat' dir='ltr'>an</span> <span class='ocrx_word' id='word_1_58' title='bbox 596 1212 757 1272; x_wconf 85' lang='lat' dir='ltr'>AEtolica</span> <span class='ocrx_word' id='word_1_59' title='bbox 786 1211 990 1286; x_wconf 88' lang='lat' dir='ltr'>antiquitus</span> <span class='ocrx_word' id='word_1_60' title='bbox 1021 1231 1061 1270; x_wconf 85' lang='lat' dir='ltr'>aa</span> <span class='ocrx_word' id='word_1_61' title='bbox 1086 1216 1221 1292; x_wconf 85' lang='lat' dir='ltr'>oppida</span> <span class='ocrx_word' id='word_1_62' title='bbox 1245 1217 1335 1274; x_wconf 77' lang='lat' dir='ltr'>fuis-</span> 
     </span>
     <span class='ocr_line' id='line_1_10' title="bbox 277 1315 1334 1396; baseline 0.007 -23"><span class='ocrx_word' id='word_1_63' title='bbox 277 1325 365 1374; x_wconf 84' lang='lat' dir='ltr'>sent.</span> <span class='ocrx_word' id='word_1_64' title='bbox 412 1318 482 1377; x_wconf 89' lang='lat' dir='ltr'>Non</span> <span class='ocrx_word' id='word_1_65' title='bbox 497 1317 687 1392; x_wconf 73' lang='lat' dir='ltr'>quaerebatur,</span> <span class='ocrx_word' id='word_1_66' title='bbox 711 1326 827 1375; x_wconf 85' lang='lat' dir='ltr'>cortone</span> <span class='ocrx_word' id='word_1_67' title='bbox 841 1315 938 1391; x_wconf 90' lang='lat' dir='ltr'>aliquo</span> <span class='ocrx_word' id='word_1_68' title='bbox 952 1325 1081 1394; x_wconf 84' lang='lat' dir='ltr'>tempore</span> <span class='ocrx_word' id='word_1_69' title='bbox 1097 1323 1191 1390; x_wconf 83' lang='lat' dir='ltr'>(turn,</span> <span class='ocrx_word' id='word_1_70' title='bbox 1217 1327 1334 1396; x_wconf 85' lang='lat' dir='ltr'>quum)</span> 
     </span>
     <span class='ocr_line' id='line_1_11' title="bbox 277 1421 1335 1502; baseline 0.004 -20"><span class='ocrx_word' id='word_1_71' title='bbox 277 1423 485 1482; x_wconf 84' lang='lat' dir='ltr'>Thessalorum</span> <span class='ocrx_word' id='word_1_72' title='bbox 506 1421 576 1478; x_wconf 88' lang='lat' dir='ltr'>iuris</span> <span class='ocrx_word' id='word_1_73' title='bbox 607 1441 643 1479; x_wconf 87' lang='lat' dir='ltr'>ea</span> <span class='ocrx_word' id='word_1_74' title='bbox 664 1422 772 1499; x_wconf 87' lang='lat' dir='ltr'>oppida</span> <span class='ocrx_word' id='word_1_75' title='bbox 792 1422 922 1492; x_wconf 83' lang='lat' dir='ltr'>luissent,</span> <span class='ocrx_word' id='word_1_76' title='bbox 954 1423 1004 1480; x_wconf 84' lang='lat' dir='ltr'>sed</span> <span class='ocrx_word' id='word_1_77' title='bbox 1033 1443 1101 1482; x_wconf 87' lang='lat' dir='ltr'>num</span> <span class='ocrx_word' id='word_1_78' title='bbox 1127 1427 1286 1502; x_wconf 83' lang='lat' dir='ltr'>antiquitus</span> <span class='ocrx_word' id='word_1_79' title='bbox 1307 1440 1335 1485; x_wconf 84' lang='lat' dir='ltr'>et</span> 
     </span>
     <span class='ocr_line' id='line_1_12' title="bbox 277 1529 1336 1610; baseline 0.005 -24"><span class='ocrx_word' id='word_1_80' title='bbox 277 1538 426 1605; x_wconf 85' lang='lat' dir='ltr'>perpetuo,</span> <span class='ocrx_word' id='word_1_81' title='bbox 448 1547 501 1587; x_wconf 89' lang='lat' dir='ltr'>noo</span> <span class='ocrx_word' id='word_1_82' title='bbox 514 1529 557 1586; x_wconf 85' lang='lat' dir='ltr'>ita</span> <span class='ocrx_word' id='word_1_83' title='bbox 571 1530 763 1603; x_wconf 78' lang='lat' dir='ltr'>quaerebatur,</span> <span class='ocrx_word' id='word_1_84' title='bbox 785 1536 817 1585; x_wconf 89' lang='lat' dir='ltr'>ut</span> <span class='ocrx_word' id='word_1_85' title='bbox 830 1547 884 1604; x_wconf 93' lang='lat' dir='ltr'>pro</span> <span class='ocrx_word' id='word_1_86' title='bbox 900 1547 1038 1588; x_wconf 88' lang='lat' dir='ltr'>concesso</span> <span class='ocrx_word' id='word_1_87' title='bbox 1054 1541 1138 1602; x_wconf 82' lang='lat' dir='ltr'>essct,</span> <span class='ocrx_word' id='word_1_88' title='bbox 1152 1533 1181 1589; x_wconf 84' lang='lat' dir='ltr'>vi</span> <span class='ocrx_word' id='word_1_89' title='bbox 1197 1533 1336 1610; x_wconf 79' lang='lat' dir='ltr'>adempta</span> 
     </span>
     <span class='ocr_line' id='line_1_13' title="bbox 277 1633 1337 1713; baseline 0.005 -21"><span class='ocrx_word' id='word_1_90' title='bbox 277 1645 306 1692; x_wconf 91' lang='lat' dir='ltr'>et</span> <span class='ocrx_word' id='word_1_91' title='bbox 326 1653 462 1711; x_wconf 86' lang='lat' dir='ltr'>possessa</span> <span class='ocrx_word' id='word_1_92' title='bbox 483 1635 523 1692; x_wconf 90' lang='lat' dir='ltr'>ab</span> <span class='ocrx_word' id='word_1_93' title='bbox 543 1633 653 1693; x_wconf 83' lang='lat' dir='ltr'>AEtolis</span> <span class='ocrx_word' id='word_1_94' title='bbox 675 1651 751 1702; x_wconf 81' lang='lat' dir='ltr'>esae3</span> <span class='ocrx_word' id='word_1_95' title='bbox 780 1651 847 1690; x_wconf 87' lang='lat' dir='ltr'>nam</span> <span class='ocrx_word' id='word_1_96' title='bbox 876 1633 904 1690; x_wconf 91' lang='lat' dir='ltr'>id</span> <span class='ocrx_word' id='word_1_97' title='bbox 933 1635 995 1692; x_wconf 79' lang='lat' dir='ltr'>fieri</span> <span class='ocrx_word' id='word_1_98' title='bbox 1022 1654 1078 1694; x_wconf 89' lang='lat' dir='ltr'>non</span> <span class='ocrx_word' id='word_1_99' title='bbox 1100 1639 1250 1713; x_wconf 67' lang='lat' dir='ltr'>potuisset,</span> <span class='ocrx_word' id='word_1_100' title='bbox 1280 1641 1337 1698; x_wconf 88' lang='lat' dir='ltr'>nisi</span> 
     </span>
     <span class='ocr_line' id='line_1_14' title="bbox 278 1737 1335 1820; baseline 0.006 -22"><span class='ocrx_word' id='word_1_101' title='bbox 278 1741 485 1798; x_wconf 83' lang='lat' dir='ltr'>Thessalorum</span> <span class='ocrx_word' id='word_1_102' title='bbox 503 1740 573 1798; x_wconf 88' lang='lat' dir='ltr'>iuris</span> <span class='ocrx_word' id='word_1_103' title='bbox 594 1739 731 1810; x_wconf 86' lang='lat' dir='ltr'>fuissent,</span> <span class='ocrx_word' id='word_1_104' title='bbox 754 1757 816 1810; x_wconf 74' lang='lat' dir='ltr'>nec,</span> <span class='ocrx_word' id='word_1_105' title='bbox 838 1739 863 1796; x_wconf 88' lang='lat' dir='ltr'>si</span> <span class='ocrx_word' id='word_1_106' title='bbox 883 1737 913 1794; x_wconf 90' lang='lat' dir='ltr'>id</span> <span class='ocrx_word' id='word_1_107' title='bbox 936 1739 1045 1798; x_wconf 78' lang='lat' dir='ltr'>factum</span> <span class='ocrx_word' id='word_1_108' title='bbox 1068 1753 1152 1814; x_wconf 85' lang='lat' dir='ltr'>esset,</span> <span class='ocrx_word' id='word_1_109' title='bbox 1172 1747 1335 1820; x_wconf 83' lang='lat' dir='ltr'>potuissent</span> 
     </span>
     <span class='ocr_line' id='line_1_15' title="bbox 278 1844 1336 1924; baseline 0.009 -23"><span class='ocrx_word' id='word_1_110' title='bbox 278 1847 336 1904; x_wconf 87' lang='lat' dir='ltr'>ullo</span> <span class='ocrx_word' id='word_1_111' title='bbox 358 1847 446 1904; x_wconf 86' lang='lat' dir='ltr'>modo</span> <span class='ocrx_word' id='word_1_112' title='bbox 466 1846 631 1904; x_wconf 83' lang='lat' dir='ltr'>AEtolica</span> <span class='ocrx_word' id='word_1_113' title='bbox 653 1844 859 1920; x_wconf 83' lang='lat' dir='ltr'>antiquitus</span> <span class='ocrx_word' id='word_1_114' title='bbox 881 1863 953 1906; x_wconf 84' lang='lat' dir='ltr'>esse.</span> <span class='ocrx_word' id='word_1_115' title='bbox 1002 1848 1160 1924; x_wconf 79' lang='lat' dir='ltr'>Perspicua</span> <span class='ocrx_word' id='word_1_116' title='bbox 1180 1851 1242 1908; x_wconf 79' lang='lat' dir='ltr'>haec</span> <span class='ocrx_word' id='word_1_117' title='bbox 1263 1855 1336 1910; x_wconf 87' lang='lat' dir='ltr'>fiunt</span> 
     </span>
     <span class='ocr_line' id='line_1_16' title="bbox 278 1951 1335 2030; baseline 0.007 -22"><span class='ocrx_word' id='word_1_118' title='bbox 278 1971 314 2008; x_wconf 90' lang='lat' dir='ltr'>ex</span> <span class='ocrx_word' id='word_1_119' title='bbox 337 1952 382 2022; x_wconf 89' lang='lat' dir='ltr'>iis,</span> <span class='ocrx_word' id='word_1_120' title='bbox 406 1971 470 2027; x_wconf 75' lang='lat' dir='ltr'>quae</span> <span class='ocrx_word' id='word_1_121' title='bbox 491 1952 691 2009; x_wconf 82' lang='lat' dir='ltr'>subiiciuntur:</span> <span class='ocrx_word' id='word_1_122' title='bbox 718 1951 771 2008; x_wconf 85' lang='lat' dir='ltr'>ita</span> <span class='ocrx_word' id='word_1_123' title='bbox 793 1951 884 2008; x_wconf 85' lang='lat' dir='ltr'>enim</span> <span class='ocrx_word' id='word_1_124' title='bbox 906 1953 1063 2011; x_wconf 80' lang='lat' dir='ltr'>Acilium</span> <span class='ocrx_word' id='word_1_125' title='bbox 1087 1955 1164 2030; x_wconf 84' lang='lat' dir='ltr'>regi</span> <span class='ocrx_word' id='word_1_126' title='bbox 1186 1974 1335 2014; x_wconf 85' lang='lat' dir='ltr'>conces·</span> 
     </span>
     <span class='ocr_line' id='line_1_17' title="bbox 278 2056 1335 2133; baseline 0.007 -19"><span class='ocrx_word' id='word_1_127' title='bbox 278 2057 371 2114; x_wconf 86' lang='lat' dir='ltr'>sisse</span> <span class='ocrx_word' id='word_1_128' title='bbox 393 2056 442 2133; x_wconf 88' lang='lat' dir='ltr'>(ea</span> <span class='ocrx_word' id='word_1_129' title='bbox 464 2057 605 2132; x_wconf 88' lang='lat' dir='ltr'>oppida),</span> <span class='ocrx_word' id='word_1_130' title='bbox 636 2056 668 2114; x_wconf 82' lang='lat' dir='ltr'>si</span> <span class='ocrx_word' id='word_1_131' title='bbox 690 2057 896 2115; x_wconf 84' lang='lat' dir='ltr'>AEtolorum</span> <span class='ocrx_word' id='word_1_132' title='bbox 922 2057 1078 2116; x_wconf 78' lang='lat' dir='ltr'>luissent</span> <span class='ocrx_word' id='word_1_133' title='bbox 1104 2071 1138 2116; x_wconf 89' lang='lat' dir='ltr'>et</span> <span class='ocrx_word' id='word_1_134' title='bbox 1159 2062 1189 2118; x_wconf 89' lang='lat' dir='ltr'>si</span> <span class='ocrx_word' id='word_1_135' title='bbox 1210 2063 1335 2120; x_wconf 83' lang='lat' dir='ltr'>volun-</span> 
     </span>
    </p>
   </div>
   <div class='ocr_carea' id='block_1_3' title="bbox 277 2221 475 2235">
    <p class='ocr_par' dir='ltr' id='par_1_3' title="bbox 277 2221 475 2235">
     <span class='ocr_line' id='line_1_18' title="bbox 277 2221 475 2235; baseline 0.005 -4"><span class='ocrx_word' id='word_1_136' title='bbox 277 2221 475 2235; x_wconf 57' lang='grc' dir='ltr'>...ῃ-ι-</span> 
     </span>
    </p>
   </div>
   <div class='ocr_carea' id='block_1_4' title="bbox 308 2317 1386 4128">
    <p class='ocr_par' dir='ltr' id='par_1_4' title="bbox 308 2317 1386 4128">
     <span class='ocr_line' id='line_1_19' title="bbox 347 2317 1337 2384; baseline 0.002 -14"><span class='ocrx_word' id='word_1_137' title='bbox 347 2321 500 2370; x_wconf 85' lang='lat' dir='ltr'>stitueoduro</span> <span class='ocrx_word' id='word_1_138' title='bbox 520 2317 618 2368; x_wconf 80' lang='lat' dir='ltr'>videtur</span> <span class='ocrx_word' id='word_1_139' title='bbox 636 2333 649 2366; x_wconf 89' lang='lat' dir='ltr'>e</span> <span class='ocrx_word' id='word_1_140' title='bbox 669 2317 831 2378; x_wconf 79' lang='lat' dir='ltr'>vulgaribus:</span> <span class='ocrx_word' id='word_1_141' title='bbox 852 2318 976 2381; x_wconf 87' lang='lat' dir='ltr'>optime</span> <span class='ocrx_word' id='word_1_142' title='bbox 1001 2321 1033 2368; x_wconf 91' lang='lat' dir='ltr'>in</span> <span class='ocrx_word' id='word_1_143' title='bbox 1051 2335 1086 2369; x_wconf 83' lang='lat' dir='ltr'>eo</span> <span class='ocrx_word' id='word_1_144' title='bbox 1101 2321 1174 2384; x_wconf 83' lang='lat' dir='ltr'>ipso</span> <span class='ocrx_word' id='word_1_145' title='bbox 1194 2323 1337 2382; x_wconf 61' lang='lat' dir='ltr'>merim</span> 
     </span>
     <span class='ocr_line' id='line_1_20' title="bbox 345 2409 1333 2476; baseline 0.002 -14"><span class='ocrx_word' id='word_1_146' title='bbox 345 2428 406 2463; x_wconf 82' lang='lat' dir='ltr'>nam</span> <span class='ocrx_word' id='word_1_147' title='bbox 424 2426 459 2462; x_wconf 82' lang='lat' dir='ltr'>co</span> <span class='ocrx_word' id='word_1_148' title='bbox 478 2413 550 2476; x_wconf 88' lang='lat' dir='ltr'>ipso</span> <span class='ocrx_word' id='word_1_149' title='bbox 569 2427 619 2475; x_wconf 86' lang='lat' dir='ltr'>quo</span> <span class='ocrx_word' id='word_1_150' title='bbox 632 2409 764 2469; x_wconf 76' lang='lat' dir='ltr'>celeratur,</span> <span class='ocrx_word' id='word_1_151' title='bbox 783 2409 931 2460; x_wconf 85' lang='lat' dir='ltr'>nonhabet.</span> <span class='ocrx_word' id='word_1_152' title='bbox 967 2411 1088 2460; x_wconf 87' lang='lat' dir='ltr'>Proxime</span> <span class='ocrx_word' id='word_1_153' title='bbox 1103 2413 1136 2462; x_wconf 83' lang='lat' dir='ltr'>ad</span> <span class='ocrx_word' id='word_1_154' title='bbox 1150 2415 1333 2464; x_wconf 73' lang='lat' dir='ltr'>correctionem</span> 
     </span>
     <span class='ocr_line' id='line_1_21' title="bbox 344 2502 1334 2570; baseline -0.002 -14"><span class='ocrx_word' id='word_1_155' title='bbox 344 2508 371 2556; x_wconf 87' lang='lat' dir='ltr'>in</span> <span class='ocrx_word' id='word_1_156' title='bbox 395 2506 435 2554; x_wconf 88' lang='lat' dir='ltr'>sd.</span> <span class='ocrx_word' id='word_1_157' title='bbox 462 2505 621 2554; x_wconf 80' lang='lat' dir='ltr'>Ascensiana</span> <span class='ocrx_word' id='word_1_158' title='bbox 642 2503 780 2554; x_wconf 79' lang='lat' dir='ltr'>adhibitam</span> <span class='ocrx_word' id='word_1_159' title='bbox 806 2502 965 2552; x_wconf 83' lang='lat' dir='ltr'>scribendum</span> <span class='ocrx_word' id='word_1_160' title='bbox 992 2503 1105 2557; x_wconf 84' lang='lat' dir='ltr'>videtur:</span> <span class='ocrx_word' id='word_1_161' title='bbox 1149 2507 1272 2570; x_wconf 86' lang='lat' dir='ltr'>optime</span> <span class='ocrx_word' id='word_1_162' title='bbox 1298 2509 1334 2555; x_wconf 84' lang='lat' dir='ltr'>de</span> 
     </span>
     <span class='ocr_line' id='line_1_22' title="bbox 346 2595 1335 2663; baseline -0.001 -15"><span class='ocrx_word' id='word_1_163' title='bbox 346 2599 418 2663; x_wconf 82' lang='lat' dir='ltr'>ipso</span> <span class='ocrx_word' id='word_1_164' title='bbox 442 2597 575 2647; x_wconf 79' lang='lat' dir='ltr'>merita.</span> <span class='ocrx_word' id='word_1_165' title='bbox 620 2596 671 2646; x_wconf 86' lang='lat' dir='ltr'>Sed</span> <span class='ocrx_word' id='word_1_166' title='bbox 697 2595 783 2644; x_wconf 86' lang='lat' dir='ltr'>mendi</span> <span class='ocrx_word' id='word_1_167' title='bbox 807 2596 880 2657; x_wconf 77' lang='lat' dir='ltr'>origo</span> <span class='ocrx_word' id='word_1_168' title='bbox 905 2596 1014 2645; x_wconf 85' lang='lat' dir='ltr'>obscura</span> <span class='ocrx_word' id='word_1_169' title='bbox 1045 2605 1091 2645; x_wconf 85' lang='lat' dir='ltr'>cst.</span> <span class='ocrx_word' id='word_1_170' title='bbox 1145 2595 1208 2662; x_wconf 75' lang='lat' dir='ltr'>(lap.</span> <span class='ocrx_word' id='word_1_171' title='bbox 1227 2603 1276 2656; x_wconf 82' lang='lat' dir='ltr'>lt,</span> <span class='ocrx_word' id='word_1_172' title='bbox 1305 2607 1335 2648; x_wconf 82' lang='lat' dir='ltr'>t:</span> 
     </span>
     <span class='ocr_line' id='line_1_23' title="bbox 346 2687 1332 2754; baseline 0 -16"><span class='ocrx_word' id='word_1_173' title='bbox 346 2689 472 2753; x_wconf 85' lang='lat' dir='ltr'>(Patres</span> <span class='ocrx_word' id='word_1_174' title='bbox 490 2705 588 2754; x_wconf 86' lang='lat' dir='ltr'>pavor</span> <span class='ocrx_word' id='word_1_175' title='bbox 612 2689 731 2751; x_wconf 80' lang='lat' dir='ltr'>ingena</span> <span class='ocrx_word' id='word_1_176' title='bbox 751 2687 841 2751; x_wconf 90' lang='lat' dir='ltr'>cepit</span> <span class='ocrx_word' id='word_1_177' title='bbox 866 2702 957 2752; x_wconf 88' lang='lat' dir='ltr'>quum</span> <span class='ocrx_word' id='word_1_178' title='bbox 976 2689 1109 2752; x_wconf 88' lang='lat' dir='ltr'>publico</span> <span class='ocrx_word' id='word_1_179' title='bbox 1126 2690 1254 2740; x_wconf 86' lang='lat' dir='ltr'>nomine</span> <span class='ocrx_word' id='word_1_180' title='bbox 1273 2725 1280 2738; x_wconf 86' lang='lat'><strong>.</strong></span> <span class='ocrx_word' id='word_1_181' title='bbox 1301 2728 1332 2739; x_wconf 89' lang='lat'>..</span> 
     </span>
     <span class='ocr_line' id='line_1_24' title="bbox 345 2779 1335 2846; baseline 0.001 -15"><span class='ocrx_word' id='word_1_182' title='bbox 345 2791 412 2832; x_wconf 86' lang='lat' dir='ltr'>tom</span> <span class='ocrx_word' id='word_1_183' title='bbox 442 2783 596 2846; x_wconf 83' lang='lat' dir='ltr'>privatim</span> <span class='ocrx_word' id='word_1_184' title='bbox 627 2796 755 2831; x_wconf 85' lang='lat' dir='ltr'>auorum</span> <span class='ocrx_word' id='word_1_185' title='bbox 786 2781 922 2843; x_wconf 87' lang='lat' dir='ltr'>quiaque</span> <span class='ocrx_word' id='word_1_186' title='bbox 952 2781 1063 2846; x_wconf 82' lang='lat' dir='ltr'>vicero)</span> <span class='ocrx_word' id='word_1_187' title='bbox 1095 2789 1163 2832; x_wconf 85' lang='lat' dir='ltr'>recto</span> <span class='ocrx_word' id='word_1_188' title='bbox 1187 2779 1335 2832; x_wconf 78' lang='lat' dir='ltr'>Gronorine</span> 
     </span>
     <span class='ocr_line' id='line_1_25' title="bbox 345 2871 1333 2939; baseline 0.004 -18"><span class='ocrx_word' id='word_1_189' title='bbox 345 2881 371 2921; x_wconf 86' lang='lat' dir='ltr'>ct</span> <span class='ocrx_word' id='word_1_190' title='bbox 390 2871 525 2924; x_wconf 77' lang='lat' dir='ltr'>Creverins</span> <span class='ocrx_word' id='word_1_191' title='bbox 543 2883 640 2937; x_wconf 81' lang='lat' dir='ltr'>negant</span> <span class='ocrx_word' id='word_1_192' title='bbox 662 2874 765 2924; x_wconf 82' lang='lat' dir='ltr'>Livium</span> <span class='ocrx_word' id='word_1_193' title='bbox 785 2873 811 2920; x_wconf 91' lang='lat' dir='ltr'>in</span> <span class='ocrx_word' id='word_1_194' title='bbox 834 2873 878 2922; x_wconf 83' lang='lat' dir='ltr'>tali</span> <span class='ocrx_word' id='word_1_195' title='bbox 900 2873 1032 2922; x_wconf 86' lang='lat' dir='ltr'>verborum</span> <span class='ocrx_word' id='word_1_196' title='bbox 1055 2875 1190 2939; x_wconf 85' lang='lat' dir='ltr'>complexu</span> <span class='ocrx_word' id='word_1_197' title='bbox 1214 2875 1333 2926; x_wconf 80' lang='lat' dir='ltr'>aben-arc</span> 
     </span>
     <span class='ocr_line' id='line_1_26' title="bbox 344 2966 1336 3032; baseline 0.003 -18"><span class='ocrx_word' id='word_1_198' title='bbox 344 2966 465 3030; x_wconf 84' lang='lat' dir='ltr'>potuisse,</span> <span class='ocrx_word' id='word_1_199' title='bbox 483 2967 667 3032; x_wconf 81' lang='lat' dir='ltr'>utquisque</span> <span class='ocrx_word' id='word_1_200' title='bbox 686 2967 808 3017; x_wconf 84' lang='lat' dir='ltr'>scriberet</span> <span class='ocrx_word' id='word_1_201' title='bbox 824 2979 871 3029; x_wconf 89' lang='lat' dir='ltr'>pro</span> <span class='ocrx_word' id='word_1_202' title='bbox 890 2978 1059 3028; x_wconf 86' lang='lat' dir='ltr'>quemque.</span> <span class='ocrx_word' id='word_1_203' title='bbox 1104 2967 1154 3017; x_wconf 86' lang='lat' dir='ltr'>Sed</span> <span class='ocrx_word' id='word_1_204' title='bbox 1174 2982 1336 3032; x_wconf 81' lang='lat' dir='ltr'>quemque</span> 
     </span>
     <span class='ocr_line' id='line_1_27' title="bbox 345 3057 1335 3124; baseline 0.002 -18"><span class='ocrx_word' id='word_1_205' title='bbox 345 3059 387 3107; x_wconf 81' lang='lat' dir='ltr'>vix</span> <span class='ocrx_word' id='word_1_206' title='bbox 407 3059 434 3107; x_wconf 90' lang='lat' dir='ltr'>in</span> <span class='ocrx_word' id='word_1_207' title='bbox 452 3060 591 3122; x_wconf 84' lang='lat' dir='ltr'>quiaque</span> <span class='ocrx_word' id='word_1_208' title='bbox 618 3060 725 3108; x_wconf 80' lang='lat' dir='ltr'>transire</span> <span class='ocrx_word' id='word_1_209' title='bbox 749 3059 840 3123; x_wconf 84' lang='lat' dir='ltr'>potuit.</span> <span class='ocrx_word' id='word_1_210' title='bbox 881 3057 988 3110; x_wconf 80' lang='lat' dir='ltr'>Fuitne:</span> <span class='ocrx_word' id='word_1_211' title='bbox 1015 3073 1144 3110; x_wconf 86' lang='lat' dir='ltr'>suornm</span> <span class='ocrx_word' id='word_1_212' title='bbox 1170 3061 1335 3124; x_wconf 83' lang='lat' dir='ltr'>cuiusque</span> 
     </span>
     <span class='ocr_line' id='line_1_28' title="bbox 345 3151 1331 3216; baseline 0.002 -17"><span class='ocrx_word' id='word_1_213' title='bbox 345 3153 444 3201; x_wconf 77' lang='lat' dir='ltr'>vicem</span> <span class='ocrx_word' id='word_1_214' title='bbox 466 3151 565 3216; x_wconf 78' lang='lat' dir='ltr'>(eornm</span> <span class='ocrx_word' id='word_1_215' title='bbox 585 3151 673 3210; x_wconf 84' lang='lat' dir='ltr'>vicem,</span> <span class='ocrx_word' id='word_1_216' title='bbox 692 3151 735 3214; x_wconf 88' lang='lat' dir='ltr'>qui</span> <span class='ocrx_word' id='word_1_217' title='bbox 755 3151 794 3200; x_wconf 85' lang='lat' dir='ltr'>eni</span> <span class='ocrx_word' id='word_1_218' title='bbox 813 3151 933 3216; x_wconf 87' lang='lat' dir='ltr'>cuiusque</span> <span class='ocrx_word' id='word_1_219' title='bbox 956 3151 1059 3214; x_wconf 82' lang='lat' dir='ltr'>erant)l</span> <span class='ocrx_word' id='word_1_220' title='bbox 1095 3151 1159 3216; x_wconf 87' lang='lat' dir='ltr'>Cap.</span> <span class='ocrx_word' id='word_1_221' title='bbox 1181 3157 1222 3216; x_wconf 76' lang='lat'>19,</span> <span class='ocrx_word' id='word_1_222' title='bbox 1241 3159 1267 3209; x_wconf 80' lang='lat' dir='ltr'>t.</span> <span class='ocrx_word' id='word_1_223' title='bbox 1288 3155 1331 3201; x_wconf 88' lang='lat' dir='ltr'>obi</span> 
     </span>
     <span class='ocr_line' id='line_1_29' title="bbox 345 3243 1331 3310; baseline 0.004 -19"><span class='ocrx_word' id='word_1_224' title='bbox 345 3243 376 3291; x_wconf 88' lang='lat' dir='ltr'>dc</span> <span class='ocrx_word' id='word_1_225' title='bbox 394 3244 507 3308; x_wconf 71' lang='lat' dir='ltr'>praemiis</span> <span class='ocrx_word' id='word_1_226' title='bbox 526 3245 559 3294; x_wconf 93' lang='lat' dir='ltr'>ob</span> <span class='ocrx_word' id='word_1_227' title='bbox 578 3245 751 3294; x_wconf 74' lang='lat' dir='ltr'>Bacchanalia</span> <span class='ocrx_word' id='word_1_228' title='bbox 768 3244 881 3292; x_wconf 86' lang='lat' dir='ltr'>indicata</span> <span class='ocrx_word' id='word_1_229' title='bbox 898 3245 1005 3293; x_wconf 86' lang='lat' dir='ltr'>decretis</span> <span class='ocrx_word' id='word_1_230' title='bbox 1020 3245 1111 3306; x_wconf 80' lang='lat' dir='ltr'>agitur,</span> <span class='ocrx_word' id='word_1_231' title='bbox 1135 3261 1182 3308; x_wconf 83' lang='lat' dir='ltr'>pro</span> <span class='ocrx_word' id='word_1_232' title='bbox 1203 3260 1242 3306; x_wconf 89' lang='lat' dir='ltr'>eo,</span> <span class='ocrx_word' id='word_1_233' title='bbox 1262 3249 1331 3310; x_wconf 89' lang='lat' dir='ltr'>qnod</span> 
     </span>
     <span class='ocr_line' id='line_1_30' title="bbox 344 3335 1332 3402; baseline 0.004 -18"><span class='ocrx_word' id='word_1_234' title='bbox 344 3335 523 3399; x_wconf 79' lang='lat' dir='ltr'>evulgaribua</span> <span class='ocrx_word' id='word_1_235' title='bbox 536 3335 670 3384; x_wconf 84' lang='lat' dir='ltr'>codicibus</span> <span class='ocrx_word' id='word_1_236' title='bbox 681 3337 776 3386; x_wconf 86' lang='lat' dir='ltr'>editur:</span> <span class='ocrx_word' id='word_1_237' title='bbox 800 3351 878 3385; x_wconf 84' lang='lat' dir='ltr'>nevo</span> <span class='ocrx_word' id='word_1_238' title='bbox 897 3335 1029 3401; x_wconf 83' lang='lat' dir='ltr'>(AEbutio)</span> <span class='ocrx_word' id='word_1_239' title='bbox 1047 3351 1200 3387; x_wconf 79' lang='lat' dir='ltr'>censores</span> <span class='ocrx_word' id='word_1_240' title='bbox 1218 3353 1332 3402; x_wconf 83' lang='lat' dir='ltr'>equum</span> 
     </span>
     <span class='ocr_line' id='line_1_31' title="bbox 343 3428 1334 3492; baseline 0.004 -16"><span class='ocrx_word' id='word_1_241' title='bbox 343 3428 513 3492; x_wconf 86' lang='lat' dir='ltr'>publicum</span> <span class='ocrx_word' id='word_1_242' title='bbox 533 3429 760 3490; x_wconf 81' lang='lat' dir='ltr'>assignarent,</span> <span class='ocrx_word' id='word_1_243' title='bbox 784 3429 811 3477; x_wconf 89' lang='lat' dir='ltr'>in</span> <span class='ocrx_word' id='word_1_244' title='bbox 828 3429 857 3477; x_wconf 89' lang='lat' dir='ltr'>M</span> <span class='ocrx_word' id='word_1_245' title='bbox 876 3437 926 3478; x_wconf 84' lang='lat' dir='ltr'>eat:</span> <span class='ocrx_word' id='word_1_246' title='bbox 950 3443 1162 3480; x_wconf 84' lang='lat' dir='ltr'>nerecsnsor</span> <span class='ocrx_word' id='word_1_247' title='bbox 1182 3431 1334 3480; x_wconf 84' lang='lat' dir='ltr'>Licinius</span> 
     </span>
     <span class='ocr_line' id='line_1_32' title="bbox 344 3519 1332 3586; baseline 0.002 -15"><span class='ocrx_word' id='word_1_248' title='bbox 344 3535 458 3584; x_wconf 81' lang='lat' dir='ltr'>equom</span> <span class='ocrx_word' id='word_1_249' title='bbox 477 3522 645 3586; x_wconf 88' lang='lat' dir='ltr'>publicum</span> <span class='ocrx_word' id='word_1_250' title='bbox 661 3521 858 3582; x_wconf 79' lang='lat' dir='ltr'>assignaret.</span> <span class='ocrx_word' id='word_1_251' title='bbox 895 3519 948 3570; x_wconf 86' lang='lat' dir='ltr'>Sub</span> <span class='ocrx_word' id='word_1_252' title='bbox 967 3521 1070 3570; x_wconf 88' lang='lat' dir='ltr'>nomine</span> <span class='ocrx_word' id='word_1_253' title='bbox 1087 3537 1190 3586; x_wconf 85' lang='lat' dir='ltr'>prorsus</span> <span class='ocrx_word' id='word_1_254' title='bbox 1209 3523 1332 3581; x_wconf 76' lang='lat' dir='ltr'>absurdo,</span> 
     </span>
     <span class='ocr_line' id='line_1_33' title="bbox 344 3613 1329 3680; baseline 0.004 -18"><span class='ocrx_word' id='word_1_255' title='bbox 344 3615 411 3678; x_wconf 89' lang='lat' dir='ltr'>quod</span> <span class='ocrx_word' id='word_1_256' title='bbox 431 3613 458 3662; x_wconf 90' lang='lat' dir='ltr'>in</span> <span class='ocrx_word' id='word_1_257' title='bbox 476 3615 623 3677; x_wconf 75' lang='lat' dir='ltr'>vulgar-ibus</span> <span class='ocrx_word' id='word_1_258' title='bbox 647 3613 720 3662; x_wconf 90' lang='lat' dir='ltr'>codd.</span> <span class='ocrx_word' id='word_1_259' title='bbox 744 3613 866 3662; x_wconf 76' lang='lat' dir='ltr'>omissum</span> <span class='ocrx_word' id='word_1_260' title='bbox 885 3621 936 3672; x_wconf 79' lang='lat' dir='ltr'>eet,</span> <span class='ocrx_word' id='word_1_261' title='bbox 963 3628 1040 3677; x_wconf 87' lang='lat' dir='ltr'>quom</span> <span class='ocrx_word' id='word_1_262' title='bbox 1068 3629 1119 3664; x_wconf 91' lang='lat' dir='ltr'>oon</span> <span class='ocrx_word' id='word_1_263' title='bbox 1136 3617 1329 3680; x_wconf 76' lang='lat' dir='ltr'>intelligeretur,</span> 
     </span>
     <span class='ocr_line' id='line_1_34' title="bbox 342 3705 1332 3770; baseline 0.003 -15"><span class='ocrx_word' id='word_1_264' title='bbox 342 3706 405 3755; x_wconf 77' lang='lat' dir='ltr'>latet</span> <span class='ocrx_word' id='word_1_265' title='bbox 430 3714 514 3757; x_wconf 73' lang='lat' dir='ltr'>tamam</span> <span class='ocrx_word' id='word_1_266' title='bbox 536 3705 646 3770; x_wconf 85' lang='lat' dir='ltr'>aliquid;</span> <span class='ocrx_word' id='word_1_267' title='bbox 678 3715 702 3756; x_wconf 90' lang='lat' dir='ltr'>et</span> <span class='ocrx_word' id='word_1_268' title='bbox 728 3707 866 3756; x_wconf 87' lang='lat' dir='ltr'>desiderari</span> <span class='ocrx_word' id='word_1_269' title='bbox 891 3707 1004 3756; x_wconf 82' lang='lat' dir='ltr'>dativum</span> <span class='ocrx_word' id='word_1_270' title='bbox 1031 3705 1104 3756; x_wconf 85' lang='lat' dir='ltr'>multi</span> <span class='ocrx_word' id='word_1_271' title='bbox 1130 3718 1276 3769; x_wconf 78' lang='lat' dir='ltr'>senseruot3</span> <span class='ocrx_word' id='word_1_272' title='bbox 1303 3711 1332 3758; x_wconf 87' lang='lat' dir='ltr'>iu</span> 
     </span>
     <span class='ocr_line' id='line_1_35' title="bbox 342 3798 1330 3863; baseline 0.002 -15"><span class='ocrx_word' id='word_1_273' title='bbox 342 3798 432 3848; x_wconf 82' lang='lat' dir='ltr'>littoris</span> <span class='ocrx_word' id='word_1_274' title='bbox 450 3798 475 3847; x_wconf 93' lang='lat' dir='ltr'>li</span> <span class='ocrx_word' id='word_1_275' title='bbox 493 3799 560 3848; x_wconf 84' lang='lat' dir='ltr'>iacet</span> <span class='ocrx_word' id='word_1_276' title='bbox 577 3798 620 3859; x_wconf 88' lang='lat' dir='ltr'>ei,</span> <span class='ocrx_word' id='word_1_277' title='bbox 635 3799 679 3849; x_wconf 86' lang='lat' dir='ltr'>sed</span> <span class='ocrx_word' id='word_1_278' title='bbox 699 3799 759 3862; x_wconf 87' lang='lat' dir='ltr'>qnid</span> <span class='ocrx_word' id='word_1_279' title='bbox 776 3798 1013 3863; x_wconf 84' lang='lat' dir='ltr'>ceterie·(cinius)</span> <span class='ocrx_word' id='word_1_280' title='bbox 1031 3799 1083 3861; x_wconf 84' lang='lat' dir='ltr'>fiet,</span> <span class='ocrx_word' id='word_1_281' title='bbox 1103 3800 1207 3851; x_wconf 84' lang='lat' dir='ltr'>difficile</span> <span class='ocrx_word' id='word_1_282' title='bbox 1225 3803 1330 3852; x_wconf 80' lang='lat' dir='ltr'>invento</span> 
     </span>
     <span class='ocr_line' id='line_1_36' title="bbox 341 3891 1331 3958; baseline 0.002 -18"><span class='ocrx_word' id='word_1_283' title='bbox 341 3900 392 3951; x_wconf 78' lang='lat' dir='ltr'>aet3</span> <span class='ocrx_word' id='word_1_284' title='bbox 415 3892 442 3940; x_wconf 92' lang='lat' dir='ltr'>in</span> <span class='ocrx_word' id='word_1_285' title='bbox 463 3897 575 3941; x_wconf 68' lang='lat' dir='ltr'>monum</span> <span class='ocrx_word' id='word_1_286' title='bbox 599 3891 681 3940; x_wconf 81' lang='lat' dir='ltr'>venit:</span> <span class='ocrx_word' id='word_1_287' title='bbox 709 3905 789 3940; x_wconf 83' lang='lat' dir='ltr'>neve</span> <span class='ocrx_word' id='word_1_288' title='bbox 816 3905 930 3940; x_wconf 87' lang='lat' dir='ltr'>censor</span> <span class='ocrx_word' id='word_1_289' title='bbox 953 3893 981 3940; x_wconf 85' lang='lat' dir='ltr'>ei</span> <span class='ocrx_word' id='word_1_290' title='bbox 1005 3892 1068 3940; x_wconf 83' lang='lat' dir='ltr'>civi</span> <span class='ocrx_word' id='word_1_291' title='bbox 1093 3905 1207 3956; x_wconf 83' lang='lat' dir='ltr'>equom</span> <span class='ocrx_word' id='word_1_292' title='bbox 1224 3893 1331 3958; x_wconf 87' lang='lat' dir='ltr'>publi-</span> 
     </span>
     <span class='ocr_line' id='line_1_37' title="bbox 308 3982 1334 4049; baseline 0 -17"><span class='ocrx_word' id='word_1_293' title='bbox 308 4015 309 4018; x_wconf 57' lang='lat'><em>=</em></span> <span class='ocrx_word' id='word_1_294' title='bbox 342 3999 411 4034; x_wconf 84' lang='lat' dir='ltr'>cunr</span> <span class='ocrx_word' id='word_1_295' title='bbox 430 3985 628 4046; x_wconf 79' lang='lat' dir='ltr'>assignaret</span> <span class='ocrx_word' id='word_1_296' title='bbox 666 3982 717 4034; x_wconf 78' lang='lat' dir='ltr'>Sed</span> <span class='ocrx_word' id='word_1_297' title='bbox 738 3983 822 4034; x_wconf 82' lang='lat' dir='ltr'>otiosa</span> <span class='ocrx_word' id='word_1_298' title='bbox 841 3984 903 4032; x_wconf 85' lang='lat' dir='ltr'>civis</span> <span class='ocrx_word' id='word_1_299' title='bbox 916 3985 1056 4049; x_wconf 69' lang='lat' dir='ltr'>appellatio</span> <span class='ocrx_word' id='word_1_300' title='bbox 1067 3986 1173 4034; x_wconf 84' lang='lat' dir='ltr'>videtur.</span> <span class='ocrx_word' id='word_1_301' title='bbox 1214 3984 1334 4047; x_wconf 77' lang='lat' dir='ltr'>Longius</span> 
     </span>
     <span class='ocr_line' id='line_1_38' title="bbox 340 4073 1386 4128; baseline 0.004 -5"><span class='ocrx_word' id='word_1_302' title='bbox 340 4090 357 4123; x_wconf 79' lang='lat' dir='ltr'>a</span> <span class='ocrx_word' id='word_1_303' title='bbox 375 4073 518 4126; x_wconf 79' lang='lat' dir='ltr'>litterarum</span> <span class='ocrx_word' id='word_1_304' title='bbox 545 4075 710 4126; x_wconf 83' lang='lat' dir='ltr'>similitudine</span> <span class='ocrx_word' id='word_1_305' title='bbox 737 4075 846 4125; x_wconf 86' lang='lat' dir='ltr'>discedit</span> <span class='ocrx_word' id='word_1_306' title='bbox 870 4089 947 4125; x_wconf 84' lang='lat' dir='ltr'>neve</span> <span class='ocrx_word' id='word_1_307' title='bbox 975 4091 1087 4127; x_wconf 84' lang='lat' dir='ltr'>censor</span> <span class='ocrx_word' id='word_1_308' title='bbox 1111 4078 1138 4128; x_wconf 87' lang='lat' dir='ltr'>ei</span> <span class='ocrx_word' id='word_1_309' title='bbox 1168 4077 1253 4126; x_wconf 83' lang='lat' dir='ltr'>ullus</span> <span class='ocrx_word' id='word_1_310' title='bbox 1280 4085 1331 4127; x_wconf 81' lang='lat' dir='ltr'>etc.</span> <span class='ocrx_word' id='word_1_311' title='bbox 1385 4111 1386 4118; x_wconf 23' lang='grc' dir='ltr'>η</span> 
     </span>
    </p>
   </div>
   <div class='ocr_carea' id='block_1_5' title="bbox 0 0 1404 4646">
    <p class='ocr_par' dir='ltr' id='par_1_5' title="bbox 0 0 1404 4646">
     <span class='ocr_line' id='line_1_39' title="bbox 0 0 1404 4646; baseline 0 0"><span class='ocrx_word' id='word_1_312' title='bbox 0 0 1404 4646; x_wconf 95' lang='lat' dir='ltr'> </span> 
     </span>
    </p>
   </div>
  </div>
 </body>
</html>
