2822 4648
584 289 638 344 167
950 282 1007 335 Lib.
1027 281 1099 332 VIII.

174 463 245 542 Cap.
274 469 324 538 18,
355 469 407 524 12:
441 469 573 542 Itaque
599 467 771 524 memoria
798 486 842 524 ex
864 466 1062 524 annalibus
1086 487 1140 526 re·

78 571 215 646 petita,
237 573 272 630 in
294 573 567 632 secessionibus
590 573 767 646 quondam
790 572 907 648 plebis
930 573 1071 632 clavum
1098 577 1140 634 ab

79 676 268 736 dictatore
290 678 404 736 fixum
424 677 692 750 alienatasque
717 677 906 736 discordia
927 689 1063 736 mentes
1083 683 1139 740 ho·

78 783 213 842 minum
242 804 282 842 eo
304 785 455 862 piaculo
491 791 679 859 compotes
710 783 766 840 sui
794 782 946 854 fecisse,
982 785 1141 844 dictato·

80 909 153 947 rem
178 890 277 948 clavi
313 891 456 966 figendi
484 907 595 947 causa
631 889 749 946 creari
772 890 921 965 placuit
986 891 1063 965 Quid
1097 912 1141 950 re-

80 998 246 1070 quireretur
267 999 304 1054 ed
336 997 475 1054 orationis
496 995 642 1066 formam,
679 996 768 1053 sensit
793 997 879 1054 solito
900 997 1067 1072 prudentior
1088 997 1141 1056 At-

79 1101 265 1173 scheelius,
296 1103 344 1178 qui
377 1103 494 1158 lectas
528 1119 607 1158 esse
639 1101 669 1158 in
703 1102 850 1160 codicibus
880 1102 1001 1162 inveniri
1035 1105 1140 1162 mullet.

81 1209 336 1268 Weissenboruius
358 1219 469 1276 tamen,
505 1217 537 1265 ut
567 1209 674 1278 ceteri,
706 1209 923 1266 dictatorem
957 1210 1052 1278 audit,
1087 1212 1142 1268 hac

80 1323 243 1372 structura:
271 1317 313 1372 ab
343 1315 530 1372 dIctatore
559 1315 699 1372 clavum
730 1313 842 1372 fixum
876 1323 912 1370 et
941 1345 981 1356 -
1008 1313 1142 1372 fecisse

82 1417 302 1493 (dictatorem),
332 1423 362 1478 in
384 1440 471 1496 quam
494 1419 609 1478 Livium
631 1420 661 1476 in
682 1429 741 1476 tam
763 1418 843 1476 facili
868 1429 897 1475 et
924 1419 1005 1478 brevi
1027 1431 1141 1478 senten-

82 1525 122 1582 tis
143 1526 271 1584 incidere
298 1528 426 1604 potuisse
447 1545 566 1602 prorsus
593 1545 676 1602 nego.
720 1525 825 1598 Neque
846 1524 916 1582 satis
945 1545 982 1582 ex
1009 1527 1141 1601 antiquo·

81 1651 145 1688 rum
179 1633 329 1692 hominum
372 1633 506 1708 Liviique
537 1632 672 1707 opinione
704 1632 766 1706 ipse
798 1630 922 1688 dictator
957 1642 1067 1690 mentes
1099 1634 1142 1690 sui

81 1747 234 1814 compotes
254 1737 357 1797 fecisse
378 1739 490 1808 dicitur,
513 1757 577 1812 quus
598 1737 677 1795 iacto
698 1736 813 1811 piaculo
835 1736 896 1794 slve
915 1737 1012 1796 divino
1027 1741 1142 1798 numine

80 1843 143 1900 sive
166 1845 292 1902 obscura
313 1855 423 1902 naturae
445 1846 474 1902 vi
496 1843 677 1902 convaluisse
691 1842 877 1917 putabantur.
924 1845 985 1902 Pro
1007 1845 1142 1904 iecisse

82 1967 100 2004 a
121 1950 210 2008 Liuio
233 1950 397 2010 huiusmodi
419 1951 537 2026 aliquod
564 1950 684 2006 verbum
717 1949 845 2024 positum
876 1950 1025 2024 suspicor,
1057 1953 1143 2027 quale

82 2066 125 2112 cst
147 2057 409 2131 conquievisse
430 2067 482 2114 aut
502 2055 687 2113 resedisse
708 2063 758 2112 eut
779 2052 1021 2130 resipuisse.¹)

168 2161 242 2238 Cup.
267 2165 315 2232 23,
342 2167 351 2218 l
379 2173 408 2218 et
429 2165 456 2222 2.
500 2162 720 2229 Hammeum,
744 2170 776 2217 ut
798 2160 896 2231 illurn,
918 2161 1033 2237 dequo
1055 2162 1142 2238 paulo

81 2277 149 2324 ante
173 2267 320 2340 admonui,
344 2269 416 2338 VII,
428 2271 476 2339 39,
505 2274 549 2338 14,
572 2269 695 2326 editores
718 2275 916 2342 corruperunt,
939 2287 1026 2342 quum
1049 2269 1079 2324 in
1093 2287 1142 2325 co-

82 2373 196 2430 dicibus
217 2384 294 2431 recte
314 2373 452 2450 scriptum
475 2375 660 2450 accepissent.
717 2373 818 2430 Livius
840 2381 970 2429 senatum
994 2373 1031 2429 ab
1063 2381 1142 2428 utro-

83 2498 139 2554 que
163 2479 281 2536 consule
310 2482 349 2557 (a.
372 2484 430 2538 327
455 2499 481 2538 a.
504 2478 586 2556 Chr.)
610 2480 759 2538 certiorem
781 2478 890 2536 factum
914 2477 1028 2549 scribit,
1058 2477 1142 2535 Sam-

82 2585 157 2642 nitas
180 2585 286 2644 bellum
310 2587 411 2645 moliri.
458 2586 645 2644 Publilius
673 2585 709 2656 (is
737 2584 767 2640 in
794 2582 953 2640 meridiana
981 2581 1143 2658 Campania

82 2703 163 2761 crat,
189 2691 416 2768 Palaepolitanos
443 2693 519 2750 bello
550 2690 738 2754 coerciturus)
765 2689 834 2746 duo
858 2688 959 2746 milia
982 2688 1143 2746 Nolano-

83 2817 158 2856 rum
183 2797 338 2855 militum
360 2808 394 2856 at
416 2809 589 2874 quattuor
612 2795 825 2855 Samnitium
848 2795 963 2870 magis
984 2795 1143 2853 Nolanis

83 2903 305 2978 cogentibus
327 2923 428 2979 quant
451 2904 646 2962 voluntate
668 2901 875 2959 Groeoorum
899 2911 1054 2976 recepta
1076 2903 1142 2958 Pa-

82 3008 208 3085 laepoli
232 3009 275 3084 (bl
298 3011 546 3087 Pulaepolim),
581 3008 732 3064 miserat
759 3007 801 3078 (id
829 3017 886 3076 est,
916 3005 1011 3062 missis
1043 3004 1143 3062 litteris

83 3115 298 3188 nuntiaverat);
329 3115 447 3172 Romae
480 3117 545 3190 (per
577 3113 696 3170 alterum
720 3113 875 3182 consulem,
911 3113 944 3172 L.
968 3110 1142 3181 Cornelium,

83 3221 132 3294 qui
156 3219 335 3278 Samnitibus
358 3222 547 3298 opponendus
569 3221 716 3277 etiamtum
739 3220 767 3276 iu
792 3218 1031 3290 urberestiterut)
1052 3235 1143 3275 oom-

84 3337 238 3402 pertum‚
261 3327 440 3384 delectum
462 3326 637 3384 indictum
660 3344 680 3382 a
702 3324 1144 3400 magistratibusuuiver-

84 3451 120 3490 su
131 3451 237 3506 mque
250 3431 435 3490 Samnium
456 3442 625 3498 erectum,
640 3441 692 3492 cet.
724 3430 831 3488 Videat
843 3449 918 3488 nuuc
940 3429 1009 3486 mihi
1031 3429 1144 3504 aliquis,

86 3557 175 3614 quam
202 3537 276 3596 belle
308 3540 369 3598 hsec
397 3538 571 3613 interpolata
592 3538 664 3608 sint;
698 3537 747 3594 alii
769 3535 844 3594 enim
867 3535 1055 3611 scripserunt:
1079 3534 1144 3590 mi·

155 3823 224 3873 que
241 3819 316 3890 past
335 3810 368 3857 Α.
387 3807 559 3873 appellata
577 3817 628 3856 est
646 3815 697 3861 aut,
720 3815 747 3854 ut
767 3821 787 3854 o.
811 3810 850 3864 ts,
870 3812 901 3854 4:
920 3819 994 3869 qua,
1013 3805 1144 3853 Aurun-

156 3903 204 3951 cis
224 3901 426 3966 receptis.A.
447 3900 639 3965 appellate).
688 3899 784 3958 Recte,
816 3899 975 3958 arridetur,
1003 3897 1144 3949 inirent

155 3995 275 4044 scribitur
292 4010 306 4042 e
325 3995 469 4043 coniectura
493 3991 690 4056 appelletur.

100 4085 127 4152 ι)
153 4087 196 4136 Da
215 4101 238 4136 a.
260 4091 299 4144 lb,
319 4089 332 4134 7
353 4087 406 4136 dixi
424 4087 449 4135 iu
468 4085 600 4149 prooemio
618 4101 643 4149 p.
663 4089 694 4134 st
715 4091 768 4134 not.
