2810 4644
617 297 673 353 331
976 293 1172 342 Linxxvm.

120 481 234 556 Quum
256 481 417 538 Romana
439 479 572 538 classis
598 499 640 538 eo
663 498 700 537 se
721 479 936 553 recepisset,
954 477 1103 535 Attalns
1127 478 1176 552 ig·

121 603 234 643 uerus
262 595 315 643 cet.
370 585 429 644 Sed
458 586 597 642 Romanus
620 586 737 654 classis,
768 601 831 660 qum
866 581 1010 658 Opuntem
1040 601 1098 640 non
1125 601 1178 660 ep·

120 691 251 768 pulerat,
273 710 291 748 a
312 689 450 748 Chalcide
473 688 582 748 Oreum
604 692 712 749 reditus
735 690 804 748 nihil
825 690 913 746 hebet
937 689 1079 746 coniuncti
1110 707 1175 746 cum

120 797 225 856 Attalo
246 805 359 873 tompus
380 793 497 871 Opunte
517 792 662 868 terenti.¹)

205 902 280 978 Cep.
303 904 332 972 9,
359 903 392 959 13
415 902 456 976 (in
478 902 625 959 bominum
648 900 681 959 C.
704 901 830 958 Neronis
852 919 898 958 res
918 909 1016 976 gestes
1038 899 1178 956 extollen-

120 1010 192 1068 tium
215 1015 377 1076 sermonett
399 1009 452 1066 itu
473 1027 576 1065 unum
599 1006 785 1064 consulem
808 1023 873 1080 pro
896 1015 1053 1080 utraque
1072 1014 1178 1081 parte

122 1115 241 1174 Ituliae
263 1114 440 1172 adversus
464 1113 691 1183 duosduces‚
713 1113 802 1168 duos
828 1111 1071 1187 imperatores
1095 1111 1177 1168 hinc
1249 1109 1255 1116 '

121 1219 319 1278 consilium
344 1237 462 1288 suurn,
495 1219 577 1276 hinc
607 1237 740 1295 corpus
771 1217 996 1293 opposuisse.
1039 1217 1111 1290 Quae
1132 1218 1176 1274 vis

122 1318 161 1381 sit
181 1325 334 1399 geminatae
354 1323 383 1380 in
405 1322 506 1380 iisdem
527 1323 690 1382 hominibus
714 1325 817 1381 ducum
850 1333 878 1379 et
899 1323 1102 1397 imperatorum
1125 1341 1177 1397 ep·

122 1427 296 1504 pollutionis,
320 1403 403 1504 bussi
425 1429 518 1486 maius
539 1432 585 1500 sit,
606 1449 664 1488 non
688 1429 780 1486 solum
803 1429 922 1485 ducibus
944 1427 994 1484 sed
1016 1427 1102 1484 etium
1124 1427 1177 1483 im·

122 1534 304 1610 peratoribus
323 1535 488 1611 oppositum
510 1535 607 1606 finisse,
628 1555 686 1592 non
708 1535 849 1610 int-ellig03
870 1533 1056 1608 intelligerem
1081 1533 1177 1589 rheto-

121 1640 181 1698 rice
203 1641 495 1708 auctumreisonum,
516 1641 541 1698 si
563 1641 743 1697 adversas
764 1641 853 1698 duos
868 1639 1064 1708 exercitus,
1086 1640 1177 1695 duos

122 1743 374 1820 imperatores
396 1746 533 1820 (duces)
555 1747 693 1822 scriptum
716 1757 800 1804 esset.
845 1746 925 1819 (Non
948 1763 1062 1802 omnem
1076 1743 1177 1802 ducem

122 1847 328 1924 imperatorem
350 1869 426 1920 osse,
449 1852 498 1926 qui
519 1852 578 1908 suis
600 1852 736 1926 auspiciis
757 1871 817 1909 rem
840 1863 939 1926 gerat,
962 1852 1037 1926 sci03
1068 1851 1119 1908 sed
1143 1871 1179 1907 ea

122 1953 267 2012 distinctio
297 1957 415 2014 adrem
438 1969 489 2014 aut
511 1957 681 2014 sententiam
699 1957 728 2014 in
751 1959 806 2015 hoc
828 1958 892 2014 loco
914 1957 1057 2032 pertinere
1079 1957 1177 2032 nego.)

121 2061 226 2136 Itaque
245 2061 482 2120 considerandum
505 2071 593 2137 puto,
626 2063 786 2138 potueritne
810 2063 919 2119 duces
944 2065 1108 2138 geminendi
1133 2083 1179 2122 er·

121 2185 189 2224 rore
210 2167 291 2224 nesci
312 2187 349 2226 ex
375 2169 478 2238 dnos,
508 2178 540 2225 ut
570 2167 651 2224 initio
683 2177 793 2226 tantum
824 2169 960 2243 scriptum
983 2167 1082 2225 fuerit:
1117 2167 1178 2225 ad·

121 2289 252 2329 versus
275 2273 363 2332 duos
384 2275 632 2349 imperatores.

215 2377 286 2454 Cap.
304 2382 350 2450 12,
371 2381 422 2437 13:
446 2379 503 2436 Ibi
526 2390 598 2437 turn
621 2378 836 2436 Hasdrubal
858 2379 1044 2454 Gisgonis,
1066 2376 1178 2433 maxi·

122 2501 197 2540 mus
220 2481 555 2562 [clarissimus]que
585 2503 625 2541 eo
654 2483 755 2540 ballo
784 2485 976 2541 secundum
999 2481 1178 2540 Barcinos

122 2589 210 2658 dux,
230 2607 422 2664 regressus
452 2593 495 2649 ab
517 2591 698 2652 Gadibus.
722 2588 928 2646 rebellandi
951 2607 1047 2664 spem
1069 2587 1179 2644 adiu·

122 2705 232 2752 vante
262 2695 414 2770 Magone
435 2697 659 2754 Hamilcaris
680 2695 783 2763 filio,
814 2693 1015 2751 dilectibus
1042 2713 1107 2770 per
1129 2694 1176 2750 ul·

123 2801 298 2858 teriorem
328 2803 547 2878 Hispaniam
580 2801 716 2859 habitis
746 2801 789 2858 ad
820 2801 845 2856 L
875 2799 976 2857 milia
1005 2799 1179 2875 peditum,

122 2907 274 2964 MMMM
297 2917 332 2964 et
353 2908 574 2984 quingentos
596 2907 739 2982 equites
763 2905 929 2962 armavit.
972 2906 1040 2963 Non
1063 2915 1121 2961 tum
1133 2923 1178 2960 re-

122 3013 249 3071 bellandi
271 3031 351 3090 spem
374 3013 500 3070 adiutam
523 3033 542 3070 a
563 3014 690 3088 Magone
711 3023 781 3088 puto
805 3029 892 3086 quam
913 3009 1180 3086 belliepparatum;

122 3119 221 3194 itaque
250 3119 430 3176 scribendum
464 3137 528 3175 cum
561 3119 601 3174 P:
630 3135 822 3192 regressus
853 3136 872 3174 a
899 3116 938 3177 G.
970 3115 1179 3174 rebellandi

122 3243 195 3302 spe,
217 3223 422 3282 adiuvante
434 3224 593 3298 Magone
607 3233 671 3280 cet.
694 3223 801 3280 Nescio
816 3242 853 3280 sn
868 3223 993 3280 editores
1008 3219 1180 3280 offenderint

122 3333 153 3389 hi
172 3330 292 3388 ablativi
313 3331 438 3388 absoluti
455 3330 496 3387 sle
515 3328 634 3405 propius
657 3345 722 3386 cum
735 3329 834 3386 ulteris
856 3328 999 3385 coniuncti
1015 3325 1088 3403 (fere
1104 3325 1179 3383 acsi

122 3438 217 3496 dicas:
240 3434 440 3493 dilectibus
462 3433 579 3490 sdiuv.
602 3433 692 3507 Mag.
715 3433 881 3506 habitis);
903 3433 1031 3490 sedeam
1044 3431 1178 3488 duritiem

122 3543 226 3602 Livius
241 3561 299 3600 non
315 3540 471 3612 vitavitss,
496 3543 545 3610 46,
561 3543 585 3609 l,
597 3539 753 3608 XXXIII,
766 3540 814 3609 20,
828 3539 869 3614 4),
892 3559 927 3596 ns
952 3537 1041 3596 multo
1063 3537 1179 3612 quidem

121 3755 192 3764 -ι-ι-
199 3753 322 3762 ----—

152 3895 176 3962 ¹)
197 3899 260 3964 Cup.
281 3905 311 3959 t,
337 3905 352 3948 9
377 3899 516 3948 infinitivus
533 3897 671 3948 blstoricus
690 3897 857 3961 (prebere)
885 3899 946 3962 poni
973 3899 1061 3964 nequit
1085 3897 1111 3946 in
1128 3891 1179 3946 loci

195 3989 278 4040 forme
301 3999 424 4056 perpetue
447 3989 627 4052 describendu;
653 3989 723 4054 quod
746 3989 773 4038 in
793 3991 924 4041 andleibua
949 4001 988 4043 est
1004 3991 1181 4056 prebuere,

196 4092 313 4134 ortamno
331 4086 365 4134 rit
381 4099 414 4132 ex
432 4085 621 4149 prebuerit,
639 4097 692 4133 nou
712 4081 816 4135 definio.
