2822 4648
293 267 349 315 Lib.
369 267 402 314 V.
762 271 770 324 1
782 271 816 325 12

257 470 332 506 nem
354 459 425 507 tam
448 469 575 507 saevam
601 482 637 494 -
661 449 839 508 fecerint?
893 452 929 508 In
952 461 1073 524 utraque
1094 452 1338 527 interrogatione

256 557 373 630 oblique
405 555 551 613 efferenda
577 557 678 614 Livius
706 558 887 614 coniunctius
919 577 973 632 pro
1000 557 1142 614 infinit-ivo
1174 574 1246 612 usus
1276 567 1339 612 est.

258 661 380 736 (Opusc.
403 665 459 720 Ac.
480 663 512 720 II
534 682 561 737 p.
587 662 668 737 tte.)

341 766 414 842 Cap.
439 769 473 832 3,
501 770 534 837 8,
562 769 699 841 quoniam
732 769 761 823 in
791 768 890 824 codice
923 768 1082 842 archetypo
1115 768 1158 824 sic
1192 767 1263 824 fuis:
1299 779 1338 824 et

257 874 555 946 quemadmodum
578 892 652 928 curn
675 873 793 929 servis
823 874 898 930 suis
922 883 1049 930 vetant
1070 874 1210 930 domini
1233 875 1339 948 quic-

257 998 360 1052 quam
384 979 434 1035 rei
455 998 529 1034 cum
553 979 685 1034 alienis
713 979 920 1035 hominibus
951 997 1030 1035 esse
1050 979 1276 1053 pariterque
1298 981 1337 1036 in

257 1083 302 1139 iis
325 1083 439 1158 (servis)
471 1083 655 1140 beneficio
689 1101 729 1138 ac
757 1084 943 1140 maleficio
974 1085 1158 1140 abstineri
1180 1085 1339 1145 volunt.

256 1187 422 1263 praepositio
445 1189 556 1258 (cum)
579 1189 669 1244 altero
694 1189 770 1256 loco,
800 1207 858 1244 non
880 1189 977 1264 priore
999 1189 1129 1245 tollenda
1150 1201 1211 1250 est:
1235 1191 1339 1264 magis

257 1294 331 1350 enim
355 1295 396 1350 sic
422 1295 612 1368 significatur,
644 1294 716 1350 elios
741 1294 833 1350 arceri
867 1295 946 1350 aditu
979 1295 1017 1350 ad
1041 1313 1143 1351 servos
1175 1296 1255 1364 (sich
1281 1298 1339 1352 mit

256 1402 338 1458 ihren
351 1401 474 1458 Selenen
497 1397 654 1474 befassen).
698 1399 794 1456 Paulo
815 1409 882 1474 post
902 1400 1015 1456 initium
1037 1401 1234 1476 11111ρί11161)
1259 1411 1338 1477 puto

258 1507 372 1563 Livium
395 1506 543 1580 scripsisse
565 1505 712 1561 iniuriis
743 1506 882 1561 uostris
908 1507 1138 1579 (patriciorum),
1172 1509 1246 1581 quie
1270 1519 1336 1564 turn

255 1611 371 1668 demum
394 1621 461 1685 epte
482 1612 520 1667 ad
542 1610 655 1668 Claudii
677 1628 842 1684 personam,
864 1611 914 1665 vix
937 1613 1131 1681 concedentis,
1154 1613 1233 1669 ullas
1258 1633 1337 1674 esse.

170 1739 178 1756 ·
257 1717 386 1773 additur:
422 1717 450 1772 si
482 1734 556 1789 quae
582 1714 679 1771 forte
713 1715 914 1788 aliquando
936 1716 1157 1776 inciderunt.
1215 1718 1338 1778 Ullaene

256 1841 384 1895 unquam
409 1841 427 1877 a
449 1840 595 1894 quoquam
617 1821 737 1896 plebeiis
758 1820 880 1876 iniuriae
901 1821 986 1878 fsctae
1015 1833 1126 1893 essent,
1161 1843 1223 1880 non
1245 1816 1339 1882 dubi-

256 1929 348 1986 tabat.
1054 1913 1058 1920 ”

341 2031 413 2106 Cep.
439 2035 466 2097 5,
491 2034 519 2088 4.
563 2029 640 2086 Olim
663 2031 816 2086 edebatur:
848 2030 984 2087 milites
1009 2064 1062 2102 -,
1084 2034 1220 2106 quibus
1243 2037 1338 2092 boni

256 2135 535 2211 tribuniplebis
566 2153 671 2208 quum
693 2135 914 2210 stipendium
939 2146 1164 2212 extorquere
1198 2141 1338 2198 volue-

256 2242 344 2312 rint,
377 2261 468 2298 nunc
501 2240 703 2296 consultum
733 2251 883 2316 repente
905 2242 1047 2310 volunt;
1080 2263 1156 2302 nunc
1178 2257 1249 2320 post
1274 2248 1335 2304 Al-

257 2346 431 2403 schefskium
466 2367 481 2402 e
511 2347 659 2403 codicibus
682 2347 768 2402 scribi
799 2347 899 2404 video:
936 2365 1011 2404 eum
1040 2381 1070 2390 —
1109 2352 1334 2417 voluerunt,

256 2453 384 2522 soloece;
417 2473 510 2528 neque
538 2451 611 2508 enim
643 2469 769 2524 unquam
792 2453 821 2508 in
843 2453 1006 2510 huiusmodi
1029 2456 1182 2514 varietatis
1205 2469 1336 2517 1110011-

257 2559 410 2616 trariorum
442 2558 651 2633 significatione
683 2576 785 2630 quum
819 2558 962 2633 particula
994 2559 1184 2620 indicativum
1221 2567 1335 2639 habet3

257 2663 383 2720 debebat
407 2675 548 2738 praeterea
575 2663 642 2719 addi
666 2663 804 2736 temporis
826 2663 997 2737 significatio
1020 2669 1169 2724 contraria
1191 2670 1230 2737 ei,
1262 2691 1335 2746 quae

255 2779 301 2826 est
330 2769 358 2824 in
390 2787 482 2824 nune
516 2769 631 2841 (quum
663 2776 771 2823 antea
797 2799 836 2810 -
865 2770 978 2843 nunc).
1040 2772 1234 2833 scribendum
1270 2789 1335 2837 ess:

256 2874 387 2948 quibus
411 2875 497 2930 boni
518 2873 656 2930 tribuni
676 2873 796 2948 plebis
818 2879 886 2936 111111
909 2877 966 2950 (eo,
988 2879 1024 2934 de
1047 2898 1106 2953 qno
1129 2891 1218 2938 antea
1237 2881 1335 2941 Clau.

257 2979 321 3034 dius
346 2979 433 3049 dixit,
457 2983 601 3052 tempore)
626 2977 845 3052 stipendium
868 2991 1090 3056 extorquere
1111 2988 1335 3055 voluerunt,

258 3103 350 3146 nune
381 3083 585 3140 consultum
627 3094 771 3157 repente
803 3085 939 3146 volunt.
998 3090 1060 3161 (Sic
1089 3093 1155 3150 cod.
1182 3095 1258 3152 Lov.
1288 3095 1335 3173 l.)

257 3193 292 3249 ln
308 3191 450 3266 proximis
474 3188 567 3244 verbis
589 3189 674 3246 valde
691 3189 801 3258 dubito,
823 3192 1006 3266 scripseritne
1015 3197 1127 3264 Livius,
1150 3201 1335 3273 quodnunc

257 3319 273 3354 e
298 3296 445 3353 codicibus
462 3294 568 3350 editur:
598 3294 732 3352 vallum
754 3296 979 3372 fossamque,
1001 3301 1163 3376 ingentis
1187 3317 1334 3365 utrum-

256 3422 325 3477 que
353 3421 423 3459 rem
457 3400 580 3475 operis
609 3419 663 3474 pro
692 3409 897 3477 utramque,
926 3407 1082 3482 potiusque
1105 3411 1250 3483 1111111101,
1291 3416 1333 3471 ab

258 3510 319 3566 eins
341 3527 428 3565 msuu
451 3523 513 3563 esse
536 3506 695 3580 ingentis
717 3515 906 3582 utrumque
928 3513 1067 3585 operis,
1098 3517 1230 3575 additum
1254 3539 1332 3579 rem

256 3615 295 3672 ab
312 3615 419 3688 aliquo,
439 3613 488 3688 qui
510 3621 700 3686 utrumque
719 3633 772 3688 pro
787 3615 968 3672 substantivo
980 3619 1051 3692 poni
1063 3639 1120 3676 non
1137 3625 1333 3688 meminisset.

341 3718 414 3794 Cep.
438 3723 466 3788 6,
492 3723 543 3776 15:
568 3718 673 3780 adeo,
696 3719 871 3793 quidquid
894 3723 1184 3801 tribunusplebi
1209 3731 1333 3807 loqui-

258 3837 330 3897 tur,
367 3826 436 3883 etsi
470 3825 662 3900 prodendae
697 3826 824 3900 patrias
856 3829 1175 3908 dissolvendaeque
1207 3839 1334 3914 reipu-

259 3933 363 3990 blicoe
385 3941 452 4000 est,
482 3931 666 3987 adsuestis
694 3931 784 4004 aequi
817 3933 954 3990 audire.
1006 3935 1182 3998 inusitatum
1205 3961 1334 4016 aeqnus

257 4039 369 4094 sudio
391 4056 445 4112 pro
467 4055 567 4110 aequo
589 4036 716 4093 animo.
761 4035 883 4095 Codices
906 4039 974 4114 qui.
1021 4043 1127 4101 Fuitne
1150 4049 1291 4121 quieti?
