<?xml version="1.0" encoding="UTF-8"?>
<!DOCTYPE html PUBLIC "-//W3C//DTD XHTML 1.0 Transitional//EN"
    "http://www.w3.org/TR/xhtml1/DTD/xhtml1-transitional.dtd">
<html xmlns="http://www.w3.org/1999/xhtml" xml:lang="en" lang="en">
 <head>
  <title>
</title>
<meta http-equiv="Content-Type" content="text/html;charset=utf-8" />
  <meta name='ocr-system' content='tesseract 3.04.00' />
  <meta name='ocr-capabilities' content='ocr_page ocr_carea ocr_par ocr_line ocrx_word'/>
</head>
<body>
  <div class='ocr_page' id='page_1' title='image "./emendationesliv02madvgoog_0455.png"; bbox 0 0 2800 4646; ppageno 0'>
   <div class='ocr_carea' id='block_1_1' title="bbox 255 245 816 304">
    <p class='ocr_par' dir='ltr' id='par_1_1' title="bbox 255 245 816 304">
     <span class='ocr_line' id='line_1_1' title="bbox 255 245 816 304; baseline -0.009 -5"><span class='ocrx_word' id='word_1_1' title='bbox 255 245 313 299; x_wconf 76' lang='lat' dir='ltr'>bib.</span> <span class='ocrx_word' id='word_1_2' title='bbox 328 245 485 302; x_wconf 85' lang='lat' dir='ltr'>xxxvtn.</span> <span class='ocrx_word' id='word_1_3' title='bbox 756 248 816 304; x_wconf 68' lang='grc'>446</span> 
     </span>
    </p>
   </div>
   <div class='ocr_carea' id='block_1_2' title="bbox 168 421 1320 3470">
    <p class='ocr_par' dir='ltr' id='par_1_2' title="bbox 252 421 1320 619">
     <span class='ocr_line' id='line_1_2' title="bbox 252 421 1320 506; baseline -0.002 -18"><span class='ocrx_word' id='word_1_4' title='bbox 252 429 333 506; x_wconf 85' lang='lat' dir='ltr'>qudd</span> <span class='ocrx_word' id='word_1_5' title='bbox 353 430 561 490; x_wconf 81' lang='lat' dir='ltr'>restituendum</span> <span class='ocrx_word' id='word_1_6' title='bbox 589 428 719 498; x_wconf 78' lang='lat' dir='ltr'>ridetur,</span> <span class='ocrx_word' id='word_1_7' title='bbox 749 437 780 486; x_wconf 89' lang='lat' dir='ltr'>ut</span> <span class='ocrx_word' id='word_1_8' title='bbox 801 428 992 504; x_wconf 75' lang='lat' dir='ltr'>significetur:</span> <span class='ocrx_word' id='word_1_9' title='bbox 1024 426 1068 496; x_wconf 84' lang='lat' dir='ltr'>id,</span> <span class='ocrx_word' id='word_1_10' title='bbox 1091 427 1171 501; x_wconf 84' lang='lat' dir='ltr'>quod</span> <span class='ocrx_word' id='word_1_11' title='bbox 1193 421 1320 486; x_wconf 57' lang='lat' dir='ltr'>urime-</span> 
     </span>
     <span class='ocr_line' id='line_1_3' title="bbox 255 523 1262 619; baseline 0.002 -27"><span class='ocrx_word' id='word_1_12' title='bbox 255 535 334 594; x_wconf 81' lang='lat' dir='ltr'>tione</span> <span class='ocrx_word' id='word_1_13' title='bbox 355 535 478 594; x_wconf 75' lang='lat' dir='ltr'>efficitur</span> <span class='ocrx_word' id='word_1_14' title='bbox 506 525 558 608; x_wconf 70' lang='lat' dir='ltr'>(so&#39;</span> <span class='ocrx_word' id='word_1_15' title='bbox 582 531 623 616; x_wconf 72' lang='grc' dir='ltr'>τῇ</span> <span class='ocrx_word' id='word_1_16' title='bbox 644 523 778 614; x_wconf 75' lang='grc' dir='ltr'>τιμήσει</span> <span class='ocrx_word' id='word_1_17' title='bbox 801 524 1071 619; x_wconf 61' lang='lat' dir='ltr'>pyreneum-¹)</span> <span class='ocrx_word' id='word_1_18' title='bbox 1259 523 1262 530; x_wconf 16' lang='grc' dir='ltr'><strong>Α</strong></span> 
     </span>
    </p>

    <p class='ocr_par' dir='ltr' id='par_1_3' title="bbox 168 640 1320 2410">
     <span class='ocr_line' id='line_1_4' title="bbox 337 640 1320 718; baseline 0 -18"><span class='ocrx_word' id='word_1_19' title='bbox 337 640 412 718; x_wconf 84' lang='lat' dir='ltr'>Cap.</span> <span class='ocrx_word' id='word_1_20' title='bbox 435 645 483 710; x_wconf 76' lang='lat'>45,</span> <span class='ocrx_word' id='word_1_21' title='bbox 514 645 532 700; x_wconf 89' lang='grc'>6</span> <span class='ocrx_word' id='word_1_22' title='bbox 564 640 608 709; x_wconf 80' lang='lat' dir='ltr'>(in</span> <span class='ocrx_word' id='word_1_23' title='bbox 630 641 762 700; x_wconf 82' lang='lat' dir='ltr'>oratione</span> <span class='ocrx_word' id='word_1_24' title='bbox 793 643 827 700; x_wconf 87' lang='lat' dir='ltr'>L.</span> <span class='ocrx_word' id='word_1_25' title='bbox 850 641 932 700; x_wconf 80' lang='lat' dir='ltr'>Furii</span> <span class='ocrx_word' id='word_1_26' title='bbox 963 650 992 698; x_wconf 87' lang='lat' dir='ltr'>et</span> <span class='ocrx_word' id='word_1_27' title='bbox 1023 643 1058 700; x_wconf 90' lang='lat' dir='ltr'>L.</span> <span class='ocrx_word' id='word_1_28' title='bbox 1081 641 1195 700; x_wconf 79' lang='lat' dir='ltr'>AEu‘rilii</span> <span class='ocrx_word' id='word_1_29' title='bbox 1217 653 1320 700; x_wconf 73' lang='lat' dir='ltr'>conus</span> 
     </span>
     <span class='ocr_line' id='line_1_5' title="bbox 254 745 1320 823; baseline -0.002 -17"><span class='ocrx_word' id='word_1_30' title='bbox 254 747 307 806; x_wconf 87' lang='lat' dir='ltr'>Cn.</span> <span class='ocrx_word' id='word_1_31' title='bbox 331 747 471 806; x_wconf 86' lang='lat' dir='ltr'>Manlium</span> <span class='ocrx_word' id='word_1_32' title='bbox 495 747 670 822; x_wconf 82' lang='lat' dir='ltr'>triumphum</span> <span class='ocrx_word' id='word_1_33' title='bbox 691 757 845 823; x_wconf 88' lang='lat' dir='ltr'>petentem,</span> <span class='ocrx_word' id='word_1_34' title='bbox 867 745 916 805; x_wconf 92' lang='lat' dir='ltr'>ubi</span> <span class='ocrx_word' id='word_1_35' title='bbox 936 747 1100 816; x_wconf 84' lang='lat' dir='ltr'>ostendunt,</span> <span class='ocrx_word' id='word_1_36' title='bbox 1121 756 1219 804; x_wconf 81' lang='lat' dir='ltr'>cetera</span> <span class='ocrx_word' id='word_1_37' title='bbox 1232 748 1320 813; x_wconf 87' lang='lat' dir='ltr'>bella,</span> 
     </span>
     <span class='ocr_line' id='line_1_6' title="bbox 253 851 1319 928; baseline -0.002 -18"><span class='ocrx_word' id='word_1_38' title='bbox 253 872 319 928; x_wconf 81' lang='lat' dir='ltr'>quae</span> <span class='ocrx_word' id='word_1_39' title='bbox 340 869 433 928; x_wconf 80' lang='lat' dir='ltr'>nuper</span> <span class='ocrx_word' id='word_1_40' title='bbox 453 861 537 927; x_wconf 82' lang='lat' dir='ltr'>geste</span> <span class='ocrx_word' id='word_1_41' title='bbox 557 852 623 923; x_wconf 89' lang='lat' dir='ltr'>sint,</span> <span class='ocrx_word' id='word_1_42' title='bbox 652 851 707 910; x_wconf 86' lang='lat' dir='ltr'>rite</span> <span class='ocrx_word' id='word_1_43' title='bbox 728 861 832 928; x_wconf 82' lang='lat' dir='ltr'>coepte</span> <span class='ocrx_word' id='word_1_44' title='bbox 854 863 883 909; x_wconf 91' lang='lat' dir='ltr'>et</span> <span class='ocrx_word' id='word_1_45' title='bbox 903 852 1012 910; x_wconf 83' lang='lat' dir='ltr'>indicte</span> <span class='ocrx_word' id='word_1_46' title='bbox 1033 851 1124 925; x_wconf 87' lang='lat' dir='ltr'>esse):</span> <span class='ocrx_word' id='word_1_47' title='bbox 1147 851 1187 908; x_wconf 91' lang='lat' dir='ltr'>de</span> <span class='ocrx_word' id='word_1_48' title='bbox 1209 853 1319 910; x_wconf 90' lang='lat' dir='ltr'>omni·</span> 
     </span>
     <span class='ocr_line' id='line_1_7' title="bbox 254 957 1320 1034; baseline -0.002 -18"><span class='ocrx_word' id='word_1_49' title='bbox 254 961 318 1016; x_wconf 92' lang='lat' dir='ltr'>bus</span> <span class='ocrx_word' id='word_1_50' title='bbox 357 958 413 1016; x_wconf 88' lang='lat' dir='ltr'>his</span> <span class='ocrx_word' id='word_1_51' title='bbox 458 959 664 1016; x_wconf 90' lang='lat' dir='ltr'>consultum</span> <span class='ocrx_word' id='word_1_52' title='bbox 708 967 890 1026; x_wconf 77' lang='lat' dir='ltr'>senatum,</span> <span class='ocrx_word' id='word_1_53' title='bbox 933 957 1105 1034; x_wconf 91' lang='lat' dir='ltr'>populum</span> <span class='ocrx_word' id='word_1_54' title='bbox 1146 957 1320 1025; x_wconf 87' lang='lat' dir='ltr'>iussisse,</span> 
     </span>
     <span class='ocr_line' id='line_1_8' title="bbox 253 1063 1319 1140; baseline -0.002 -18"><span class='ocrx_word' id='word_1_55' title='bbox 253 1081 347 1140; x_wconf 76' lang='lat' dir='ltr'>saepe</span> <span class='ocrx_word' id='word_1_56' title='bbox 370 1064 517 1139; x_wconf 75' lang='lat' dir='ltr'>legatos</span> <span class='ocrx_word' id='word_1_57' title='bbox 539 1074 623 1121; x_wconf 86' lang='lat' dir='ltr'>ente</span> <span class='ocrx_word' id='word_1_58' title='bbox 645 1064 793 1134; x_wconf 87' lang='lat' dir='ltr'>missos,</span> <span class='ocrx_word' id='word_1_59' title='bbox 821 1081 877 1122; x_wconf 86' lang='lat' dir='ltr'>res</span> <span class='ocrx_word' id='word_1_60' title='bbox 904 1063 1099 1139; x_wconf 81' lang='lat' dir='ltr'>repetitas,</span> <span class='ocrx_word' id='word_1_61' title='bbox 1120 1073 1319 1138; x_wconf 85' lang='lat' dir='ltr'>postremo,</span> 
     </span>
     <span class='ocr_line' id='line_1_9' title="bbox 253 1168 1319 1243; baseline -0.002 -17"><span class='ocrx_word' id='word_1_62' title='bbox 253 1169 314 1243; x_wconf 89' lang='lat' dir='ltr'>qui</span> <span class='ocrx_word' id='word_1_63' title='bbox 336 1170 470 1228; x_wconf 90' lang='lat' dir='ltr'>bellum</span> <span class='ocrx_word' id='word_1_64' title='bbox 499 1169 719 1241; x_wconf 78' lang='lat' dir='ltr'>indicerent,</span> <span class='ocrx_word' id='word_1_65' title='bbox 749 1170 893 1230; x_wconf 84' lang='lat' dir='ltr'>missos.</span> <span class='ocrx_word' id='word_1_66' title='bbox 947 1169 1057 1229; x_wconf 79' lang='lat' dir='ltr'><strong>Senatu</strong></span> <span class='ocrx_word' id='word_1_67' title='bbox 1087 1169 1145 1226; x_wconf 88' lang='lat' dir='ltr'>iam</span> <span class='ocrx_word' id='word_1_68' title='bbox 1174 1169 1211 1226; x_wconf 89' lang='lat' dir='ltr'>de</span> <span class='ocrx_word' id='word_1_69' title='bbox 1240 1168 1319 1224; x_wconf 88' lang='lat' dir='ltr'>bello</span> 
     </span>
     <span class='ocr_line' id='line_1_10' title="bbox 252 1273 1318 1352; baseline -0.002 -18"><span class='ocrx_word' id='word_1_70' title='bbox 252 1277 394 1346; x_wconf 87' lang='lat' dir='ltr'>consulto,</span> <span class='ocrx_word' id='word_1_71' title='bbox 416 1275 525 1352; x_wconf 91' lang='lat' dir='ltr'>populo</span> <span class='ocrx_word' id='word_1_72' title='bbox 546 1283 661 1350; x_wconf 84' lang='lat' dir='ltr'>rogato,</span> <span class='ocrx_word' id='word_1_73' title='bbox 683 1293 742 1333; x_wconf 92' lang='lat' dir='ltr'>non</span> <span class='ocrx_word' id='word_1_74' title='bbox 763 1293 840 1352; x_wconf 73' lang='lat' dir='ltr'>sepe</span> <span class='ocrx_word' id='word_1_75' title='bbox 862 1275 1050 1334; x_wconf 71' lang='lat' dir='ltr'><strong>mittebantur</strong></span> <span class='ocrx_word' id='word_1_76' title='bbox 1071 1275 1174 1351; x_wconf 81' lang='lat' dir='ltr'>legati;</span> <span class='ocrx_word' id='word_1_77' title='bbox 1195 1273 1318 1332; x_wconf 78' lang='lat' dir='ltr'>offendit</span> 
     </span>
     <span class='ocr_line' id='line_1_11' title="bbox 252 1380 1317 1458; baseline -0.002 -18"><span class='ocrx_word' id='word_1_78' title='bbox 252 1391 393 1457; x_wconf 72' lang='lat' dir='ltr'>praterea</span> <span class='ocrx_word' id='word_1_79' title='bbox 414 1383 475 1440; x_wconf 75' lang='lat' dir='ltr'>bae</span> <span class='ocrx_word' id='word_1_80' title='bbox 497 1391 557 1438; x_wconf 85' lang='lat' dir='ltr'>tem</span> <span class='ocrx_word' id='word_1_81' title='bbox 579 1380 660 1438; x_wconf 87' lang='lat' dir='ltr'>brevi</span> <span class='ocrx_word' id='word_1_82' title='bbox 675 1380 828 1440; x_wconf 79' lang='lat' dir='ltr'>intervallo</span> <span class='ocrx_word' id='word_1_83' title='bbox 849 1380 982 1458; x_wconf 77' lang='lat' dir='ltr'>repetitio</span> <span class='ocrx_word' id='word_1_84' title='bbox 997 1381 1126 1440; x_wconf 85' lang='lat' dir='ltr'>eiusdem</span> <span class='ocrx_word' id='word_1_85' title='bbox 1140 1399 1201 1438; x_wconf 91' lang='lat' dir='ltr'>non</span> <span class='ocrx_word' id='word_1_86' title='bbox 1222 1381 1317 1438; x_wconf 88' lang='lat' dir='ltr'>solum</span> 
     </span>
     <span class='ocr_line' id='line_1_12' title="bbox 253 1485 1318 1564; baseline 0 -20"><span class='ocrx_word' id='word_1_87' title='bbox 253 1488 344 1559; x_wconf 84' lang='lat' dir='ltr'>verbi,</span> <span class='ocrx_word' id='word_1_88' title='bbox 365 1489 416 1546; x_wconf 92' lang='lat' dir='ltr'>sed</span> <span class='ocrx_word' id='word_1_89' title='bbox 438 1487 540 1544; x_wconf 74' lang='lat' dir='ltr'>formae</span> <span class='ocrx_word' id='word_1_90' title='bbox 561 1485 643 1542; x_wconf 86' lang='lat' dir='ltr'>verbi</span> <span class='ocrx_word' id='word_1_91' title='bbox 666 1485 826 1564; x_wconf 89' lang='lat' dir='ltr'>(missos)</span> <span class='ocrx_word' id='word_1_92' title='bbox 857 1489 887 1546; x_wconf 90' lang='lat' dir='ltr'>in</span> <span class='ocrx_word' id='word_1_93' title='bbox 918 1487 1134 1546; x_wconf 81' lang='lat' dir='ltr'>enumeratione</span> <span class='ocrx_word' id='word_1_94' title='bbox 1163 1487 1318 1562; x_wconf 84' lang='lat' dir='ltr'>diligenter</span> 
     </span>
     <span class='ocr_line' id='line_1_13' title="bbox 252 1591 1317 1668; baseline 0 -18"><span class='ocrx_word' id='word_1_95' title='bbox 252 1595 376 1654; x_wconf 78' lang='lat' dir='ltr'>variata.</span> <span class='ocrx_word' id='word_1_96' title='bbox 430 1594 476 1652; x_wconf 90' lang='lat' dir='ltr'>Eo</span> <span class='ocrx_word' id='word_1_97' title='bbox 512 1591 606 1666; x_wconf 84' lang='lat' dir='ltr'>magis</span> <span class='ocrx_word' id='word_1_98' title='bbox 638 1601 802 1650; x_wconf 86' lang='lat' dir='ltr'>commovet</span> <span class='ocrx_word' id='word_1_99' title='bbox 834 1595 961 1652; x_wconf 85' lang='lat' dir='ltr'>animum</span> <span class='ocrx_word' id='word_1_100' title='bbox 995 1591 1102 1650; x_wconf 89' lang='lat' dir='ltr'>codicis</span> <span class='ocrx_word' id='word_1_101' title='bbox 1126 1593 1150 1650; x_wconf 88' lang='grc' dir='ltr'><strong>Β</strong></span> <span class='ocrx_word' id='word_1_102' title='bbox 1172 1593 1317 1668; x_wconf 82' lang='lat' dir='ltr'>scripture</span> 
     </span>
     <span class='ocr_line' id='line_1_14' title="bbox 254 1696 1316 1775; baseline 0 -19"><span class='ocrx_word' id='word_1_103' title='bbox 254 1699 418 1766; x_wconf 81' lang='lat' dir='ltr'>(silentibus</span> <span class='ocrx_word' id='word_1_104' title='bbox 430 1699 466 1756; x_wconf 91' lang='lat' dir='ltr'>de</span> <span class='ocrx_word' id='word_1_105' title='bbox 483 1699 523 1766; x_wconf 90' lang='lat' dir='ltr'>M,</span> <span class='ocrx_word' id='word_1_106' title='bbox 536 1696 760 1772; x_wconf 83' lang='lat' dir='ltr'>quividerunt):</span> <span class='ocrx_word' id='word_1_107' title='bbox 774 1700 947 1774; x_wconf 90' lang='lat' dir='ltr'>populum</span> <span class='ocrx_word' id='word_1_108' title='bbox 970 1698 1089 1756; x_wconf 77' lang='lat' dir='ltr'>fuisso</span> <span class='ocrx_word' id='word_1_109' title='bbox 1108 1717 1201 1774; x_wconf 74' lang='lat' dir='ltr'>sape</span> <span class='ocrx_word' id='word_1_110' title='bbox 1216 1699 1316 1775; x_wconf 86' lang='lat' dir='ltr'>lega·</span> 
     </span>
     <span class='ocr_line' id='line_1_15' title="bbox 252 1802 1315 1880; baseline -0.002 -18"><span class='ocrx_word' id='word_1_111' title='bbox 252 1817 309 1862; x_wconf 89' lang='lat' dir='ltr'>tos</span> <span class='ocrx_word' id='word_1_112' title='bbox 330 1814 413 1862; x_wconf 85' lang='lat' dir='ltr'>ante</span> <span class='ocrx_word' id='word_1_113' title='bbox 437 1821 496 1862; x_wconf 87' lang='lat' dir='ltr'>res</span> <span class='ocrx_word' id='word_1_114' title='bbox 518 1802 710 1878; x_wconf 84' lang='lat' dir='ltr'>repetitas,</span> <span class='ocrx_word' id='word_1_115' title='bbox 733 1803 841 1862; x_wconf 83' lang='lat' dir='ltr'>omisso</span> <span class='ocrx_word' id='word_1_116' title='bbox 863 1805 960 1880; x_wconf 87' lang='lat' dir='ltr'>priore</span> <span class='ocrx_word' id='word_1_117' title='bbox 982 1805 1121 1863; x_wconf 87' lang='lat' dir='ltr'>missos.</span> <span class='ocrx_word' id='word_1_118' title='bbox 1151 1803 1315 1880; x_wconf 84' lang='lat' dir='ltr'>Scripserat</span> 
     </span>
     <span class='ocr_line' id='line_1_16' title="bbox 168 1909 1318 1991; baseline -0.005 -19"><span class='ocrx_word' id='word_1_119' title='bbox 168 1955 174 1972; x_wconf 76' lang='grc'>.</span> <span class='ocrx_word' id='word_1_120' title='bbox 252 1910 366 1968; x_wconf 86' lang='lat' dir='ltr'>Livius:</span> <span class='ocrx_word' id='word_1_121' title='bbox 388 1909 558 1986; x_wconf 91' lang='lat' dir='ltr'>populum</span> <span class='ocrx_word' id='word_1_122' title='bbox 583 1909 752 1978; x_wconf 74' lang='lat' dir='ltr'>lusslsse,</span> <span class='ocrx_word' id='word_1_123' title='bbox 775 1911 1009 1991; x_wconf 78' lang='lat' dir='ltr'>perlegales</span> <span class='ocrx_word' id='word_1_124' title='bbox 1031 1919 1190 1968; x_wconf 84' lang='lat' dir='ltr'>enteres</span> <span class='ocrx_word' id='word_1_125' title='bbox 1214 1929 1318 1986; x_wconf 85' lang='lat' dir='ltr'>repe·</span> 
     </span>
     <span class='ocr_line' id='line_1_17' title="bbox 252 2013 1315 2092; baseline -0.002 -18"><span class='ocrx_word' id='word_1_126' title='bbox 252 2017 357 2088; x_wconf 81' lang='lat' dir='ltr'>titus,</span> <span class='ocrx_word' id='word_1_127' title='bbox 379 2025 581 2092; x_wconf 87' lang='lat' dir='ltr'>postremo,</span> <span class='ocrx_word' id='word_1_128' title='bbox 603 2013 663 2089; x_wconf 88' lang='lat' dir='ltr'>qui</span> <span class='ocrx_word' id='word_1_129' title='bbox 685 2014 818 2072; x_wconf 91' lang='lat' dir='ltr'>bellum</span> <span class='ocrx_word' id='word_1_130' title='bbox 841 2013 1062 2085; x_wconf 80' lang='lat' dir='ltr'>indicerent,</span> <span class='ocrx_word' id='word_1_131' title='bbox 1084 2015 1226 2072; x_wconf 87' lang='lat' dir='ltr'>missos.</span> <span class='ocrx_word' id='word_1_132' title='bbox 1269 2017 1315 2074; x_wconf 84' lang='lat' dir='ltr'>Ex</span> 
     </span>
     <span class='ocr_line' id='line_1_18' title="bbox 250 2117 1314 2198; baseline -0.001 -19"><span class='ocrx_word' id='word_1_133' title='bbox 250 2121 479 2196; x_wconf 87' lang='lat' dir='ltr'>iussisseper</span> <span class='ocrx_word' id='word_1_134' title='bbox 499 2119 608 2178; x_wconf 84' lang='lat' dir='ltr'>factum</span> <span class='ocrx_word' id='word_1_135' title='bbox 632 2117 842 2196; x_wconf 82' lang='lat' dir='ltr'>iuissesepe</span> <span class='ocrx_word' id='word_1_136' title='bbox 863 2120 979 2198; x_wconf 72' lang='lat' dir='ltr'>(eape);</span> <span class='ocrx_word' id='word_1_137' title='bbox 1000 2133 1103 2198; x_wconf 86' lang='lat' dir='ltr'>posteo</span> <span class='ocrx_word' id='word_1_138' title='bbox 1125 2119 1167 2188; x_wconf 86' lang='lat' dir='ltr'>(in</span> <span class='ocrx_word' id='word_1_139' title='bbox 1191 2121 1314 2179; x_wconf 88' lang='lat' dir='ltr'>recenti·</span> 
     </span>
     <span class='ocr_line' id='line_1_19' title="bbox 251 2225 1313 2304; baseline -0.002 -18"><span class='ocrx_word' id='word_1_140' title='bbox 251 2227 350 2286; x_wconf 81' lang='lat' dir='ltr'>oribus</span> <span class='ocrx_word' id='word_1_141' title='bbox 371 2226 531 2300; x_wconf 90' lang='lat' dir='ltr'>codicibus)</span> <span class='ocrx_word' id='word_1_142' title='bbox 554 2227 685 2286; x_wconf 89' lang='lat' dir='ltr'>additum</span> <span class='ocrx_word' id='word_1_143' title='bbox 706 2226 845 2284; x_wconf 88' lang='lat' dir='ltr'>missos.</span> <span class='ocrx_word' id='word_1_144' title='bbox 888 2225 1046 2304; x_wconf 87' lang='lat' dir='ltr'>(Ultimum</span> <span class='ocrx_word' id='word_1_145' title='bbox 1067 2229 1124 2286; x_wconf 90' lang='lat' dir='ltr'>hoo</span> <span class='ocrx_word' id='word_1_146' title='bbox 1143 2245 1198 2284; x_wconf 90' lang='lat' dir='ltr'>nos</span> <span class='ocrx_word' id='word_1_147' title='bbox 1222 2228 1313 2286; x_wconf 88' lang='lat' dir='ltr'>codex</span> 
     </span>
     <span class='ocr_line' id='line_1_20' title="bbox 253 2332 1208 2410; baseline 0.002 -20"><span class='ocrx_word' id='word_1_148' title='bbox 253 2333 478 2409; x_wconf 82' lang='lat' dir='ltr'>Bambergensis</span> <span class='ocrx_word' id='word_1_149' title='bbox 500 2333 632 2402; x_wconf 80' lang='lat' dir='ltr'>adiuvet3</span> <span class='ocrx_word' id='word_1_150' title='bbox 666 2351 734 2390; x_wconf 85' lang='lat' dir='ltr'>nem</span> <span class='ocrx_word' id='word_1_151' title='bbox 756 2332 785 2390; x_wconf 92' lang='lat' dir='ltr'>in</span> <span class='ocrx_word' id='word_1_152' title='bbox 807 2333 942 2408; x_wconf 87' lang='lat' dir='ltr'>proximo</span> <span class='ocrx_word' id='word_1_153' title='bbox 964 2335 1060 2410; x_wconf 87' lang='lat' dir='ltr'>capite</span> <span class='ocrx_word' id='word_1_154' title='bbox 1081 2333 1208 2408; x_wconf 83' lang='lat' dir='ltr'>desinit)</span> 
     </span>
    </p>

    <p class='ocr_par' dir='ltr' id='par_1_4' title="bbox 252 2437 1316 3470">
     <span class='ocr_line' id='line_1_21' title="bbox 335 2437 1314 2515; baseline -0.001 -18"><span class='ocrx_word' id='word_1_155' title='bbox 335 2437 408 2515; x_wconf 83' lang='lat' dir='ltr'>Cep.</span> <span class='ocrx_word' id='word_1_156' title='bbox 433 2441 491 2508; x_wconf 78' lang='lat'>49,</span> <span class='ocrx_word' id='word_1_157' title='bbox 523 2441 558 2496; x_wconf 84' lang='grc'>13</span> <span class='ocrx_word' id='word_1_158' title='bbox 595 2439 636 2510; x_wconf 91' lang='lat' dir='ltr'>(in</span> <span class='ocrx_word' id='word_1_159' title='bbox 673 2437 805 2496; x_wconf 85' lang='lat' dir='ltr'>oratione</span> <span class='ocrx_word' id='word_1_160' title='bbox 840 2438 892 2496; x_wconf 88' lang='lat' dir='ltr'>Cn.</span> <span class='ocrx_word' id='word_1_161' title='bbox 923 2437 1026 2496; x_wconf 84' lang='lat' dir='ltr'>Manlii</span> <span class='ocrx_word' id='word_1_162' title='bbox 1053 2449 1155 2497; x_wconf 81' lang='lat' dir='ltr'>contra</span> <span class='ocrx_word' id='word_1_163' title='bbox 1188 2441 1223 2498; x_wconf 82' lang='lat' dir='ltr'>L.</span> <span class='ocrx_word' id='word_1_164' title='bbox 1256 2442 1314 2498; x_wconf 85' lang='lat' dir='ltr'>Fu·</span> 
     </span>
     <span class='ocr_line' id='line_1_22' title="bbox 252 2543 1314 2622; baseline 0 -20"><span class='ocrx_word' id='word_1_165' title='bbox 252 2545 325 2602; x_wconf 88' lang='lat' dir='ltr'>rium</span> <span class='ocrx_word' id='word_1_166' title='bbox 358 2555 388 2602; x_wconf 90' lang='lat' dir='ltr'>et</span> <span class='ocrx_word' id='word_1_167' title='bbox 415 2545 449 2607; x_wconf 87' lang='lat' dir='ltr'>L.</span> <span class='ocrx_word' id='word_1_168' title='bbox 478 2544 666 2618; x_wconf 82' lang='lat' dir='ltr'>AEmilium):</span> <span class='ocrx_word' id='word_1_169' title='bbox 710 2543 802 2618; x_wconf 86' lang='lat' dir='ltr'>Quin</span> <span class='ocrx_word' id='word_1_170' title='bbox 831 2562 899 2620; x_wconf 89' lang='lat' dir='ltr'>pro</span> <span class='ocrx_word' id='word_1_171' title='bbox 928 2562 983 2613; x_wconf 91' lang='lat' dir='ltr'>eo,</span> <span class='ocrx_word' id='word_1_172' title='bbox 1022 2545 1116 2619; x_wconf 89' lang='lat' dir='ltr'>quod</span> <span class='ocrx_word' id='word_1_173' title='bbox 1145 2546 1314 2622; x_wconf 88' lang='lat' dir='ltr'>pluribus</span> 
     </span>
     <span class='ocr_line' id='line_1_23' title="bbox 253 2648 1314 2725; baseline 0.001 -18"><span class='ocrx_word' id='word_1_174' title='bbox 253 2651 374 2708; x_wconf 83' lang='lat' dir='ltr'>verbis</span> <span class='ocrx_word' id='word_1_175' title='bbox 396 2667 480 2721; x_wconf 88' lang='lat' dir='ltr'>vos,</span> <span class='ocrx_word' id='word_1_176' title='bbox 513 2669 619 2724; x_wconf 89' lang='lat' dir='ltr'>quam</span> <span class='ocrx_word' id='word_1_177' title='bbox 642 2649 758 2720; x_wconf 88' lang='lat' dir='ltr'>volui,</span> <span class='ocrx_word' id='word_1_178' title='bbox 787 2648 963 2725; x_wconf 75' lang='lat' dir='ltr'>fatigavi,</span> <span class='ocrx_word' id='word_1_179' title='bbox 995 2651 1137 2708; x_wconf 86' lang='lat' dir='ltr'>veniam</span> <span class='ocrx_word' id='word_1_180' title='bbox 1168 2671 1187 2708; x_wconf 88' lang='lat' dir='ltr'>a</span> <span class='ocrx_word' id='word_1_181' title='bbox 1209 2653 1314 2710; x_wconf 84' lang='lat' dir='ltr'>vobis</span> 
     </span>
     <span class='ocr_line' id='line_1_24' title="bbox 252 2754 1314 2835; baseline 0.002 -21"><span class='ocrx_word' id='word_1_182' title='bbox 252 2757 406 2832; x_wconf 82' lang='lat' dir='ltr'>petitam</span> <span class='ocrx_word' id='word_1_183' title='bbox 428 2757 734 2832; x_wconf 76' lang='lat' dir='ltr'>impetratamque</span> <span class='ocrx_word' id='word_1_184' title='bbox 757 2755 875 2826; x_wconf 87' lang='lat' dir='ltr'>velim,</span> <span class='ocrx_word' id='word_1_185' title='bbox 896 2756 933 2814; x_wconf 86' lang='lat' dir='ltr'>P.</span> <span class='ocrx_word' id='word_1_186' title='bbox 945 2754 978 2813; x_wconf 88' lang='lat' dir='ltr'>C.</span> <span class='ocrx_word' id='word_1_187' title='bbox 1021 2757 1090 2814; x_wconf 87' lang='lat' dir='ltr'>Non</span> <span class='ocrx_word' id='word_1_188' title='bbox 1112 2757 1208 2833; x_wconf 84' lang='lat' dir='ltr'>plura,</span> <span class='ocrx_word' id='word_1_189' title='bbox 1228 2777 1314 2835; x_wconf 87' lang='lat' dir='ltr'>quam</span> 
     </span>
     <span class='ocr_line' id='line_1_25' title="bbox 253 2860 1315 2941; baseline 0.004 -23"><span class='ocrx_word' id='word_1_190' title='bbox 253 2862 362 2934; x_wconf 87' lang='lat' dir='ltr'>voluit,</span> <span class='ocrx_word' id='word_1_191' title='bbox 387 2863 514 2920; x_wconf 85' lang='lat' dir='ltr'>Manlius</span> <span class='ocrx_word' id='word_1_192' title='bbox 544 2861 619 2920; x_wconf 84' lang='lat' dir='ltr'>dixit</span> <span class='ocrx_word' id='word_1_193' title='bbox 645 2860 807 2938; x_wconf 82' lang='lat' dir='ltr'>(deficiente</span> <span class='ocrx_word' id='word_1_194' title='bbox 836 2861 912 2918; x_wconf 90' lang='lat' dir='ltr'>enim</span> <span class='ocrx_word' id='word_1_195' title='bbox 934 2861 1084 2920; x_wconf 80' lang='lat' dir='ltr'>voluntate</span> <span class='ocrx_word' id='word_1_196' title='bbox 1113 2863 1214 2939; x_wconf 76' lang='lat' dir='ltr'>lingua</span> <span class='ocrx_word' id='word_1_197' title='bbox 1236 2865 1315 2941; x_wconf 90' lang='lat' dir='ltr'>quie·</span> 
     </span>
     <span class='ocr_line' id='line_1_26' title="bbox 253 2963 1315 3046; baseline 0.005 -23"><span class='ocrx_word' id='word_1_198' title='bbox 253 2965 364 3040; x_wconf 81' lang='lat' dir='ltr'>visset),</span> <span class='ocrx_word' id='word_1_199' title='bbox 386 2969 436 3025; x_wconf 90' lang='lat' dir='ltr'>sed</span> <span class='ocrx_word' id='word_1_200' title='bbox 460 2968 554 3044; x_wconf 86' lang='lat' dir='ltr'>plura,</span> <span class='ocrx_word' id='word_1_201' title='bbox 583 2986 680 3043; x_wconf 82' lang='lat' dir='ltr'>quam,</span> <span class='ocrx_word' id='word_1_202' title='bbox 709 2967 734 3025; x_wconf 92' lang='lat' dir='ltr'>si</span> <span class='ocrx_word' id='word_1_203' title='bbox 761 2965 889 3024; x_wconf 81' lang='lat' dir='ltr'>licuisset</span> <span class='ocrx_word' id='word_1_204' title='bbox 909 2985 1003 3042; x_wconf 92' lang='lat' dir='ltr'>neque</span> <span class='ocrx_word' id='word_1_205' title='bbox 1025 2963 1174 3026; x_wconf 84' lang='lat' dir='ltr'>accusatio</span> <span class='ocrx_word' id='word_1_206' title='bbox 1195 2987 1315 3046; x_wconf 87' lang='lat' dir='ltr'>respon·</span> 
     </span>
     <span class='ocr_line' id='line_1_27' title="bbox 254 3071 1314 3150; baseline 0.004 -22"><span class='ocrx_word' id='word_1_207' title='bbox 254 3071 324 3130; x_wconf 87' lang='lat' dir='ltr'>dere</span> <span class='ocrx_word' id='word_1_208' title='bbox 355 3073 507 3148; x_wconf 84' lang='lat' dir='ltr'>coegisset,</span> <span class='ocrx_word' id='word_1_209' title='bbox 543 3073 640 3132; x_wconf 82' lang='lat' dir='ltr'>vellet.</span> <span class='ocrx_word' id='word_1_210' title='bbox 699 3076 799 3148; x_wconf 85' lang='lat' dir='ltr'>Atque</span> <span class='ocrx_word' id='word_1_211' title='bbox 831 3073 887 3130; x_wconf 89' lang='lat' dir='ltr'>hoc</span> <span class='ocrx_word' id='word_1_212' title='bbox 919 3071 1013 3147; x_wconf 91' lang='lat' dir='ltr'>ipsum</span> <span class='ocrx_word' id='word_1_213' title='bbox 1046 3091 1149 3150; x_wconf 88' lang='lat' dir='ltr'>quam</span> <span class='ocrx_word' id='word_1_214' title='bbox 1182 3075 1314 3134; x_wconf 87' lang='lat' dir='ltr'>vellem</span> 
     </span>
     <span class='ocr_line' id='line_1_28' title="bbox 253 3177 1315 3254; baseline 0.002 -18"><span class='ocrx_word' id='word_1_215' title='bbox 253 3177 342 3236; x_wconf 85' lang='lat' dir='ltr'>habet</span> <span class='ocrx_word' id='word_1_216' title='bbox 372 3196 447 3236; x_wconf 88' lang='lat' dir='ltr'>unus</span> <span class='ocrx_word' id='word_1_217' title='bbox 476 3178 602 3254; x_wconf 89' lang='lat' dir='ltr'>optimus</span> <span class='ocrx_word' id='word_1_218' title='bbox 632 3179 726 3236; x_wconf 85' lang='lat' dir='ltr'>codex</span> <span class='ocrx_word' id='word_1_219' title='bbox 747 3178 795 3248; x_wconf 89' lang='lat' dir='ltr'>M,</span> <span class='ocrx_word' id='word_1_220' title='bbox 825 3177 877 3234; x_wconf 86' lang='lat' dir='ltr'>sed</span> <span class='ocrx_word' id='word_1_221' title='bbox 897 3177 1087 3252; x_wconf 81' lang='lat' dir='ltr'>neglexerunt</span> <span class='ocrx_word' id='word_1_222' title='bbox 1108 3180 1250 3252; x_wconf 84' lang='lat' dir='ltr'>editores,</span> <span class='ocrx_word' id='word_1_223' title='bbox 1272 3181 1315 3240; x_wconf 83' lang='lat' dir='ltr'>vel</span> 
     </span>
     <span class='ocr_line' id='line_1_29' title="bbox 255 3281 1315 3360; baseline 0.007 -23"><span class='ocrx_word' id='word_1_224' title='bbox 255 3281 332 3356; x_wconf 88' lang='lat' dir='ltr'>quod</span> <span class='ocrx_word' id='word_1_225' title='bbox 348 3281 575 3341; x_wconf 81' lang='lat' dir='ltr'>condicionalem</span> <span class='ocrx_word' id='word_1_226' title='bbox 595 3285 672 3343; x_wconf 90' lang='lat' dir='ltr'>hunc</span> <span class='ocrx_word' id='word_1_227' title='bbox 687 3293 717 3341; x_wconf 92' lang='lat' dir='ltr'>et</span> <span class='ocrx_word' id='word_1_228' title='bbox 733 3281 921 3360; x_wconf 77' lang='lat' dir='ltr'>potentialem</span> <span class='ocrx_word' id='word_1_229' title='bbox 936 3301 1021 3342; x_wconf 90' lang='lat' dir='ltr'>usum</span> <span class='ocrx_word' id='word_1_230' title='bbox 1035 3285 1138 3342; x_wconf 87' lang='lat' dir='ltr'>horum</span> <span class='ocrx_word' id='word_1_231' title='bbox 1159 3289 1315 3346; x_wconf 86' lang='lat' dir='ltr'>verborum</span> 
     </span>
     <span class='ocr_line' id='line_1_30' title="bbox 253 3375 1316 3470; baseline 0.002 -22"><span class='ocrx_word' id='word_1_232' title='bbox 253 3375 469 3470; x_wconf 78' lang='grc' dir='ltr'>(ἠβουλόμην</span> <span class='ocrx_word' id='word_1_233' title='bbox 491 3381 563 3465; x_wconf 75' lang='lat' dir='ltr'>du),</span> <span class='ocrx_word' id='word_1_234' title='bbox 587 3409 672 3466; x_wconf 90' lang='lat' dir='ltr'>quem</span> <span class='ocrx_word' id='word_1_235' title='bbox 694 3407 831 3466; x_wconf 86' lang='lat' dir='ltr'>perverse</span> <span class='ocrx_word' id='word_1_236' title='bbox 853 3387 1014 3464; x_wconf 83' lang='lat' dir='ltr'>optativum</span> <span class='ocrx_word' id='word_1_237' title='bbox 1036 3390 1186 3466; x_wconf 83' lang='lat' dir='ltr'>appellent</span> <span class='ocrx_word' id='word_1_238' title='bbox 1209 3401 1316 3468; x_wconf 89' lang='lat' dir='ltr'>(neque</span> 
     </span>
    </p>
   </div>
   <div class='ocr_carea' id='block_1_3' title="bbox 274 3637 1317 3833">
    <p class='ocr_par' dir='ltr' id='par_1_5' title="bbox 274 3637 1317 3833">
     <span class='ocr_line' id='line_1_31' title="bbox 274 3637 1317 3740; baseline 0.005 -16"><span class='ocrx_word' id='word_1_239' title='bbox 274 3671 296 3739; x_wconf 84' lang='lat'>²)</span> <span class='ocrx_word' id='word_1_240' title='bbox 323 3677 371 3738; x_wconf 79' lang='lat'>§5</span> <span class='ocrx_word' id='word_1_241' title='bbox 400 3684 468 3726; x_wconf 83' lang='lat' dir='ltr'>recte</span> <span class='ocrx_word' id='word_1_242' title='bbox 493 3637 653 3727; x_wconf 69' lang='lat' dir='ltr'>Perinonium</span> <span class='ocrx_word' id='word_1_243' title='bbox 682 3675 837 3740; x_wconf 87' lang='lat' dir='ltr'>suspicatum</span> <span class='ocrx_word' id='word_1_244' title='bbox 868 3688 924 3724; x_wconf 86' lang='lat' dir='ltr'>esse</span> <span class='ocrx_word' id='word_1_245' title='bbox 954 3674 1079 3724; x_wconf 82' lang='lat' dir='ltr'>excidisse</span> <span class='ocrx_word' id='word_1_246' title='bbox 1105 3686 1235 3740; x_wconf 71' lang='lat' dir='ltr'>prester,</span> <span class='ocrx_word' id='word_1_247' title='bbox 1268 3693 1317 3730; x_wconf 84' lang='lat' dir='ltr'>uon</span> 
     </span>
     <span class='ocr_line' id='line_1_32' title="bbox 325 3766 1317 3833; baseline 0 -15"><span class='ocrx_word' id='word_1_248' title='bbox 325 3769 407 3818; x_wconf 87' lang='lat' dir='ltr'>solum</span> <span class='ocrx_word' id='word_1_249' title='bbox 435 3768 557 3833; x_wconf 83' lang='lat' dir='ltr'>Polybius</span> <span class='ocrx_word' id='word_1_250' title='bbox 581 3768 707 3827; x_wconf 85' lang='lat' dir='ltr'>ostendit,</span> <span class='ocrx_word' id='word_1_251' title='bbox 735 3767 780 3820; x_wconf 83' lang='lat' dir='ltr'>sed</span> <span class='ocrx_word' id='word_1_252' title='bbox 798 3766 939 3816; x_wconf 79' lang='lat' dir='ltr'>tralaticius</span> <span class='ocrx_word' id='word_1_253' title='bbox 956 3767 983 3815; x_wconf 91' lang='lat' dir='ltr'>in</span> <span class='ocrx_word' id='word_1_254' title='bbox 1002 3766 1097 3816; x_wconf 78' lang='lat' dir='ltr'>talibus</span> <span class='ocrx_word' id='word_1_255' title='bbox 1114 3768 1192 3819; x_wconf 85' lang='lat' dir='ltr'>rebus</span> <span class='ocrx_word' id='word_1_256' title='bbox 1211 3771 1317 3820; x_wconf 81' lang='lat' dir='ltr'>cavendi</span> 
     </span>
    </p>
   </div>
   <div class='ocr_carea' id='block_1_4' title="bbox 324 3859 1319 4108">
    <p class='ocr_par' dir='ltr' id='par_1_6' title="bbox 324 3859 1319 4108">
     <span class='ocr_line' id='line_1_33' title="bbox 325 3859 1317 3924; baseline 0 -14"><span class='ocrx_word' id='word_1_257' title='bbox 325 3877 388 3911; x_wconf 84' lang='lat' dir='ltr'>mos.</span> <span class='ocrx_word' id='word_1_258' title='bbox 430 3860 485 3910; x_wconf 83' lang='lat' dir='ltr'>Nee</span> <span class='ocrx_word' id='word_1_259' title='bbox 504 3861 587 3911; x_wconf 88' lang='lat' dir='ltr'>minus</span> <span class='ocrx_word' id='word_1_260' title='bbox 606 3869 673 3911; x_wconf 81' lang='lat' dir='ltr'>recte</span> <span class='ocrx_word' id='word_1_261' title='bbox 692 3875 754 3923; x_wconf 88' lang='lat' dir='ltr'>quo</span> <span class='ocrx_word' id='word_1_262' title='bbox 772 3872 908 3923; x_wconf 77' lang='lat' dir='ltr'>qunque</span> <span class='ocrx_word' id='word_1_263' title='bbox 931 3859 970 3923; x_wconf 89' lang='lat' dir='ltr'>(in</span> <span class='ocrx_word' id='word_1_264' title='bbox 993 3872 1067 3908; x_wconf 82' lang='lat' dir='ltr'>suum</span> <span class='ocrx_word' id='word_1_265' title='bbox 1091 3873 1198 3924; x_wconf 72' lang='lat' dir='ltr'>quque</span> <span class='ocrx_word' id='word_1_266' title='bbox 1221 3861 1317 3924; x_wconf 84' lang='lat' dir='ltr'>locum)</span> 
     </span>
     <span class='ocr_line' id='line_1_34' title="bbox 324 3951 1319 4018; baseline 0 -17"><span class='ocrx_word' id='word_1_267' title='bbox 324 3967 371 4016; x_wconf 84' lang='lat' dir='ltr'>pro</span> <span class='ocrx_word' id='word_1_268' title='bbox 397 3966 467 4015; x_wconf 78' lang='lat' dir='ltr'>qun</span> <span class='ocrx_word' id='word_1_269' title='bbox 491 3967 623 4018; x_wconf 85' lang='lat' dir='ltr'>qnoque</span> <span class='ocrx_word' id='word_1_270' title='bbox 648 3953 725 4004; x_wconf 85' lang='lat' dir='ltr'>scribi</span> <span class='ocrx_word' id='word_1_271' title='bbox 748 3953 829 4004; x_wconf 86' lang='lat' dir='ltr'>iussit.</span> <span class='ocrx_word' id='word_1_272' title='bbox 867 3951 884 4012; x_wconf 64' lang='grc'><strong>5</strong></span> <span class='ocrx_word' id='word_1_273' title='bbox 905 3955 935 4002; x_wconf 77' lang='lat'>1³</span> <span class='ocrx_word' id='word_1_274' title='bbox 961 3965 1014 4000; x_wconf 87' lang='lat' dir='ltr'>non</span> <span class='ocrx_word' id='word_1_275' title='bbox 1035 3951 1123 4000; x_wconf 72' lang='lat' dir='ltr'>Attica</span> <span class='ocrx_word' id='word_1_276' title='bbox 1141 3953 1253 4010; x_wconf 78' lang='lat' dir='ltr'>talenta.</span> <span class='ocrx_word' id='word_1_277' title='bbox 1272 3953 1319 4004; x_wconf 82' lang='lat' dir='ltr'>sed</span> 
     </span>
     <span class='ocr_line' id='line_1_35' title="bbox 329 4043 1177 4108; baseline 0.002 -16"><span class='ocrx_word' id='word_1_278' title='bbox 329 4043 442 4092; x_wconf 77' lang='lat' dir='ltr'>Atticum</span> <span class='ocrx_word' id='word_1_279' title='bbox 464 4053 597 4108; x_wconf 69' lang='lat' dir='ltr'>argentum</span> <span class='ocrx_word' id='word_1_280' title='bbox 621 4061 636 4094; x_wconf 84' lang='lat' dir='ltr'>a</span> <span class='ocrx_word' id='word_1_281' title='bbox 655 4045 730 4096; x_wconf 81' lang='lat' dir='ltr'>Livio</span> <span class='ocrx_word' id='word_1_282' title='bbox 748 4046 907 4094; x_wconf 81' lang='lat' dir='ltr'>nominatum</span> <span class='ocrx_word' id='word_1_283' title='bbox 925 4057 990 4102; x_wconf 81' lang='lat' dir='ltr'>esse,</span> <span class='ocrx_word' id='word_1_284' title='bbox 1014 4052 1110 4094; x_wconf 79' lang='lat' dir='ltr'>certem</span> <span class='ocrx_word' id='word_1_285' title='bbox 1128 4053 1177 4094; x_wconf 78' lang='lat' dir='ltr'>est.</span> 
     </span>
    </p>
   </div>
   <div class='ocr_carea' id='block_1_5' title="bbox 0 0 1404 4646">
    <p class='ocr_par' dir='ltr' id='par_1_7' title="bbox 0 0 1404 4646">
     <span class='ocr_line' id='line_1_36' title="bbox 0 0 1404 4646; baseline 0 0"><span class='ocrx_word' id='word_1_286' title='bbox 0 0 1404 4646; x_wconf 95' lang='lat' dir='ltr'> </span> 
     </span>
    </p>
   </div>
  </div>
 </body>
</html>
