2800 4646
566 286 624 344 387
924 285 982 334 lib.
997 285 1125 336 xxxm.

72 471 147 528 tione
169 469 286 545 reliqua
309 467 447 526 orationis
470 478 615 543 separata.
649 467 764 528 Deinde
786 469 1010 528 totasententia
1031 479 1127 528 otras

73 576 288 651 perversissima
310 583 367 644 est3
390 573 538 632 dimidiam
552 573 627 630 euim
648 583 760 649 partem
783 574 924 632 exercitus
945 575 1040 634 educti
1062 578 1127 634 An·

72 683 239 740 drostbenes
260 680 420 737 discurrere
441 679 479 736 ad
494 697 598 756 agrum
612 679 847 756 depopulandum
868 679 955 752 iubet,
977 683 1125 742 dimidiam

75 819 108 830 -
135 788 204 863 quid
225 783 381 863 putamus?
403 785 565 856 dimittit,
587 794 616 842 et
637 795 704 842 ante
727 785 852 855 dimittit,
882 804 969 860 quam
999 788 1127 864 reliquos

71 895 230 951 discurrere
251 894 338 950 iubet.
384 892 461 966 Quo,
485 887 606 968 quaeso?
636 891 784 966 adquam
806 889 886 948 rem?
908 910 966 967 quo
987 895 1128 952 consilio?

72 1003 213 1074 Apparet,
234 1018 321 1058 unum
343 999 405 1056 fieri
427 996 570 1073 putuisse,
597 1007 629 1054 ut
648 997 868 1056 Androsthenes
889 997 1037 1058 dimidiam
1060 1019 1128 1076 par·

71 1113 127 1162 tem
155 1105 304 1182 copiarum
326 1104 479 1163 incastris
503 1103 655 1174 retineret,
685 1103 833 1162 dimidiam
853 1104 1013 1162 discurrere
1033 1125 1127 1182 popu·

71 1209 227 1268 labundam
255 1211 375 1274 iuberet.
424 1214 525 1285 Atque
552 1210 594 1266 ita
620 1229 682 1268 rem
714 1219 810 1268 actam
839 1227 917 1276 esse,
949 1212 1002 1268 etei
1023 1231 1076 1287 per
1096 1231 1128 1270 se

70 1316 252 1392 perspicuum
267 1325 319 1388 est,
335 1317 435 1375 Livius
460 1317 522 1392 ipse
538 1315 609 1374 setis
630 1315 769 1386 declarat,
793 1315 843 1390 qui
864 1320 879 1386 ς
903 1319 918 1373 7
945 1317 1128 1375 Androsthe-

71 1439 135 1478 nem
164 1421 288 1493 ecribat,
325 1423 494 1482 Nicostrato
523 1430 553 1480 et
581 1421 699 1480 Acbaeis
731 1421 769 1478 ad
795 1430 892 1480 caetra
918 1421 1128 1492 accedentibus,

71 1529 139 1584 tuba
173 1529 305 1586 revocari
335 1547 428 1604 vagos
460 1527 510 1601 (ad
532 1527 729 1602 populandum
751 1527 869 1602 missos)
901 1528 1027 1598 iussisse,
1056 1527 1128 1584 inte-

70 1635 121 1692 rim
145 1635 251 1710 ipsum‚
268 1634 401 1709 raptim
423 1652 558 1709 capere
580 1653 678 1690 arma
699 1633 811 1690 iussis
833 1634 1011 1691 militibus
1031 1632 1129 1706 (dimi-

71 1740 124 1796 dioe
147 1740 225 1797 illius
246 1740 356 1816 partis,
391 1759 455 1814 qum
487 1740 516 1796 in
540 1741 642 1797 castris
664 1745 871 1811 remanserat),
903 1739 1129 1814 infrequenti

71 1846 216 1922 agmine
235 1855 344 1922 porte
366 1864 596 1922 egressum..
614 1846 727 1904 aciem
750 1846 982 1906 instruxisse.
1025 1847 1129 1920 ltaque

69 1952 232 2028 depravata
252 1954 314 2010 baec
336 1971 399 2010 esse
421 1961 543 2009 constat.
590 1951 626 2008 ld
641 1951 749 2009 factum
765 1961 809 2009 est
830 1971 917 2028 quum
940 1953 998 2011 alio
1019 1953 1130 2012 minore

70 2077 179 2130 errore,
200 2069 261 2116 tum
283 2057 477 2134 geminatione
498 2057 625 2132 quedam
647 2066 676 2114 et
687 2058 856 2133 repetitione
870 2059 993 2116 duarum
1014 2077 1130 2122 vocum.

70 2165 174 2222 Livius
196 2165 270 2222 enim
293 2165 334 2222 sic
355 2163 524 2238 scripserat:
568 2162 625 2220 Ibi
650 2170 790 2244 partem
819 2164 1008 2227 dlmltllam
1031 2183 1130 2222 exor-

67 2270 361 2340 citus,dlrlaa1n
389 2268 589 2338 trifariam,
611 2277 646 2326 et
672 2287 796 2328 omnes
825 2269 967 2344 equites
993 2269 1130 2328 discur-

68 2397 150 2435 rere
264 2378 374 2434 iubet.
429 2374 606 2446 (Dimidiam
633 2385 746 2450 partem
774 2375 804 2433 in
826 2373 928 2434 cabtris
957 2375 1130 2433 remansisse

69 2502 122 2558 per
143 2501 176 2540 se
202 2481 347 2560 apparet.)
401 2485 464 2539 Ant
493 2501 530 2538 ex
551 2481 614 2538 solo
635 2481 780 2539 scribendi
803 2501 901 2539 errore
930 2482 1129 2550 (dimissam

70 2611 123 2667 pro
154 2589 324 2662 diuisam)
351 2596 450 2644 natum
473 2597 518 2644 est
534 2587 645 2644 initium
667 2588 723 2646 loci
745 2589 947 2664 corrumpendi
973 2599 1024 2646 aut
1052 2591 1131 2664 quod

70 2698 205 2754 distincta
226 2696 262 2753 de
285 2703 409 2768 utraque
427 2693 547 2750 dimidia
567 2703 651 2769 parte
672 2693 729 2752 dici
750 2695 884 2752 librarius
907 2693 1012 2769 aliquis
1030 2694 1133 2752 voluit.

71 2799 209 2859 Ceterum
230 2819 321 2877 prope
342 2811 452 2858 certum
474 2807 527 2870 est,
549 2799 664 2858 Livium
686 2799 715 2856 iu
739 2800 794 2858 bae
809 2801 1024 2858 enumeratione
1045 2801 1131 2858 trium

70 2925 210 2983 agrorum
241 2925 300 2964 non
330 2906 504 2981 elegantiam
532 2905 807 2981 inelegantissimam
835 2915 969 2980 captasse
995 2926 1032 2964 ex
1055 2907 1133 2964 vari·

71 3015 151 3070 anda
188 3014 245 3070 boc
285 3012 372 3070 modo
404 3011 536 3069 oratione
570 3012 617 3083 (in
654 3011 818 3070 nominibus
854 3029 972 3086 prorsus
1005 3013 1133 3071 eiusdem

70 3119 220 3194 generisjr
241 3117 517 3177 Pellenensium
540 3117 827 3194 Sicyoniumque
848 3133 958 3191 agros
980 3127 1014 3175 et
1035 3119 1134 3176 Phli-

71 3226 206 3296 asium,
228 3225 279 3282 sed
301 3233 352 3282 aut
372 3223 625 3282 Pellenensem
647 3222 805 3300 scripsisse,
828 3231 861 3279 ut
880 3223 943 3282 lac.
966 3223 1135 3283 Gronovius

70 3331 161 3388 scribi
182 3331 282 3402 voluit,
304 3339 355 3385 aut
376 3329 709 3404 Sicyoniorumque
728 3370 758 3388 ..
785 3337 819 3384 et
840 3325 1134 3400 Phliasiorum.¹)

158 3435 229 3512 Cap.
257 3437 302 3506 ts,
329 3437 378 3492 lb:
411 3435 481 3492 Diu
504 3452 639 3510 anceps
668 3451 790 3509 pugna
817 3433 922 3490 stetit
943 3433 1134 3504 (Rhodiorum

71 3553 102 3600 et
125 3544 304 3601 Achaeorum
327 3559 392 3598 cum
408 3539 619 3598 Macedonibus
640 3558 733 3616 propa
746 3538 927 3606 Alabanda).
975 3539 1136 3596 Numero

72 3649 215 3719 Achai,
239 3647 340 3708 mille
368 3657 401 3704 et
422 3646 510 3723 ipsi,
542 3645 834 3720 quadringentos
855 3644 936 3702 loco
963 3645 1137 3722 pepulere

155 3849 167 3856 ο
180 3849 275 3858 ----ι“-

91 3989 119 4059 ¹]
147 3995 195 4056 §t
222 3996 250 4044 in
273 4009 357 4044 meam
377 3994 582 4044 emendationem
612 3993 663 4058 (ab
691 3991 840 4052 Cleonis,
864 3991 959 4056 Opust.
982 3992 1009 4043 11
1026 4009 1052 4060 p.
1071 3995 1137 4056 stit)

143 4094 234 4152 perrea
250 4086 291 4138 W.
310 4087 406 4140 incidit

887 4176 939 4228 25⁸
