2826 4640
156 4115 164 4148 t

126 211 129 218 ’
228 250 286 301 nte.
309 249 394 300 xcxi.
735 250 794 306 5²⁴

228 435 368 506 ludos),
400 451 454 508 pro
476 431 568 488 altero
589 429 705 486 nomine
726 448 835 486 novum
860 439 889 487 et
916 430 1084 488 inusitatum
1114 429 1300 486 substituere.

228 541 265 598 ln
285 539 384 596 codice
412 545 456 594 est
476 535 681 609 donarique
704 535 793 597 deri.
851 537 1004 610 Apparet,
1035 553 1125 611 quum
1156 533 1298 608 scriptum

229 653 305 703 esset
326 645 502 718 doneque,
523 642 598 698 inter
618 640 707 698 lieri
729 649 759 697 et
780 640 859 697 deri
881 639 1015 698 effectum
1037 657 1101 697 esse
1123 639 1240 697 tertium
1253 637 1302 694 in·

228 750 380 808 finitivum.
449 747 590 806 Extremo
619 747 714 822 capite
735 743 804 824 (13)
828 765 865 802 ne
886 745 1049 802 dubitemus
1071 763 1136 802 cum
1159 742 1302 802 Creverio

229 856 331 913 tollere
353 854 546 922 sacerdos,
568 852 695 922 accedit,
726 851 805 926 quod
825 851 855 908 in
880 850 946 909 cod.
966 849 1102 906 scribitur
1122 849 1302 908 sacerdos

230 970 285 1017 est
305 959 440 1028 lectus,
469 967 501 1014 ut
533 957 578 1014 edi
611 957 733 1014 debeet:
763 957 797 1013 in
818 955 945 1013 Fulvii
976 955 1097 1030 (locum)
1129 953 1301 1030 pontifex

230 1063 289 1125 Cn.
316 1065 416 1122 Dom.
438 1063 598 1121 Ahenob.
620 1063 756 1138 oppido
779 1061 1000 1119 adolescens
1022 1069 1077 1118 eat
1096 1059 1224 1117 lectus.

316 1167 389 1244 Cep.
412 1169 462 1236 29,
485 1169 503 1223 3
530 1168 591 1236 (ubi
613 1167 649 1224 de
670 1168 782 1226 Pmsiss
804 1165 931 1222 consiliis
947 1165 1066 1240 agitur),
1088 1183 1177 1239 quum
1200 1165 1303 1222 edere·

229 1285 293 1334 tur:
324 1293 404 1332 nem
427 1291 543 1347 neque
562 1289 629 1347 pro
652 1272 825 1330 Romanis
848 1289 885 1328 se
906 1289 1048 1346 equum
1072 1287 1221 1328 censere
1242 1271 1302 1327 ed·

230 1399 362 1440 versus
381 1379 533 1436 fratrem
559 1377 687 1434 uxoris
710 1396 810 1434 arme
832 1376 939 1444 ferre,
961 1377 1103 1434 veriorem
1125 1375 1301 1451 scripturum

232 1487 369 1546 ecodice
390 1485 449 1542 iam
473 1481 726 1540 Weissenbornius
747 1483 886 1540 restituit:
921 1501 1001 1540 nem
1033 1500 1151 1556 neque
1172 1483 1301 1539 Roma-

231 1611 298 1650 nos
328 1591 406 1668 (cod.
438 1586 608 1660 Romans)
629 1605 741 1662 posse
772 1605 908 1664 aequum
939 1603 1093 1644 censere
1122 1587 1303 1644 edverane

232 1697 388 1754 fratrem
409 1713 465 1753 ux.
490 1711 517 1751 e.
541 1692 655 1760 fcrr03
692 1693 742 1749 sed
764 1694 867 1750 abasse
897 1693 976 1768 apud
1008 1692 1178 1750 infinitivum
1203 1691 1304 1748 ferre

232 1801 352 1858 subiecti
383 1801 415 1874 (e
446 1799 587 1857 Romanis
612 1797 731 1872 diversi)
753 1797 924 1872 significatio
955 1798 1070 1873 nequit3
1102 1798 1203 1872 itaque
1231 1799 1303 1855 scri-

231 1907 374 1963 bendum:
406 1921 540 1978 aequum
573 1921 723 1960 censere
757 1923 796 1965 se
827 1905 1010 1961 adversus
1043 1903 1085 1963 fr.
1118 1921 1147 1964 u.
1180 1922 1209 1962 u.
1242 1901 1305 1978 f.¹).

232 2010 328 2068 Paulo
358 2020 424 2084 poet
447 2013 473 2080 (ᾖ
497 2009 529 2078 6)
560 2027 624 2083 que
654 2008 691 2064 de
716 2010 864 2066 Antiocho
896 2009 988 2086 Syriae
1020 2027 1088 2084 rege
1119 2010 1305 2067 scribuntur:

233 2125 267 2173 et
298 2115 517 2190 ambigendo
550 2114 592 2169 de
614 2111 830 2190 Coalesyria
851 2131 999 2171 caueam
1028 2114 1117 2172 belli
1139 2133 1177 2172 se
1197 2115 1305 2172 habi·

233 2230 350 2276 turum
386 2219 629 2276 existimabat
660 2230 922 2295 gesturumque
954 2219 1031 2276 eine
1054 2219 1128 2277 ullo
1150 2219 1302 2296 impedi·

234 2335 364 2394 mento,
387 2326 577 2400 occupatis
600 2325 774 2383 Romanis
798 2326 834 2382 in
855 2325 1100 2383 Macedonico
1120 2326 1241 2394 bello,
1266 2325 1302 2382 id

233 2431 379 2500 bellum,
401 2439 430 2486 et
450 2439 570 2505 propter
591 2448 762 2487 concursum
778 2431 970 2506 inelegantem
983 2439 1179 2488 extremorum
1195 2432 1299 2487 borum

233 2537 388 2592 verborum
420 2533 524 2613 (quum
546 2536 705 2610 presertim
740 2536 776 2592 id
797 2535 931 2593 bellum
964 2536 1043 2593 eliud
1076 2536 1113 2593 eit
1143 2555 1179 2593 ec
1201 2535 1300 2593 Mace·

234 2641 381 2710 donicum)
404 2651 433 2697 et
458 2649 578 2716 propter
597 2641 740 2698 obiectum
763 2640 813 2717 (id
835 2641 980 2710 bellum)
1002 2642 1075 2698 mire
1095 2643 1124 2699 in
1137 2651 1299 2699 amentum

232 2747 327 2804 locum
361 2757 429 2821 post
460 2746 605 2802 ablativos
628 2746 765 2804 reiectum
788 2748 974 2804 vehementer
994 2745 1163 2816 offendunt,
1195 2747 1300 2804 confir-

233 2861 351 2926 matque
382 2852 479 2910 mendi
513 2851 723 2926 suspicionem,
758 2851 836 2925 quod
868 2853 897 2908 in
930 2852 1029 2910 codice
1053 2869 1111 2908 non
1142 2851 1243 2910 bello
1265 2852 1297 2909 id

231 2957 375 3023 bellum,
397 2956 448 3012 sed
469 2955 568 3012 bello
591 2957 684 3030 quod
707 2957 996 3016 bellumscribitur.
1042 2957 1234 3032 Perspicuum
1247 2969 1299 3016 est.

232 3059 355 3136 primam
376 3061 547 3118 sententiam
570 3061 719 3118 terminari
743 3062 787 3118 his
809 3061 923 3118 verbis:
953 3063 1147 3134 occupetis
1168 3063 1299 3120 Rome-

230 3167 287 3223 ¹nie
305 3166 339 3222 in
362 3165 608 3224 Macedonico
630 3167 738 3234 bello,
760 3175 793 3222 ut
810 3167 849 3224 ad
870 3174 1055 3240 gesturum
1079 3169 1224 3225 obiectum
1247 3187 1298 3226 en·

233 3272 330 3329 dietur
351 3291 388 3330 ex
410 3271 558 3347 superiore
580 3271 669 3329 belli
692 3273 852 3345 (oensem
877 3273 930 3339 b.).
980 3271 1094 3329 Deinde
1115 3275 1296 3331 scribendum

231 3377 361 3434 videtur:
384 3380 463 3448 Qus
484 3377 631 3438 uellent
651 3386 787 3446 temen,
811 3377 933 3434 omnis
1038 3378 1171 3436 eximie
1191 3379 1297 3454 polli·

229 3483 329 3540 citus
351 3493 438 3540 erat.
483 3484 628 3556 Exque
652 3481 793 3551 cellen,
828 3483 917 3540 semel
938 3483 1046 3559 scripto
1069 3489 1094 3558 t,
1121 3482 1208 3540 facile
1229 3483 1297 3540 on'ri

231 3595 348 3662 poteret
367 3587 460 3662 quod
484 3587 624 3645 bellurn.
672 3588 771 3646 Unum
800 3595 896 3644 tamen
919 3595 1027 3658 restet3
1059 3607 1127 3646 nem
1149 3608 1204 3664 pro
1226 3589 1298 3646 exi-

231 3753 334 3762 μ..-

260 3849 283 3914 ¹)
299 3853 377 3901 luitio
403 3853 493 3918 cupitis
512 3850 540 3914 (5
556 3853 585 3914 2)
605 3852 675 3900 eius
693 3859 840 3916 corruptum
861 3861 913 3914 est,
939 3853 988 3902 niel
1011 3853 1099 3902 Livius
1124 3853 1190 3902 miro
1214 3868 1297 3902 errore

300 3943 415 3992 Persei
435 3957 530 3993 nomen
550 3951 609 3992 ante
622 3958 648 3992 se
666 3944 781 4006 posuisse
793 3946 899 4008 putavit.
937 3944 987 3995 Sed
1007 3945 1096 4003 regis
1110 3945 1232 3994 substitui
1246 3961 1296 3995 non

301 4033 401 4086 debuit.
429 4047 485 4094 que
504 4033 643 4098 eppellatio
669 4048 721 4083 non
745 4035 832 4085 Persei
857 4037 941 4099 megia
964 4049 1040 4100 quem
1060 4037 1183 4088 Eumenis
1202 4047 1298 4088 cetero-
1391 4057 1392 4078 π
