2820 4646
221 287 279 338 Lib.
298 287 395 337 XLIV.
725 289 783 346 572

221 481 307 529 eunt
329 489 434 546 quem
455 467 594 526 Fabius
615 467 696 527 fuit.
742 467 816 526 cod.
838 469 1175 544 possentq.Febiue
1197 467 1290 536 fuit;

220 578 404 635 scribendum
427 584 483 634 eet:
520 583 814 651 possunt'quam
847 573 884 646 Q.
907 576 1042 632 Fabius
1069 573 1149 635 luit.
1205 573 1291 632 Num

222 682 399 758 prenomine
420 697 520 738 cerere
540 679 602 736 ineo
623 680 747 738 hominis
762 698 822 738 non
837 689 904 738 ente
913 681 1130 738 commemorati
1138 679 1291 756 significe-

221 787 262 845 tio
284 787 391 862 nequit.
446 787 601 844 Postremo
641 787 717 856 §1³
751 785 899 861 (ltaque
934 785 964 842 ei
988 787 1074 861 quie
1103 793 1175 856 eet,
1207 785 1292 860 qui,

224 893 320 968 quod
343 911 448 968 erep.
471 892 537 962 eit,
567 891 725 949 euadere
746 909 783 949 ee
805 890 889 948 mihi
916 891 952 948 in
981 893 1156 962 unhelle,
1188 891 1292 966 quod

222 1007 504 1074 gemmeum,
526 995 749 1068 considetis
771 1015 813 1054 ne
835 996 990 1073 deneget
1011 997 1292 1074 operemreip.)

223 1104 331 1162 excidit
359 1121 467 1178 posse
499 1105 666 1178 (suadere
695 1121 732 1160 ee
754 1101 893 1178 poese);
923 1123 1017 1178 neque
1047 1104 1122 1161 enim
1147 1102 1289 1160 Latinum

223 1219 280 1268 est:
303 1209 454 1268 confido
476 1229 528 1267 me
551 1207 708 1266 euadere
730 1208 766 1264 de
787 1227 819 1264 re
843 1207 950 1266 future

306 1313 379 1392 Cep.
401 1317 461 1386 23,
496 1319 511 1372 'l
546 1313 611 1392 (ubi
641 1313 677 1370 de
698 1313 836 1371 societate
859 1313 934 1372 inter
953 1317 1064 1374 Persen
1095 1325 1124 1373 et
1147 1315 1291 1375 Gentium

223 1423 322 1480 iuncte
353 1421 477 1498 agitem:
512 1419 757 1478 Venientibus
791 1419 938 1495 Illyriis
971 1423 1134 1480 Perseus
1244 1421 1292 1476 ed

224 1529 328 1587 Dium
351 1528 527 1586 occurrit.
580 1525 653 1583 Cod.
673 1523 903 1601 Illyriorum
934 1525 1041 1583 excidit
1068 1525 1155 1602 igitur
1179 1525 1293 1601 lege-

224 1635 281 1695 tis.
325 1633 440 1693 Tumin
451 1633 495 1702 iis,
508 1649 572 1706 quae
583 1639 756 1704 sequuntur:
778 1631 836 1690 Ibi
853 1651 904 1702 ee,
927 1650 1003 1705 quae
1024 1641 1292 1700 convenerunt,

224 1739 452 1798 circumfuso
474 1735 620 1812 agmine
642 1736 806 1811 equitum
826 1735 944 1808 fecte,
966 1739 1132 1795 necessario
1156 1738 1292 1795 eci-iben-

222 1846 292 1902 dum
317 1850 572 1902 convenerant
594 1843 673 1914 (ente
696 1842 854 1914 Medeone,
876 1851 908 1900 ut
929 1845 1054 1902 Perseus
1076 1845 1186 1902 iuraret
1208 1853 1292 1902 certo

224 1951 304 2023 ritu).

314 2053 387 2131 Cep.
412 2056 461 2123 tt,
486 2059 503 2111 4
527 2054 571 2132 (in
595 2053 739 2111 mandetis
763 2055 864 2112 Persei
886 2055 924 2112 ed
946 2055 1105 2113 Eumenem
1128 2065 1157 2112 et
1179 2055 1292 2113 Antio-

222 2163 340 2232 ehum):
374 2161 438 2218 sub
461 2159 584 2235 specie
609 2159 889 2217 liberandorum
922 2160 1122 2222 civitatum.
1185 2160 1293 2220 Codex

223 2265 422 2326 liberanda
444 2265 638 2335 eivitatie3
668 2266 852 2324 scribendum
874 2265 978 2341 igitur:
1000 2268 1066 2324 sub
1094 2268 1225 2344 speeie
1247 2267 1294 2324 li·

224 2373 376 2432 berandi
398 2372 592 2429 civitatee.
630 2371 830 2428 Liberendi
856 2383 998 2429 mutatum
1013 2381 1188 2450 estpropter
1210 2391 1293 2450 spe-

222 2479 289 2536 eie.
328 2483 342 2548 §
369 2482 383 2534 7
410 2477 546 2551 quonium
568 2477 598 2534 in
620 2475 721 2535 codice
741 2495 796 2552 pro
819 2495 944 2536 verum
975 2487 1019 2535 est
1052 2497 1159 2549 vern,
1189 2481 1292 2539 neseio

223 2604 262 2642 eu
284 2585 325 2640 eie
347 2583 529 2640 scribendum
555 2583 606 2640 eit:
638 2581 682 2640 ad
703 2581 900 2640 Eumenem
923 2603 987 2658 per
1008 2585 1167 2659 speeiem
1204 2604 1292 2662 oep-

224 2693 386 2748 tivorum
416 2689 714 2747 redimendorum
745 2687 878 2745 missus
911 2687 1059 2762 legatus
1082 2699 1176 2762 eret;
1200 2709 1291 2753 vere

223 2793 435 2854 occultiore
457 2815 500 2869 qu
511 2795 620 2852 eedem
641 2794 865 2870 agebantur;
891 2793 961 2850 nihil
982 2803 1079 2852 tamen
1106 2791 1269 2869 effumo.¹)

307 2900 381 2975 Cep.
406 2901 461 2970 25,
497 2903 507 2958 l
534 2912 562 2956 et
584 2902 618 2956 2:
651 2900 829 2958 Eumenes
852 2917 972 2974 neque
1004 2897 1100 2958 favit
1121 2903 1292 2961 vietoriae

223 3007 351 3068 Persei
388 3025 505 3080 neque
538 3007 636 3065 bello
673 3024 751 3062 eum
789 3005 967 3064 invadere
1002 3006 1292 3078 animohebuit;

223 3133 292 3172 non
325 3122 398 3170 tam
432 3111 518 3186 quie
550 3121 712 3187 peternae
743 3110 841 3167 iuter
870 3130 930 3168 eos
952 3111 1160 3170 iuimicitiae
1181 3125 1292 3171 erent

223 3239 328 3297 quam
351 3219 513 3293 ipsorum
536 3215 631 3272 odiis
652 3216 751 3273 inter
772 3235 809 3274 se
833 3234 1002 3274 ecceneae.
1056 3217 1139 3276 Non
1170 3239 1213 3288 ee
1235 3239 1292 3276 re·

223 3347 303 3404 gum
325 3321 536 3390 emulatio,
561 3329 600 3377 ut
621 3338 719 3395 aequo
742 3323 866 3379 animo
889 3321 1030 3380 Persen
1058 3333 1189 3381 tentes
1214 3325 1291 3400 epi·

223 3433 276 3492 eei
299 3448 386 3507 opes
408 3437 625 3502 tentumque
646 3426 820 3503 gloriam,
847 3437 991 3502 quante
1011 3429 1187 3488 Romanis
1217 3431 1291 3488 vie-

228 3621 420 3630 ——n--u

242 3711 266 3780 ¹)
298 3716 374 3778 Quod
395 3717 410 3778 ἐ
430 3723 443 3766 5
464 3718 559 3768 editur:
583 3717 786 3794 Antiochum
810 3717 975 3766 victorem
993 3717 1126 3782 premio
1144 3718 1230 3768 belli
1251 3720 1292 3770 eb

293 3807 434 3874 AEgypto
458 3811 527 3872 (eod.
547 3810 728 3876 ebegypto)
745 3811 866 3868 areeri,
898 3809 1061 3870 nedicunt,
1080 3818 1204 3874 temquem
1223 3825 1293 3876 prn-

293 3903 372 3950 mium
402 3901 465 3950 belli
486 3903 573 3951 neseio
600 3903 669 3966 quod
707 3904 903 3953 instrumentum
930 3903 964 3951 eit
982 3901 1106 3953 Antiochi
1135 3905 1169 3953 eb
1187 3903 1294 3969 AEgyp·

296 4001 322 4040 to
341 3993 452 4041 emendi.
492 3993 660 4043 Seribendum
689 3997 767 4058 igitur
786 4009 846 4045 cum
870 3995 1013 4045 Gronovio:
1039 3996 1178 4061 premio
1205 3997 1293 4046 belli

294 4081 436 4145 AEgypto
454 4085 567 4134 areeri.
