2822 4648
294 279 352 330 Lib.
370 278 432 326 Vll.
765 277 822 335 146

259 462 366 532 brevis,
388 461 579 538 subiungatur
601 461 698 518 alius
719 459 878 518 hostium
900 459 1081 517 adventus
1103 459 1221 528 mentio,
1243 457 1328 532 inep-

259 569 369 626 tissime
387 568 517 626 abundat
540 563 700 641 proximi
722 563 812 623 belli
833 563 1016 640 significatio.
1060 565 1160 623 Livius
1175 564 1328 640 scripsisse

259 675 387 733 videtur:
417 673 513 730 alius
543 671 724 728 adventus
745 671 902 728 hostium
933 671 1006 730 fuit
1027 672 1203 753 pruinis
1224 669 1326 726 bello

260 781 363 856 agris
387 777 597 836 terribilior
618 795 721 851 quam
746 775 835 832 urbi.
866 777 977 834 Terror
993 777 1070 834 enim
1081 775 1245 834 tentumad
1261 775 1325 850 agri

259 885 386 944 Romani
417 893 531 960 partem
559 881 685 938 Etmriae
719 881 899 938 adiacentem
932 882 1079 957 pertinuit.
1137 880 1325 940 Proximis

260 991 299 1048 ad
329 990 426 1048 bello
458 987 710 1046 accommodatum
743 997 795 1044 est.
848 987 960 1045 Eodem
989 989 1084 1064 eapite
1112 993 1126 1058 ξ
1161 991 1190 1046 ll
1225 1006 1325 1044 recen·

260 1095 363 1154 tissimi
376 1096 502 1153 editores
517 1095 712 1163 restituerunt,
734 1093 812 1168 quod
827 1093 857 1149 in
877 1095 1036 1170 archetypo
1058 1093 1126 1152 tuit:
1149 1095 1325 1151 adversus

260 1203 417 1272 hostem,
449 1219 553 1276 quem
585 1209 725 1274 tempus
754 1197 972 1256 deteriorem
1000 1199 1036 1256 in
1065 1197 1142 1259 dies
1172 1210 1206 1258 et
1227 1199 1324 1257 locis

261 1309 394 1366 alienis
429 1307 572 1364 feceret
607 1305 687 1361 sine
729 1311 942 1380 preparato
983 1314 1203 1374 commeatu,
1247 1303 1324 1360 sine

261 1413 370 1472 firmo
393 1413 616 1494 munimento
638 1417 854 1479 merentem,
882 1407 925 1466 ad
946 1411 1014 1468 hoc
1035 1411 1081 1468 iis
1102 1410 1324 1486 corporibus

261 1519 467 1593 animisque
489 1529 543 1578 cet.
596 1517 655 1576 Sed
677 1533 771 1589 neque
798 1525 834 1572 et
859 1533 913 1590 pro
942 1515 1051 1572 etiam
1073 1515 1124 1573 illo
1145 1516 1210 1574 loco
1232 1515 1323 1591 accipi

261 1631 358 1700 potest
379 1641 473 1696 neque
495 1622 555 1678 ulla
575 1621 622 1678 hic
644 1629 688 1676 est
710 1629 761 1677 eut
783 1621 929 1678 adiunctio
957 1631 1007 1680 aut
1029 1623 1185 1680 adscensus
1209 1623 1324 1686 (sedin

261 1727 403 1806 proximis
425 1728 469 1784 ed
490 1725 569 1802 hoc)
589 1745 684 1801 neque
714 1725 855 1783 faceret
874 1735 942 1802 post
970 1727 1062 1784 locis
1092 1727 1224 1785 alienis
1246 1727 1324 1802 posi·

261 1843 323 1891 tum
344 1832 415 1890 ferri
435 1841 540 1908 potest.
588 1831 627 1888 Et
652 1840 749 1888 tamen
771 1849 864 1906 neque
887 1831 980 1889 locis
1002 1831 1134 1890 alienis
1155 1851 1209 1908 pro
1232 1833 1324 1890 uomi-

261 1939 362 1996 nativo
396 1939 512 2012 (locus
545 1937 602 2006 al.)
635 1935 773 2012 scriptum
802 1953 865 1993 esse
891 1938 1043 2013 probabile
1070 1947 1227 2013 estusque
1248 1950 1326 1997 recte

262 2063 327 2102 cum
344 2053 475 2118 tempore
490 2041 673 2116 coniungitur
690 2043 772 2100 locus
786 2041 906 2114 alienus,
922 2042 972 2117 qui
992 2043 1067 2099 iuter
1085 2061 1120 2100 ea
1136 2053 1188 2113 est,
1207 2054 1328 2120 propter

264 2167 328 2224 quae
349 2159 463 2223 tempus
485 2147 657 2205 deteriorem
679 2149 792 2206 hostem
814 2147 893 2207 lacit.
937 2148 1113 2217 Videndum,
1134 2165 1171 2204 ne
1192 2158 1326 2224 transpo-

261 2255 365 2313 sitione
386 2253 466 2312 facta
487 2253 574 2310 scribi
601 2254 720 2310 debeat:
749 2273 852 2328 quem
883 2263 1023 2328 tempus
1045 2254 1263 2312 deteriorem
1291 2255 1326 2312 in

262 2361 341 2419 dies
363 2361 521 2430 iaceret,
545 2357 602 2436 [ct]
626 2359 718 2418 locis
743 2359 875 2416 alienis
897 2359 974 2417 sine
1000 2369 1207 2435 praeparato
1229 2379 1327 2419 com·

261 2476 384 2527 meatu
405 2497 446 2510 -
469 2475 682 2534 morantem,
715 2465 757 2521 ad
779 2465 848 2523 hoc
870 2475 923 2522 eet.
969 2467 1048 2522 Nam
1078 2475 1172 2523 et-
1195 2465 1238 2522 ad
1260 2467 1328 2525 boc

262 2593 317 2649 pro
348 2583 381 2630 et
403 2605 443 2614 -
465 2581 500 2627 et
530 2571 625 2628 minus
656 2570 807 2645 diligenter
837 2571 964 2646 positum
995 2591 1013 2626 a
1035 2571 1159 2630 Liuiano
1181 2573 1327 2630 scribendi

261 2698 366 2755 genere
389 2679 535 2736 abhorret.
1218 2727 1220 2731 .

346 2781 418 2858 Cep.
444 2785 491 2852 13,
518 2783 534 2839 8
558 2782 599 2852 (iu
621 2780 754 2837 oratione
768 2781 858 2838 Tullii
869 2781 1043 2839 centurionis
1061 2783 1139 2858 apud
1151 2781 1184 2841 C.
1202 2783 1329 2859 Sulpici·

262 2909 311 2946 um
334 2888 530 2956 dictatoremj:
553 2886 616 2945 Sin
640 2895 758 2943 eutem
779 2905 848 2943 non
870 2894 967 2944 tuum
990 2887 1099 2958 istuc,
1128 2889 1190 2946 sed
1210 2889 1328 2964 publi-

263 3013 339 3054 cum
364 3001 423 3050 est
444 2991 636 3050 consilium
661 2999 697 3047 et
718 3009 918 3049 consensus
940 2991 1056 3066 aliqui
1077 3003 1235 3070 patrum,
1256 3013 1329 3053 non

263 3097 448 3158 Gallicum
472 3096 624 3166 bellum,
647 3115 710 3154 nos
732 3097 776 3154 ab
797 3097 899 3168 urbe,
922 3117 941 3154 a
961 3099 1162 3172 penatibus
1187 3101 1330 3160 uostris

263 3203 458 3279 ablegatos
481 3212 594 3264 tenet,
628 3221 764 3276 quaeso,
798 3213 836 3260 ut
856 3223 912 3274 ea,
947 3221 1022 3278 quae
1044 3203 1175 3276 dicam,
1208 3225 1280 3262 non
1311 3227 1331 3266 a

263 3309 444 3368 militibus
480 3307 699 3382 imperatori
736 3308 835 3366 dicta
868 3327 1033 3381 censeas,
1069 3312 1131 3368 sed
1168 3331 1185 3369 a
1219 3312 1331 3386 plebe

263 3415 448 3492 patribus,
471 3431 560 3487 qua,
583 3411 679 3468 sicut
708 3431 772 3470 vos
803 3423 929 3471 vestre
957 3415 1126 3474 habeatis
1154 3417 1330 3490 consilia,

263 3521 315 3578 sic
335 3539 372 3578 se
393 3538 458 3577 sua
479 3517 690 3574 habituram
705 3517 814 3577 dicet.
837 3518 925 3592 Quis
943 3523 1088 3580 tandem
1104 3533 1330 3596 suscenseat,

263 3627 400 3684 milites
422 3641 487 3680 uos
517 3641 612 3694 esse,
649 3641 718 3678 nou
751 3640 881 3681 servos
911 3635 1071 3695 vestros,
1106 3628 1150 3684 ad
1178 3629 1330 3702 bellum,

264 3751 334 3789 uon
362 3732 397 3788 in
429 3729 579 3788 exilium
607 3728 751 3798 missos,
782 3737 835 3789 cet.
879 3731 1011 3788 Primum
1041 3731 1112 3790 satis
1140 3734 1279 3792 audacter
1301 3745 1333 3796 et

264 3838 370 3895 rustice
399 3835 514 3894 Tullius
541 3833 710 3910 simpliciter
737 3834 902 3906 denuntiet,
933 3837 1047 3912 plebem
1077 3855 1132 3896 sua
1163 3839 1331 3901 habiturum

265 3941 398 4010 consiliat
414 3943 465 3999 sed
475 3942 531 3998 hoe
546 3939 688 4010 ieramus;
700 3941 752 3997 illa
762 3942 938 4017 perversitas
953 3941 1022 4000 ierri
1033 3943 1112 4001 nullo
1124 3947 1212 4004 modo
1223 3955 1331 4024 potest,

264 4047 388 4124 primum
405 4065 601 4105 suscenses
617 4047 678 4105 sine
689 4046 748 4104 ullo
762 4047 931 4123 cuiusquam
944 4049 1077 4125 exemplo
1089 4069 1143 4125 pro
1157 4051 1333 4128 indignor

265 4171 330 4209 cum
355 4151 466 4208 infinita
492 4153 635 4210 sententia
661 4151 803 4228 positum,
834 4153 936 4210 deinde
967 4153 1029 4211 brec
1058 4155 1100 4212 sic
1124 4156 1216 4214 elata:
1247 4160 1331 4233 quis
