2800 4646
585 295 642 350 247
946 293 1003 342 Lib.
1022 292 1110 344 xxtl.

82 473 173 547 bitur)
199 474 362 532 autumni
383 484 470 534 erat.
514 467 554 531 m
579 475 721 532 sententia
742 475 845 532 melior
865 476 920 532 erit
941 476 1050 552 (neque
1071 477 1146 534 enim

84 578 181 636 medio
204 589 316 636 tontum
341 589 496 650 autumno,
518 579 569 637 sed
591 599 644 655 per
667 589 769 648 totum,
792 581 842 654 qui
866 591 1033 656 supererat,
1054 599 1147 655 usque

84 683 122 740 od
144 684 269 742 hiemem
290 685 332 742 ita
353 684 459 741 bellum
479 695 592 760 gestum
621 693 674 754 ost)
700 694 729 742 et
750 684 847 742 mendi
870 685 953 762 origo
983 686 1145 763 apparebit,

83 789 108 844 si
119 789 597 864 scripserimusthibernaculis
617 799 758 848 mature
778 791 1019 861 communitis,
1036 787 1147 867 [quod

83 893 167 968 reli]
183 913 286 968 quom
302 895 463 952 autumni
487 903 575 964 erat,
590 895 703 952 Fabii
725 893 870 952 artibus
887 904 940 952 cet
1025 893 1146 952 *Paulo

83 1008 155 1073 post
180 999 226 1072 (3)
247 1001 278 1057 ίιι
308 999 455 1056 codicibus
478 997 530 1058 PC
555 997 632 1073 (Pal.
655 1000 688 1068 2)
710 999 853 1070 scribitur,
877 997 1088 1075 (Hannibalem
1112 1015 1147 1053 oo

83 1102 190 1177 inopiae
211 1103 358 1162 redactum
380 1103 483 1176 fuisse)
506 1113 559 1172 ut,
587 1103 659 1160 nisi
696 1122 772 1162 cum
805 1103 898 1180 fugae
930 1101 1054 1178 specie
1088 1099 1143 1177 (Pl

83 1208 263 1283 speciem)
285 1209 491 1266 abeundum
513 1208 717 1278 timuisset,
734 1207 896 1268 Galliam
919 1207 1147 1284 repetiturus

83 1313 213 1382 suerit,
245 1314 273 1370 in
303 1331 361 1387 quo
388 1311 498 1370 timeo
529 1314 735 1371 abeundum
765 1333 819 1388 pro
847 1334 893 1371 -ne
923 1315 1047 1371 abeam
1083 1311 1147 1384 (aut

83 1437 139 1492 pro
160 1435 293 1474 vereor
315 1417 429 1492 ubire)
454 1416 522 1474 farri
541 1419 649 1493 nequit.
686 1418 804 1475 Editum
829 1417 960 1477 iereest:
983 1416 1055 1474 nisi
1072 1425 1146 1472 tum

83 1521 184 1596 fugas
204 1523 364 1597 speciem
387 1523 553 1581 abeundo
583 1523 783 1592 timuisset,
816 1524 995 1598 nescioquo
1020 1521 1147 1578 auotori-

82 1637 153 1695 tuts,
176 1637 301 1684 cetorum
326 1629 443 1696 vitiose3
466 1647 533 1686 nam
555 1647 648 1703 neque
670 1639 763 1698 tum,
788 1629 866 1703 quod
888 1639 967 1704 aget,
988 1627 1077 1684 habet
1097 1643 1147 1682 ue·

82 1751 142 1808 que
164 1733 322 1808 speciem
344 1733 518 1790 abeundo
540 1733 651 1791 timeo
675 1733 779 1790 Latine
801 1733 905 1790 dicitur
926 1751 979 1808 pro
1002 1750 1047 1800 so,
1069 1729 1147 1805 quod

81 1847 142 1892 est:
164 1837 285 1906 timeo,
307 1857 349 1895 ne
371 1838 537 1896 abeundo
565 1839 723 1913 speciem
746 1839 939 1913 praebeam.
983 1836 1147 1912 scripserat

81 1941 200 2000 Livius:
222 1942 292 2000 nisi
314 1961 389 2000 oum
412 1943 508 2019 fugae
529 1944 655 2018 specio
677 1944 877 2001 abeundum
907 1944 940 2004 si
969 1935 1147 2014 {uisset-¹)

80 2045 220 2104 Ceterum
241 2047 270 2104 iu
293 2067 329 2104 ea
348 2048 507 2116 sententia,
529 2066 548 2104 a
571 2065 629 2122 que
656 2048 717 2104 haec
738 2049 860 2123 pendet,
880 2067 949 2123 pro:
981 2048 1148 2121 adeoque

77 2153 216 2228 inopiae
247 2163 280 2208 st
311 2163 461 2210 coactus
488 2153 598 2228 potius:
620 2171 734 2227 eoque
765 2153 897 2227 inopiae
923 2161 955 2210 st
976 2153 1148 2209 redactus

79 2258 267 2316 scribendum
299 2269 344 2316 est
366 2277 467 2332 quam:
490 2258 533 2316 ad
553 2258 664 2333 idque
685 2259 780 2334 inop.

167 2359 266 2438 'Cap
289 2367 344 2434 33,
367 2367 400 2422 2:
431 2373 465 2420 et
495 2365 594 2421 servi
616 2365 777 2439 quinqua
800 2373 834 2420 et
855 2363 989 2439 viginti
1009 2362 1043 2419 in
1066 2379 1148 2418 cru·

78 2489 154 2526 cem
179 2469 263 2538 soti,
285 2469 380 2543 quod
401 2469 436 2524 in
458 2485 583 2543 campo
605 2468 740 2526 Martio
762 2469 1034 2526 coniurassent.
1083 2469 1147 2542 Ap-

77 2583 177 2650 paret,
199 2567 297 2649 iuepto
318 2573 449 2642 iudicari,
472 2591 531 2648 quo
550 2573 615 2630 loco
639 2573 716 2630 servi
738 2572 929 2642 coniurarint,
952 2572 1036 2647 quasi
1054 2568 1084 2628 id
1106 2570 1145 2628 ad

78 2699 142 2738 rem
166 2679 311 2754 pertineat
343 2689 394 2734 aut
424 2697 482 2734 uno
515 2677 544 2734 id
578 2677 644 2735 loco
676 2677 786 2735 factum
818 2678 856 2734 sit
885 2689 936 2734 aut
969 2677 997 2734 in
1020 2675 1147 2752 publico.

77 2787 189 2860 ltaque
200 2784 384 2841 scribendum
395 2783 465 2839 mihi
477 2782 644 2843 videbatur:
657 2784 693 2840 in
715 2801 859 2840 crucum
876 2782 949 2839 acti
964 2781 999 2838 iu
1021 2799 1148 2857 campo

77 2890 236 2959 Martio,
270 2889 364 2964 quod
395 2889 669 2957 coniurassent;
698 2907 751 2944 nec
780 2887 930 2944 meiere
953 2887 1150 2968 singulari'st

77 2998 107 3054 in
132 2995 257 3070 antiquo
279 3005 409 3070 tempore
431 2993 582 3062 movebat,
610 2993 688 3067 quod
710 2991 771 3049 fere
801 3003 885 3050 extra
905 3001 1020 3068 portam
1042 2992 1148 3068 Esqui-

76 3103 173 3160 linam
212 3111 329 3176 sumpta
363 3097 506 3174 supplicia
540 3095 597 3154 loci
637 3097 749 3171 aliquot
784 3097 956 3172 scriptorum
994 3097 1149 3155 ostendunt

79 3207 181 3282 (Lips.
209 3223 272 3265 exc.
306 3205 334 3262 Η
368 3203 406 3260 ad
429 3204 503 3260 Tac.
527 3205 602 3260 Aen.
626 3203 676 3272 II,
712 3201 774 3278 32).
831 3203 938 3261 Mirum
969 3213 1066 3260 temen
1096 3213 1148 3272 est,

78 3331 141 3370 non
163 3309 287 3368 indicari
309 3329 328 3366 a
349 3309 449 3378 Livio,
480 3308 517 3364 ad
539 3307 609 3382 quid
630 3306 794 3366 faciendum
816 3309 1002 3366 coniurarint.
1044 3309 1149 3383 Itaque

78 3418 145 3475 ticri
167 3425 274 3492 potest,
289 3425 321 3471 ut
342 3413 553 3490 postMsrtio
574 3413 711 3469 exciderit
733 3413 849 3471 sceleris
871 3415 899 3470 iu
922 3431 1025 3488 campo
1041 3415 1149 3472 Martio

78 3519 245 3597 peragendi
277 3519 449 3595 significatio
479 3517 603 3588 (infinito
624 3518 704 3574 verbi
738 3516 826 3573 modo
847 3515 967 3592 posita).
1053 3519 1149 3576 Paulo

78 3637 153 3702 post
175 3627 204 3694 (ξ
229 3629 273 3694 5),
296 3626 344 3682 ubi
366 3633 522 3682 narrantur
554 3624 596 3681 ad
619 3624 771 3682 Pineum
794 3621 829 3678 in
853 3621 1011 3698 Illyrios
1033 3621 1149 3698 legati

98 3939 127 4007 ¹)
167 3942 244 3992 Hauc
275 3940 447 3990 coniecturum
479 3939 703 3990 Weissenbomiue
734 3940 761 3988 iu
791 3939 873 3987 ultera
900 3937 1012 3986 editione
1043 3947 1149 3988 secutur

173 4043 221 4084 set.
