2826 4640
608 275 664 330 521
1017 271 1075 320 Lib.
1085 271 1170 320 XLII.

106 456 275 514 donicum
300 454 435 512 bellum
466 462 764 530 exspectaretur.
820 455 995 514 Gentium
1026 473 1172 530 quoque

108 561 164 635 (-
190 562 232 619 sic
260 561 407 619 sententie
428 560 599 636 sepersndte
620 569 688 616 sunt
715 561 779 632 -)‚
806 559 1023 636 Illyriorum
1052 579 1172 636 regem

105 675 317 742 suspectum
352 667 519 725 Issenses
548 665 663 741 legati
689 664 879 732 fecerunt,
911 666 1018 722 simul
1047 666 1173 740 questi

107 772 206 830 fines
226 789 310 829 snos
331 771 489 828 secundo
510 770 736 845 populatum,
758 769 865 826 simul
885 772 1092 830 nuntiantes
1105 780 1171 830 cett

108 877 191 935 Nihil
218 885 263 935 est
294 875 456 934 secundo
492 876 714 951 populatum
751 895 806 951 pro
837 877 972 934 iterum
999 885 1051 933 cut
1076 876 1173 950 potius

109 983 260 1058 (quonium
283 1000 330 1040 res
351 991 418 1038 ente
441 989 671 1038 commemorate
696 999 755 1038 non
777 983 832 1053 est)
863 981 929 1039 bis.
978 979 1051 1039 Cod.
1072 981 1174 1039 hebet:

109 1089 215 1146 simul
246 1085 935 1164 questionesuosecundopopulatum,
975 1105 1012 1144 ex
1039 1105 1097 1161 quo
1128 1087 1174 1146 fit:

109 1195 219 1252 simul
243 1193 378 1269 questi,
405 1191 503 1249 fines
532 1209 618 1248 suos
647 1209 722 1252 en
754 1190 1023 1270 depopulatum.
1073 1191 1174 1250 Gemi·

109 1310 180 1359 nuto
209 1321 224 1362 s
257 1317 295 1356 ex
322 1297 474 1355 seumde
502 1303 597 1354 onum
629 1296 799 1355 secundo.
879 1297 940 1353 Pro
967 1307 1172 1372 suspectum

109 1408 278 1504 Issenpes
299 1403 363 1463 cod.
385 1409 594 1476 susceptum
620 1419 718 1470 esse,
749 1401 780 1458 in
809 1420 867 1476 quo
896 1402 991 1477 magis
1019 1401 1174 1477 signriflceri

109 1512 225 1568 videtur
245 1509 351 1568 Iseaei
372 1505 515 1585 (Issei);
538 1506 624 1564 etiem
648 1511 663 1576 ξ
686 1511 703 1562 t
727 1507 769 1563 de
790 1507 994 1564 recessisse
1022 1507 1077 1576 (sic
1098 1507 1173 1564 enim

109 1617 259 1684 scribitur)
271 1614 386 1672 facilius
397 1631 490 1690 prope
503 1632 553 1670 ex:
567 1612 609 1668 de
630 1629 715 1688 rege
729 1613 832 1670 Issaei
854 1630 942 1687 quem
955 1631 1005 1670 cx:
1027 1613 1070 1670 de
1089 1630 1174 1688 rege

108 1723 280 1781 Issenses
303 1719 372 1776 oriri
393 1719 503 1794 potuit;
535 1727 660 1792 utreque
687 1719 813 1776 nominis
843 1717 941 1776 formu
962 1719 1064 1776 Livius
1085 1719 1177 1776 utitur

111 1829 259 1894 (Issaeus
286 1825 422 1892 XXXI,
450 1828 508 1890 45,
544 1823 654 1892 XLII,
678 1826 733 1892 48;
763 1843 817 1882 nec
844 1825 931 1882 valde
958 1825 1075 1892 dubito,
1106 1823 1175 1898 quin

110 1932 252 2001 xxxss,
275 1931 325 1998 2¹,
346 1932 384 1987 27
408 1930 510 1988 Issaei
534 1928 644 1985 lembi
667 1929 806 2004 eppeileti
827 1929 935 1988 fuerint
956 1949 975 1987 n
996 1930 1097 2000 Livio,
1118 1947 1175 1986 non
1279 1959 1282 1966 ·

110 2037 269 2110 Issaici).
295 2039 297 2044 ’
331 2035 428 2094 Penio
454 2044 522 2110 post
552 2037 606 2102 §4
638 2053 710 2109 pro:
733 2035 935 2110 quesitum,
962 2034 1095 2109 ecquid
1123 2034 1177 2090 itu

109 2160 184 2200 non
209 2141 381 2198 adissent
408 2141 679 2216 magistratum,
701 2139 731 2196 in
754 2141 820 2198 cod.
842 2149 901 2198 est:
929 2141 1116 2214 quesitum
1141 2148 1177 2196 et

110 2247 202 2324 quid
229 2255 301 2316 cet,
332 2246 409 2303 unde
442 2245 518 2304 effici
547 2245 646 2302 debet:
680 2246 871 2320 quesitum
900 2254 970 2312 est,
1004 2245 1091 2319 quid
1122 2244 1176 2304 ite.

109 2355 190 2413 Nem
213 2351 344 2427 ecquid
365 2351 418 2408 ite
446 2369 541 2426 neque
556 2350 663 2408 dicitur
680 2351 785 2408 usitate
805 2369 900 2425 neque
918 2351 1058 2408 radonem
1080 2351 1177 2418 hebet,

111 2457 251 2533 quoniam
273 2457 309 2513 de
331 2474 429 2522 ceusu,
451 2474 509 2513 non
532 2456 568 2512 de
589 2455 668 2514 facto
691 2457 836 2532 queritur.
879 2455 994 2514 Deinde
1014 2473 1105 2530 preve
1126 2457 1176 2522 §u

111 2563 220 2620 editur:
260 2563 484 2637 Responsum
521 2569 693 2634 tanquam
729 2561 885 2636 legatis,
914 2570 951 2618 ut
980 2559 1040 2633 qui
1071 2559 1177 2616 edire

111 2678 276 2726 senatum
301 2685 370 2724 non
392 2665 667 2741 postulassent,
700 2667 778 2722 deri
800 2685 870 2722 non
892 2665 1052 2741 placuit.
1098 2665 1177 2722 Nam

112 2774 215 2832 edire
238 2771 387 2849 postulo
417 2788 512 2843 neque
542 2770 643 2827 Livius
669 2789 764 2845 neque
795 2771 844 2828 ciii
865 2773 949 2829 bones
970 2771 1062 2828 aetetis
1083 2787 1178 2845 prosae

112 2879 252 2937 orationis
287 2876 444 2950 scriptores
476 2875 612 2932 dixerunt
641 2879 693 2948 (·-
721 2877 874 2951 postulo
896 2895 948 2933 me
977 2876 1079 2960 edire
1100 2885 1178 2933 recte

112 2985 218 3042 dicitur
239 2982 302 3058 -),
325 2992 354 3040 et
374 2982 404 3038 in
426 2981 525 3038 codice
546 2999 604 3037 non
628 2982 744 3051 edire,
777 2983 828 3038 sed
859 2983 1012 3039 adirent
1039 2983 1193 3057 scriptum‘

112 3100 166 3150 cst.
213 3091 318 3163 Itaque
328 3086 512 3161 transpositis
534 3097 572 3142 ut
593 3095 623 3143 et
644 3087 704 3161 qni
727 3088 814 3146 scribi
826 3088 928 3145 debet:
950 3089 1176 3162 Responsum

112 3207 283 3269 tanquam
307 3192 446 3268 legetis,
469 3192 539 3266 qui,
561 3201 599 3248 ut
620 3193 953 3260 sdirentsenutum
968 3211 1036 3249 non
1051 3201 1178 3266 postu·

113 3302 265 3368 lassent,
287 3299 316 3358 d.
328 3317 358 3358 n.
372 3297 409 3372 pl.
421 3299 488 3361 (hoc
499 3306 559 3354 est:
580 3297 745 3356 hominibus
759 3299 804 3365 iis,
822 3298 940 3374 quinon
953 3299 1052 3374 post).
1074 3298 1177 3372 Sequi·

111 3414 160 3462 tur
170 3413 199 3461 et
212 3404 359 3462 lenissime
367 3413 395 3461 et
406 3402 567 3460 certissime
577 3403 718 3461 correctio
731 3403 826 3460 mendi
838 3403 932 3478 prime
941 3401 1037 3476 specie
1048 3401 1178 3478 perdiffi-

113 3507 184 3564 cilis.
206 3508 697 3582 Editurenimtmittendosque
715 3509 758 3564 ed
776 3507 1056 3584 regem(Gentium
1067 3507 1176 3583 petrosi

113 3612 260 3688 legatos
282 3623 517 3682 censuerunt,
539 3613 598 3688 qui
620 3613 847 3680 nuntiarent,
869 3613 929 3687 qui
944 3611 1036 3669 socii
1053 3631 1177 3686 quere·

113 3727 241 3775 rentur
270 3720 363 3796 epud
391 3729 572 3788 senatum,
603 3729 768 3776 exustum
792 3737 810 3774 e
830 3736 915 3793 rege
938 3735 1079 3794 ugrum,
1106 3735 1177 3772 non

113 3842 248 3898 aequum
271 3841 350 3882 eum
372 3822 514 3892 fecere,
536 3823 595 3898 qui
617 3825 660 3880 ub
682 3824 795 3882 sociis
816 3823 893 3881 suis
924 3842 992 3880 non
1015 3821 1177 3880 abstine·

113 3938 170 3986 ret
189 3929 371 3986 iniuriam.
421 3928 545 3986 Etiamsi
571 3947 635 3986 curn
671 3928 825 3988 Gronovio
858 3928 954 4003 quod
987 3928 1078 3986 socii
1108 3928 1177 3986 scri-

113 4035 167 4090 bes
197 4034 273 4110 (sine
295 4053 354 4110 quo
376 4035 470 4092 oratio
492 4053 550 4090 non
572 4035 846 4110 coheret),i1septe
872 4045 968 4092 temen
1004 4043 1120 4091 senatus
1148 4033 1177 4090 in
