2810 4644
296 269 352 318 Lib.
360 269 463 318 XXVI.
765 271 825 326 318

259 453 403 510 Varronis
418 453 447 509 in
462 453 537 510 libro
553 452 581 508 V
597 453 633 509 de
646 453 680 509 L.
693 451 728 508 L.
751 455 766 519 5
785 451 840 508 tut
865 451 907 526 (p.
919 455 957 508 50
970 450 1050 526 Bip.)
1070 461 1101 508 et
1115 451 1195 510 Festi
1210 450 1313 526 (Pauli)

260 579 289 622 v.
312 559 434 618 Grave
456 576 515 626 aes3
544 575 612 614 nom
635 557 713 632 opud
735 555 851 614 Livium
873 556 932 626 111,
960 559 999 614 29
1022 563 1200 627 (coronam
1223 575 1314 614 sure·

260 685 313 722 sm
336 663 514 723 dictatori
546 661 677 718 librum
709 661 831 737 pondo
858 661 1038 736 decrevit)
1060 673 1090 720 et
1110 663 1167 730 IV,
1190 664 1231 720 20
1253 669 1317 729 (co-

260 789 388 828 ronam
409 787 556 826 snresm
572 767 704 823 librum
725 767 847 843 pondo
931 767 1070 842 posuit)
1092 767 1225 826 librom
1247 778 1319 826 recte

261 877 444 954 appositione
476 872 643 947 adiungitur
675 872 713 929 sd
745 873 952 941 accusativum,
984 875 1228 948 quemadmodum
1252 874 1320 932 dici·

260 995 307 1040 tur
329 981 457 1058 (XLIV,
484 983 533 1044 14)
557 987 708 1052 torques
730 995 877 1045 aurens,
902 977 970 1034 duo
991 979 1111 1054 pondo
1134 980 1256 1038 utillud
1278 980 1321 1056 ip·

260 1107 333 1156 sum,
355 1085 433 1160 quod
455 1101 544 1158 supra
565 1083 649 1158 attigi
671 1082 805 1158 (XXVI,
828 1081 876 1157 4):
897 1092 1002 1140 terns
1032 1084 1161 1159 pondo,
1188 1095 1331 1161 patere.

260 1211 392 1261 aurete,
415 1189 469 1247 nisi
491 1189 570 1263 quod
593 1188 640 1246 hio
671 1187 824 1263 precedit,
852 1189 931 1263 quod
961 1190 1125 1265 opponitur,
1147 1201 1177 1246 et
1203 1189 1321 1266 pondo

260 1309 384 1374 utroque
398 1297 463 1354 loco
478 1314 533 1370 pro
555 1295 660 1352 librae
680 1293 800 1368 pondo
822 1293 938 1364 dicitur;
960 1294 1121 1369 eodemque
1136 1295 1227 1352 modo
1247 1295 1320 1370 opud

261 1407 340 1464 Fest.
362 1421 391 1462 v.
421 1401 591 1458 trientem
624 1399 772 1456 scribitnrt
802 1400 987 1457 Trientem
1018 1401 1165 1458 tertium
1200 1399 1321 1478 pondo

260 1527 431 1568 coronam
463 1523 609 1562 aureum
636 1505 792 1564 dedisse.
850 1507 955 1579 Itaque
982 1505 1099 1562 minime
1128 1506 1323 1582 imprudenter

260 1635 310 1674 eos
333 1615 434 1672 fecisse
461 1611 573 1676 iudico,
606 1611 656 1684 qui
681 1621 748 1668 onte
775 1610 975 1678 Gronovium,
1005 1629 1064 1668 une
1084 1611 1182 1668 littera
1204 1619 1321 1673 niumm,

259 1722 448 1796 scripserant:
482 1715 585 1772 librae
617 1715 695 1772 fere
727 1733 851 1772 omnes
882 1715 1011 1789 pondo.
1058 1717 1202 1774 Varronis
1229 1717 1320 1774 iocum

260 1837 337 1884 recte
359 1822 485 1898 Spengel
508 1821 682 1888 emendavit,
713 1820 829 1877 subluto
859 1831 978 1891 erent,
1007 1831 1040 1878 ut
1069 1840 1171 1879 usses
1205 1822 1320 1880 libres

260 1931 379 2008 pondo
401 1927 526 2002 pendeat
547 1946 566 1984 u
586 1926 785 2001 ponebant.
840 1927 932 2001 Apud
953 1926 1078 1984 Paulum
1100 1927 1227 1987 Ursinus
1249 1935 1322 1984 recte

246 2023 486 2110 ¹transpositione
507 2051 576 2089 usus
600 2041 659 2100 est,
692 2029 748 2086 nisi
782 2030 861 2104 quod
893 2033 1028 2108 singuli
1058 2033 1174 2090 libres
1204 2031 1320 2108 pondo

261 2140 441 2200 retinendum
453 2148 592 2206 eretnon
616 2137 746 2194 librom
768 2136 944 2210 ponendum,
954 2156 1007 2194 neo
1017 2137 1180 2194 addendum
1195 2148 1320 2196 sutem.

349 2245 422 2320 Cup.
437 2244 485 2310 51,
512 2245 542 2298 l:
564 2240 690 2316 Scipio
713 2241 860 2298 Loelium
947 2243 1036 2300 dats
1059 2244 1317 2318 quinquereme

257 2347 663 2429 captivisqueMsgone
683 2356 716 2402 et
732 2346 942 2421 quindecim
964 2347 1047 2406 fere
1070 2349 1316 2408 senatoribus.

258 2459 320 2535 qui
342 2454 449 2514 simul
471 2472 546 2510 cum
569 2471 609 2508 eo
631 2454 733 2529 copti
755 2462 877 2522 erunt,
908 2453 945 2511 in
966 2471 1094 2511 navem
1115 2455 1316 2530 impositis.

258 2563 420 2622 nuntium
451 2559 617 2616 victorine
647 2559 793 2618 Romam
830 2559 953 2618 mittit
1005 2559 1080 2617 Mire
1102 2561 1175 2618 dici:
1201 2560 1318 2638 cupti-

259 2671 314 2728 vis
420 2665 481 2740 qui
504 2664 603 2740 copti
625 2675 744 2735 erent,
774 2665 1027 2724 Weissenbornius
1058 2667 1160 2736 sensit;
1183 2667 1220 2740 (si
1243 2685 1317 2740 cup·

258 2777 335 2833 tivo
357 2774 514 2847 Magone
536 2770 637 2828 Livius
649 2769 820 2845 scripsisset,
841 2787 1051 2845 supervacuum
1074 2781 1172 2830 tumen
1192 2773 1318 2830 vocobu-

259 2881 317 2938 lum
340 2878 434 2954 primo
456 2876 540 2946 loco,
573 2876 657 2950 qussi
687 2875 717 2932 in
739 2895 774 2933 eo
796 2877 911 2952 pondus
932 2887 1023 2948 esset,
1052 2877 1218 2953 posuisset).
1262 2879 1318 2936 Ao·

259 2985 345 3054 cedit,
367 2982 445 3058 quod
468 2981 625 3056 Appianus
659 2981 800 3054 (Hannib.
826 2983 880 3056 23)
911 2984 1015 3060 praedes
1037 2993 1149 3059 purtem
1171 2971 1230 3042 ἐπὶ
1255 2977 1317 3042 τῶν

261 3087 475 3170 εἰλημμένων
490 3083 575 3148 νεῶν
596 3088 721 3144 Romam
743 3086 861 3146 inissem
883 3089 991 3152 scribit.
1034 3089 1074 3148 Et
1096 3107 1183 3147 uuam
1206 3088 1317 3164 quidem

260 3195 498 3270 quinqueremem
519 3191 591 3248 setis
613 3192 755 3269 Polybius
778 3203 875 3250 tuetur
910 3193 965 3267 (X,
991 3197 1038 3264 19,
1062 3195 1109 3266 8),
1143 3195 1198 3252 etsi
1221 3193 1317 3253 Livius

260 3300 335 3358 libro
356 3298 491 3375 proximo
513 3315 537 3354 o.
561 3303 576 3354 7
601 3315 673 3356 sse
694 3298 865 3356 dissentiens
885 3299 1006 3358 Laelium
1028 3318 1092 3357 curn
1117 3300 1249 3375 pluribus
1269 3317 1316 3355 ns·

260 3407 346 3464 vibus
367 3407 492 3463 Romam
513 3403 627 3460 venisse
645 3403 759 3472 scribit;
782 3403 832 3460 sed
854 3403 933 3462 illem
956 3425 972 3462 o
994 3405 1087 3481 ceptis
1107 3405 1206 3476 fuum,
1228 3406 1316 3481 ipsum

261 3511 390 3568 victorine
411 3509 551 3580 indicem,
587 3509 727 3584 Appisno
759 3508 920 3578 credimus,
957 3510 1093 3587 idemque
1116 3511 1216 3569 Livius
1237 3511 1317 3574 dicet,

263 3625 374 3673 remoto
393 3614 480 3672 simul
502 3615 640 3672 orationis
664 3615 745 3684 vitio,
767 3613 792 3671 si
813 3615 855 3672 sic
876 3615 1093 3691 scripserimus:
1115 3617 1201 3675 dete
1222 3616 1318 3693 quin·

263 3737 468 3793 queremus
492 3720 654 3797 captivis
681 3726 788 3801 sique
821 3720 977 3796 Magone
1006 3733 1040 3780 et
1063 3723 1133 3781 XV
1161 3720 1240 3780 fere
1271 3738 1317 3776 se·

262 3825 469 3896 natoribus,
500 3826 560 3900 qui
589 3869 637 3888 ...
667 3826 766 3901 cepti
788 3835 907 3897 erunt,
929 3827 963 3884 in
985 3845 1110 3886 nerem
1133 3824 1317 3902 impositis

261 3939 329 3988 cett.
374 3930 470 4004 Quum
492 3951 508 3993 o
529 3931 696 4007 propositio
726 3932 832 3988 housto
852 3943 929 3991 esset
949 3935 987 3992 ob
1014 3934 1223 4010 precedentem
1246 3933 1316 3990 litte·

262 4053 336 4104 rem,
357 4036 495 4111 scriptum
517 4047 561 4094 est
593 4057 661 4112 qne
681 4055 736 4113 pro
758 4047 878 4112 atque.
920 4037 1075 4114 Captivum
1098 4040 1249 4114 pecuniam
1271 4035 1316 4098 Li·

263 4139 327 4195 vius
349 4139 432 4206 dixit,
453 4141 586 4216 captives
606 4159 696 4198 neves
719 4139 826 4204 Oseser.
