2800 4646
253 271 309 321 nn.
326 270 454 334 xxxix.
621 233 627 244 ’
755 275 814 331 ⁴56

253 458 283 515 in
304 455 339 514 iis
359 456 457 514 bestea
477 473 535 514 nen
560 455 705 514 lscessuut
724 475 778 516 nec
798 467 922 529 vexant3
943 457 974 515 id
996 457 1043 516 hic
1061 457 1217 534 significari
1239 475 1308 515 sane

253 562 324 620 nihil
344 580 418 638 epus
438 571 517 634 erat,
547 581 635 639 quum
657 563 758 622 Livius
788 565 938 623 Romana
970 574 1054 623 necte
1082 564 1184 622 caenis
1204 563 1310 622 relictis

254 668 384 726 celeriter
404 657 500 727 abisse
518 667 691 726 narraverit.
746 670 783 728 In
810 671 843 729 ll
865 679 941 728 erat:
969 671 1107 746 qnietis
1128 669 1186 727 his
1206 670 1310 728 stati·

253 775 308 832 ris
328 781 546 833 manserunt.
601 774 664 831 Aut
690 775 809 850 quieti
835 776 988 835 stativis
1008 775 1191 834 scribendum
1212 773 1260 851 (ut
1281 775 1311 832 in

253 881 327 939 Lon.
350 881 367 938 2
390 880 536 947 scribitur)
560 889 611 937 sut
632 881 746 955 quieti
766 882 812 940 iis
838 882 1005 954 stativis,
1026 882 1105 957 qued
1124 880 1312 939 Drakenbor-

254 985 319 1045 cbie
351 986 418 1060 (nisi
439 987 518 1062 quod
547 986 602 1047 bis
634 987 760 1064 scripsit)
794 989 825 1046 in
860 997 983 1047 menum
1005 1004 1134 1047 veneres.
1176 987 1312 1046 Victores

254 1110 312 1150 nen
334 1092 476 1168 persecuti
495 1100 563 1149 sunt
582 1089 725 1168 fugientes
746 1095 912 1163 Romanos,
931 1093 983 1151 sed
1004 1093 1093 1169 quieti
1113 1103 1291 1152 manserunt

337 1196 411 1274 Cap.
435 1201 491 1268 34,
525 1199 543 1255 3
567 1197 733 1275 (Philippus
753 1199 844 1258 iratus
865 1200 1026 1259 Onomante
1048 1198 1255 1268 maudaverat,
1281 1213 1312 1257 ut

253 1303 417 1362 Maronitas
437 1303 581 1380 principes
602 1303 695 1380 pertis
718 1305 848 1364 advene
868 1307 1052 1374 interficeret;
1074 1306 1100 1362 is
1124 1323 1176 1380 per
1197 1303 1312 1364 Casan·

254 1410 337 1468 drum
360 1409 504 1486 quendam
526 1409 633 1468 coedem
666 1410 746 1468 velut
776 1411 806 1468 iu
838 1411 914 1470 bello
946 1421 1033 1489 cepta
1054 1412 1125 1469 urbe
1145 1408 1242 1488 iecit):
1270 1411 1311 1468 Id

254 1516 348 1592 apud
380 1517 562 1574 Romanos
593 1515 738 1592 legatos
771 1527 968 1592 querentes
1003 1529 1074 1575 tam
1111 1515 1313 1574 crudeliter

254 1619 434 1678 adversus
466 1621 638 1680 innoxios
659 1623 883 1696 Maronitas,
908 1633 979 1682 tarn
1000 1623 1156 1698 superbe
1186 1622 1312 1679 sdver-

254 1745 313 1784 sus
345 1727 517 1802 populum
549 1727 746 1785 Romanum
776 1727 927 1798 factum,
971 1737 1009 1785 ut
1045 1767 1095 1796 ..,
1127 1727 1312 1786 abnuebat

255 1832 449 1907 quicquam
472 1851 592 1890 sorum
625 1833 668 1890 ad
695 1834 948 1911 sepertinere.
1001 1832 1094 1891 Mirus
1115 1843 1144 1890 et
1163 1833 1310 1890 inauditus

253 1938 300 1996 hic
321 1947 365 1994 est
387 1939 542 1996 verberum
561 1939 644 2008 ordo,
659 1938 689 1995 iu
710 1939 821 1997 initium
843 1949 910 1998 ants
931 1938 1164 2018 praepositionem
1186 1941 1309 2015 (apud)

255 2043 419 2102 adiunctam
445 2043 599 2120 participio
622 2046 843 2120 (querentes)
878 2047 983 2104 reiecto
1015 2044 1186 2120 prenomine
1217 2045 1253 2101 id
1282 2057 1310 2101 et

256 2150 368 2221 abiis,
402 2151 572 2225 quibuscum
600 2151 724 2208 cohaeret
756 2151 840 2227 (tarn
862 2151 1062 2210 crudeliter
1084 2195 1112 2209 ..
1149 2149 1309 2214 factum).

255 2265 400 2332 separato.
448 2255 615 2315 Admodum
643 2257 775 2333 suspicor
806 2257 840 2314 id
873 2277 910 2315 ex
943 2257 1078 2316 extremis
1105 2256 1207 2313 litteris
1230 2257 1311 2314 verbi

255 2361 352 2434 iecit,
369 2363 452 2437 quod
473 2361 623 2437 praecedit,
649 2373 744 2420 ertum
773 2381 853 2432 esee,
875 2364 991 2422 Livium
1016 2372 1127 2420 tantum
1150 2363 1312 2438 scripsisse:

254 2469 360 2545 Apud
381 2471 565 2528 Romanos
600 2467 745 2544 legetos
779 2479 973 2545 querentes
1005 2477 1076 2526 tem
1111 2467 1312 2526 crudeliter

338 2573 485 2642 facturn,
509 2584 547 2632 ut
574 2619 602 2634 ..
630 2575 920 2648 trucidarentur,
947 2575 1133 2632 abnuebat
1153 2583 1208 2634 cet.

339 2677 411 2754 Cep.
438 2679 496 2747 38,
522 2685 554 2739 ll
581 2681 635 2752 (de
664 2682 863 2758 supplemento
884 2681 1005 2739 militum
1028 2679 1059 2737 in
1079 2679 1241 2756 Hispanias
1261 2679 1309 2736 de·

255 2786 360 2857 creto):
387 2803 495 2859 quum
529 2804 590 2843 eas
619 2769 785 2863 legiones
812 2797 987 2864 quattuor
1008 2785 1309 2861 descripsissent.

255 2889 347 2965 quud
369 2890 451 2964 plus
473 2908 577 2965 quam
600 2892 707 2966 quine
728 2895 830 2952 milia
851 2894 1029 2970 pediturn,
1050 2891 1190 2950 treceni
1212 2889 1309 2965 equi·

255 3003 308 3050 tes
331 2994 367 3050 iu
389 2994 548 3070 siugulis
569 2997 784 3074 legionibus
806 2999 1170 3070 esset,dimittsreut.
1200 2996 1309 3053 Vitium

256 3099 399 3188 oretieniq
417 3099 584 3160 Gronovius
605 3106 752 3181 perspexit
773 3125 826 3164 nec
847 3115 944 3164 temen
965 3104 1050 3181 plene
1071 3102 1218 3178 exposuit3
1242 3120 1308 3158 nam

255 3215 284 3264 et
308 3224 357 3262 eas
377 3205 541 3282 legiones
571 3229 662 3285 preve
688 3211 839 3280 dicuntur,
867 3211 952 3268 nullis
973 3219 1059 3268 antee
1079 3209 1309 3268 commemoratis

254 3312 423 3388 legionibus,
445 3333 498 3372 nec
521 3316 625 3374 cmlv
635 3316 760 3375 *milibus
780 3317 909 3393 peditum
929 3317 975 3374 IV
995 3316 1123 3392 legiones
1138 3312 1221 3372 effici
1241 3331 1309 3390 pos-

256 3429 331 3491 sunt,
351 3438 404 3478 nee
425 3414 555 3497 legiones
576 3421 821 3494 describebantur,
846 3423 898 3480 ssd
915 3422 1123 3490 scribebantur,
1144 3437 1197 3476 nec
1218 3419 1247 3475 id
1258 3437 1309 3474 uu·

256 3545 343 3602 qnam
373 3526 434 3600 (illa
463 3526 577 3601 quidem
600 3528 698 3602 atate)
733 3527 764 3584 in
796 3525 970 3603 provinciis,
1000 3526 1052 3583 sed
1074 3527 1175 3584 Rome
1209 3524 1309 3592 fiebet;

255 3651 319 3708 quae
348 3632 378 3690 iu
399 3631 555 3708 provinciis
580 3633 638 3690 iam
661 3641 742 3691 erant
763 3631 909 3707 legiones,
942 3631 1156 3708 supplebantur.
1204 3629 1310 3704 Agitur

255 3739 355 3816 igitur,
374 3738 452 3814 qued
475 3736 643 3797 Gronovius
665 3737 746 3808 vidit,
768 3739 803 3796 de
824 3737 1023 3814 supplemento
1044 3736 1166 3794 militum
1181 3735 1308 3812 inlegie·

129 3851 133 3860 '
169 3923 176 3936 υ
255 3861 320 3916 nes,
357 3863 420 3920 quae
455 3844 486 3902 in
507 3843 652 3922 Hispania
672 3853 771 3914 eraut,
807 3842 1009 3912 describendo,
1041 3861 1100 3917 qua
1120 3841 1307 3917 descriptione

257 3949 344 4020 facta,
366 3951 391 4007 si
412 3949 531 4024 singula
551 3950 681 4027 legiones
702 3969 792 4026 supra
812 3950 841 4006 V
863 3948 943 4006 milia
957 3933 1091 4024 ¹peditum
1105 3955 1307 4007 excrescerent.

257 4053 455 4144 dimitteretur,
478 4056 557 4130 quod
578 4065 757 4128 excurreret3
780 4073 874 4130 neque
897 4053 1085 4112 dubitandum
1107 4052 1228 4120 videtur,
1242 4051 1307 4127 quin
