2822 4648
309 275 365 326 Lib.
384 275 460 324 VIII.
777 281 832 334 170

274 471 324 519 eut
344 461 448 537 saepius
472 459 550 534 apud
572 459 666 534 ipsum
687 460 804 536 legitur)
826 481 884 518 non
906 471 970 518 eret
991 460 1128 530 dicturus,
1149 462 1254 518 nedum
1278 461 1338 518 im-

273 569 339 625 bres
367 583 475 642 eosque
507 567 658 625 continuos
691 569 801 644 campis
822 568 963 626 inundare
984 565 1110 636 diceret,
1143 566 1201 624 elin
1231 566 1336 624 eddite

272 675 431 752 pravitate,
454 673 537 748 quasi
558 675 669 732 scribas
691 673 879 733 Germanice:
901 673 948 730 die
979 671 1192 729 iortwtbrende
1213 674 1335 748 Regen-

272 782 395 838 scbauer
415 781 515 838 steheu
538 781 591 838 sul
610 782 664 838 den
685 781 823 848 Felderm
846 799 914 836 nem
935 779 1043 836 imbres
1064 779 1093 835 in
1114 777 1194 834 ceelo
1216 787 1335 836 essere

272 897 347 956 sunt,
367 886 396 942 in
419 887 529 962 campis
551 905 643 961 equae.
687 885 857 961 Corrigendi
880 885 975 943 mendi
995 884 1073 942 viem
1096 884 1159 942 cod.
1183 885 1215 942 M
1233 895 1333 942 osten·

271 993 323 1062 dit,
345 993 373 1049 in
396 1011 454 1066 quo
466 1003 509 1049 est
532 994 736 1050 inundates.
772 991 867 1051 Scribi
879 993 978 1048 debet:
1000 991 1140 1067 campis
1162 991 1334 1049 omnibus

270 1100 469 1158 inundatis.
497 1100 600 1175 (Agri
621 1099 787 1156 inundati
809 1098 946 1166 XXXV,
968 1099 1032 1164 21.)

355 1203 428 1281 Cep.
452 1207 507 1276 28,
539 1208 572 1263 3:
604 1207 638 1263 L.
662 1205 835 1280 Papirius
866 1205 897 1261 is
919 1203 1003 1272 fuit;
1037 1203 1094 1261 cui
1117 1222 1219 1278 quum
1241 1223 1275 1262 se
1296 1203 1333 1264 C.

271 1311 455 1370 Publilius
481 1345 518 1354 -
542 1331 670 1370 nexum
698 1311 882 1380 dedisset,
912 1329 987 1385 quse
1018 1319 1104 1368 aetas
1138 1309 1332 1384 formaque

270 1417 562 1476 misericordiam
584 1417 718 1476 elicere
739 1425 887 1493 poteret
903 1416 996 1490 (nti),
1020 1416 1273 1474 adlibidiuem
1296 1425 1332 1474 et

271 1525 525 1582 contumeliam
548 1524 701 1582 animum
723 1523 991 1586 accenderunt:
1015 1520 1074 1600 [ut]
1097 1523 1226 1580 llorem
1248 1533 1331 1580 mte-

269 1631 316 1688 tis
344 1631 420 1688 eius
448 1629 606 1688 fructum
633 1629 882 1687 adventicium
916 1629 1048 1686 crediti
1080 1639 1183 1688 retus
1212 1629 1331 1704 primo

269 1737 452 1813 perlicere
484 1737 752 1793 adolescentem
784 1753 951 1792 sermone
982 1736 1122 1794 incesto
1150 1744 1204 1792 est
1224 1753 1330 1792 cone-

270 1851 326 1899 tus
349 1851 403 1902 cet.
446 1842 557 1899 Notavi
578 1861 701 1912 vocem,
731 1859 795 1916 quse
824 1840 953 1898 tollenda
979 1849 1038 1907 est,
1066 1851 1132 1898 orte
1157 1859 1195 1898 ex
1221 1840 1330 1897 ultimis

269 1946 370 2004 litteris
398 1947 480 2004 verbi
509 1948 753 2005 accenderunt
774 1947 1029 2022 (quemadmodum
1051 1949 1112 2018 IV,
1135 1949 1171 2016 2,
1194 1945 1234 2022 t).
1281 1947 1332 2005 Ut

269 2062 370 2108 retus
392 2071 446 2128 pro
469 2063 578 2110 retus
610 2053 660 2128 (ut
681 2053 744 2127 qui
765 2055 924 2128 putaret)
955 2053 1090 2110 Latinum
1112 2071 1170 2110 nou
1192 2062 1249 2122 est;
1280 2070 1329 2108 su·

269 2157 397 2232 periores
436 2157 560 2216 editores
595 2155 678 2236 (ente
708 2158 937 2229 Alschefskium)
967 2159 1173 2216 substituerent
1195 2166 1242 2222 et,
1276 2157 1329 2214 sed

268 2262 358 2319 multo
380 2263 484 2320 rectius
506 2265 567 2321 sine
588 2265 731 2340 porticula
752 2264 881 2322 narratio
917 2264 1094 2339 singulorum
1124 2263 1265 2320 universae
1285 2263 1328 2319 rei

267 2369 470 2444 significationi
492 2371 549 2436 (ad
571 2371 675 2428 libid.
698 2389 750 2427 en.
773 2370 931 2440 acceud.)
955 2370 1129 2445 adiungitur.

350 2473 423 2551 Cap.
444 2477 492 2543 29,
523 2478 571 2532 13:
594 2477 789 2533 Postremo
821 2477 873 2541 (D.
898 2475 998 2532 Iunius
1029 2476 1137 2534 Brutus
1165 2473 1266 2531 consul
1301 2493 1328 2530 e.

269 2582 327 2638 325
350 2600 377 2638 e.
400 2579 469 2642 Chr.
491 2581 598 2638 bellum
619 2581 648 2637 in
671 2581 800 2639 Vestinis
822 2582 940 2658 gerens)
963 2581 1097 2657 oppida
1124 2598 1271 2654 quoque
1292 2578 1327 2634 vi

267 2705 482 2761 oppugnare
506 2688 658 2744 adortus
682 2688 797 2762 primo
820 2687 991 2746 Cutinam
1024 2685 1165 2762 ingenti
1195 2685 1327 2742 ardore

266 2791 418 2848 militum
443 2801 505 2848 eut
526 2793 713 2850 vulnerum
735 2792 800 2863 ire,
816 2795 1019 2868 quodbeud
1041 2791 1326 2866 ferequisquam

266 2895 412 2970 integer
439 2897 583 2971 proelio
620 2898 719 2972 (paulo
742 2908 809 2956 ente
831 2898 924 2972 facto)
947 2909 1173 2965 excesserat,
1210 2895 1325 2953 scalis

267 3001 374 3075 cepit.
418 3002 495 3059 Mire
517 3013 560 3060 est
581 3005 642 3061 haec
664 3005 835 3080 compositio
869 3024 903 3062 ec
926 3005 1062 3062 diiunctio
1095 3003 1245 3070 (ardore
1265 3001 1324 3057 mi-

266 3107 370 3163 litum
392 3118 453 3163 eut
485 3108 679 3166 vulnerum
711 3110 792 3182 ire),
826 3111 910 3186 quusi
937 3110 1062 3168 dubitari
1098 3107 1206 3184 possit,
1228 3115 1323 3163 utrum

266 3211 392 3270 fiteritet
417 3212 501 3287 quasi
523 3213 717 3272 vulnerum
743 3216 830 3273 irae
850 3216 1028 3274 militibus
1050 3215 1180 3273 seiuncta
1200 3213 1250 3282 sit;
1272 3213 1324 3270 mi·

265 3337 338 3386 rum,
362 3317 470 3392 ingenti
486 3318 635 3376 vulnerum
657 3320 701 3378 ire
725 3322 789 3396 cepi
810 3323 920 3380 urbem.
950 3321 1139 3398 Perspicuum
1152 3331 1204 3384 est,
1224 3321 1322 3377 urbem

265 3422 350 3479 scalis
372 3432 488 3498 captam
504 3423 560 3481 dici
581 3425 690 3500 ingenti
706 3427 827 3485 militum
850 3429 964 3496 ardore,
988 3447 1052 3486 eum
1077 3439 1173 3484 eutem
1190 3426 1321 3484 ardorem

265 3547 302 3585 ex
323 3529 473 3586 vulnerum
494 3529 539 3586 ire
562 3541 667 3588 ortum.
715 3534 820 3608 ltaque
852 3534 1008 3609 scripserat
1042 3533 1155 3590 Livius:
1185 3532 1322 3606 ingenti

265 3635 395 3692 ardore
427 3634 579 3692 militum
617 3656 635 3694 a
661 3638 849 3695 vulnerum
872 3641 949 3708 ira,
979 3657 1032 3695 suo
1054 3638 1104 3696 illo
1138 3638 1318 3714 praepositio·

263 3740 308 3796 nis
331 3741 374 3797 ab
396 3759 459 3812 usu,
484 3759 541 3815 quo
563 3741 600 3798 de
622 3762 710 3800 cause
732 3755 760 3800 et
782 3745 892 3820 origine
912 3743 1037 3819 ponitur.
1086 3744 1236 3803 Simillime
1251 3745 1323 3802 dixit

265 3845 387 3918 XXIV,
411 3849 460 3917 30,
485 3850 514 3903 l:
538 3849 735 3906 Marcellus
754 3881 787 3890 -
812 3859 914 3907 tento
937 3850 1070 3906 ardore
1092 3849 1244 3906 militum
1269 3863 1323 3907 est

264 3971 347 4008 usus
370 3953 414 4009 eb
438 3953 499 4009 ire
519 3953 616 4011 inter
639 3955 875 4013 condiciones
898 3956 1003 4032 pecie
1024 3953 1231 4013 interfectas
1249 3965 1322 4014 ste-

262 4055 384 4125 tionis,
406 4066 443 4114 ut
459 4089 492 4098 —
508 4068 560 4119 ete.
600 4061 647 4118 Ex
666 4061 876 4118 euulnerum
901 4059 986 4118 facile
1003 4069 1098 4118 ortum
1115 4071 1158 4118 est
1179 4064 1322 4120 eutuul-

263 4179 394 4222 uerum.
