2826 4640
633 238 690 293 567
1029 235 1087 284 Lib.
1098 235 1195 285 XLIV.

131 419 235 494 parti
260 419 353 478 muri
374 417 486 495 posuit3
517 435 611 492 neque
641 427 738 474 tamen
770 419 965 478 simillima
987 419 1197 478 humillima

131 524 315 582 scribendum
337 524 451 582 videtur
472 523 570 594 fuisse,
593 524 644 582 ssd
666 531 792 582 tautum:
810 524 904 582 Huic
926 527 1075 584 testudo
1099 527 1195 586 simi·

131 633 180 690 lis
201 631 415 689 humillimae
436 649 465 704 p.
488 648 526 689 m.
549 637 621 699 cet,
656 629 760 688 deinde
793 639 902 688 autern:
934 649 1040 706 quum
1062 634 1196 691 armati

130 755 242 812 super
262 744 409 794 stantes
424 736 621 794 subissent.
674 735 779 810 Neque
801 736 877 794 enim
900 737 958 794 iam
981 739 1195 814 superstabant,

130 859 220 918 quum
242 843 415 900 movebatur
438 842 574 912 testudo,
611 840 662 899 sed
695 841 745 900 illa
777 841 898 900 admota
929 842 1086 901 insilientes
1110 861 1197 919 super

130 937 200 1018 eoi,
232 948 282 1023 qui
305 947 393 1005 scutis
414 965 504 1022 supra
526 946 624 1021 capita
646 945 728 1004 elatis
750 949 885 1018 stabant,
911 949 1056 1009 subibant.
1104 949 1195 1016 (Tum

128 1063 208 1112 recte
230 1053 346 1129 Lipsius
369 1061 398 1109 et
419 1050 608 1110 Perizonius:
638 1062 672 1109 et
702 1053 736 1109 in
759 1051 882 1112 fronte
915 1055 1073 1112 extremi
1096 1065 1194 1112 etex

128 1159 337 1232 lateribus.)

221 1261 295 1340 Cap.
323 1267 378 1334 ll,
412 1266 430 1322 9
460 1261 512 1341 (de
534 1261 725 1322 Cassandrea
754 1264 998 1342 oppugnationel:
1028 1266 1105 1322 Hoc
1133 1265 1197 1324 ubi

128 1368 334 1446 perfectam
357 1389 437 1430 esse
467 1389 557 1446 opus
587 1369 769 1428 militibus
792 1371 1003 1428 nuntiatum
1025 1380 1095 1440 est,
1117 1371 1194 1428 cla·

127 1495 263 1534 morem
286 1475 432 1534 alacres
460 1475 597 1552 gaudio
622 1485 776 1552 repente
797 1475 961 1548 tollunt,
983 1477 1068 1534 aliis
1089 1485 1195 1552 perte

127 1581 205 1638 alia
228 1581 262 1638 in
290 1583 414 1640 urbem
436 1581 652 1658 irrupturis.
718 1582 787 1640 Non
821 1581 909 1652 elios,
941 1583 1065 1658 opinor,
1096 1583 1194 1640 neseio

127 1705 215 1762 quos,
238 1687 289 1744 sed
314 1705 345 1745 se
367 1688 446 1764 ipsos
469 1687 631 1764 irrupturos
653 1688 806 1764 putabant.
851 1686 954 1746 Codex
967 1687 1086 1746 vitiose:
1107 1687 1193 1744 aliis

207 1794 452 1870 inrupturum.
498 1793 620 1870 Opinor,
644 1793 759 1852 Livium
776 1793 944 1870 scripsisse:
966 1795 1112 1865 tollant,
1125 1791 1192 1871 [ut]

127 1899 195 1956 alii
216 1912 323 1976 parte
355 1899 430 1958 alia
461 1901 495 1957 in
528 1901 649 1957 urbem
678 1899 875 1976 irrupturi.
939 1901 1018 1958 Nam
1052 1897 1195 1976 particula

127 2005 272 2082 opinionis
295 2005 372 2082 (quae
393 2016 497 2064 eventu
519 2005 624 2078 caruit)
648 2005 736 2062 index
759 2007 810 2063 vix
826 2007 930 2064 abesse
950 2015 1056 2082 potest,
1077 2005 1107 2061 in
1129 2004 1194 2062 vul·

127 2121 198 2186 gata
220 2110 334 2185 quidem
358 2112 502 2187 scriptura
522 2111 602 2170 nullo
625 2111 723 2170 modo.

212 2214 286 2291 Cap.
312 2220 364 2287 1³,
388 2221 420 2274 7:
447 2217 674 2293 Euphranor
698 2217 811 2290 (Persei
833 2217 924 2288 dux),
946 2216 1067 2274 soluta
1088 2215 1192 2272 unius

127 2322 234 2379 urbis
257 2323 435 2399 (Meliboea)
463 2325 672 2393 obsidione,
701 2323 978 2382 Demetriadem
1007 2319 1193 2395 extemplo

125 2427 243 2498 ducit;
265 2447 329 2486 nec
350 2439 422 2486 tum
445 2431 588 2488 moenia
610 2429 730 2498 modo,
752 2429 815 2486 sed
839 2447 951 2505 agros
973 2427 1083 2485 etiam
1105 2443 1193 2482 con·

127 2531 295 2592 fiderunt
326 2553 364 2592 se
395 2554 413 2592 a
445 2534 754 2612 populationibus
776 2535 873 2592 tueri
894 2553 1013 2610 posse.
1082 2533 1195 2590 Praeter

126 2640 283 2698 berberem
306 2639 376 2698 illud
398 2638 635 2698 confiderunt
657 2640 744 2698 etiam
766 2640 914 2698 sententiar
936 2658 995 2697 non
1017 2640 1193 2698 coherentes

125 2755 155 2804 et
176 2746 319 2822 particula
340 2755 414 2804 tum
431 2746 527 2804 mendi
541 2745 677 2804 indicium
700 2745 820 2806 faciunt.
865 2745 968 2804 Codex
990 2745 1092 2802 ducit
1112 2763 1192 2802 noc·

126 2852 287 2910 temunia
310 2853 417 2910 modo
440 2861 495 2910 cet.
552 2853 663 2910 Locum
688 2852 857 2909 lacunosum
880 2869 958 2922 esse,
989 2852 1066 2928 quod
1096 2851 1194 2926 aliqua

126 2977 163 3015 ex
184 2967 267 3034 parta
279 2958 533 3016 Weissenbornius
551 2958 714 3034 suspicatus
730 2967 802 3028 erat,
820 2959 1084 3018 Forcbhammerus
1106 2959 1190 3016 intel·

126 3063 196 3122 laxit
217 3064 337 3139 eiusque
359 3061 427 3120 olim
450 3063 525 3122 bane
547 3063 607 3122 fere
629 3063 719 3122 fuisso
745 3063 886 3122 formam:
920 3065 1192 3124 Demetriadem

125 3168 310 3245 extemplo
333 3169 440 3228 ducit.
483 3170 601 3229 Nocte
623 3171 771 3229 moenia
793 3168 945 3248 [intrat‚
975 3181 1193 3246 tantamque

124 3272 300 3334 fiduciam
326 3276 581 3334 incolentibus
603 3276 707 3348 fecit,
741 3287 867 3334 utnon
890 3273 1046 3353 moenia]
1070 3275 1193 3353 modo,

124 3382 188 3439 sed
210 3399 322 3458 agros
348 3375 727 3446 etianfenllderent
755 3401 793 3440 se
826 3402 845 3441 a
877 3381 1186 3459 populationibus

124 3488 221 3546 tueri
242 3507 360 3564 posse.
407 3491 544 3566 Apparet
571 3490 676 3548 erroris
701 3507 792 3548 causa
820 3489 849 3546 in
872 3489 1017 3547 moenium
1040 3487 1184 3546 vocabulo

123 3593 167 3651 bis
189 3595 294 3670 posito.
340 3596 436 3654 Nocte
457 3597 557 3654 urbem
573 3597 749 3674 Euphranor
767 3595 895 3664 intravit,
910 3603 942 3653 ut
952 3597 1103 3653 Romanos
1129 3593 1183 3651 ob·

123 3699 247 3758 sidentes
268 3699 390 3758 falleret.
436 3700 498 3760 Sub
520 3703 605 3760 finem
627 3703 730 3779 capitis
751 3701 779 3775 (ξ
806 3701 854 3774 12)
875 3701 1023 3760 scribitur:
1047 3701 1098 3758 De
1116 3699 1181 3758 Eu·

123 3825 223 3868 meue
245 3826 330 3884 rege
359 3808 471 3885 longe
505 3809 654 3867 diversa
686 3809 851 3867 tradunt
911 3807 1104 3867 Desideratur
1125 3807 1192 3863 sub·

123 3913 245 3984 iectum3
273 3933 367 3990 neque
398 3914 473 3972 enim
503 3915 615 3974 incerta
644 3915 810 3974 huiuamodi
834 3915 995 3972 communis
1016 3912 1192 3972 narrationis

124 4019 296 4096 significatio
321 4021 467 4078 conuaria
488 4021 557 4097 poni
579 4029 675 4097 potest
697 4031 791 4094 canae,
807 4040 895 4097 quam
905 4020 1006 4078 Livius
1028 4037 1117 4095 supra
1138 4037 1191 4094 po·
