2810 4644
285 257 454 310 Lib-XXXI.
790 263 849 320 372

287 451 405 502 actum
426 453 531 502 osset
575 447 710 522 Apparet
730 443 898 515 attendenti,
919 445 1036 502 minime
1057 445 1268 506 deliberationis
1283 463 1338 508 ata·

287 551 330 608 tui
356 559 488 626 tempus,
510 551 577 622 aed,
608 551 717 608 omissa
737 550 877 626 temporis
898 549 1072 622 delinitione,
1093 553 1123 609 id
1144 563 1254 613 tantum
1275 575 1339 614 sua·

287 657 359 728 deri,
380 665 413 714 ut
433 657 598 726 decernant,
621 665 663 726 ut,
685 675 773 732 quum
794 655 946 712 maturitas
968 657 1009 714 rei
1030 659 1143 717 venisse
1163 663 1279 736 praetori
1299 663 1338 720 vi-

288 764 406 833 deatur,
436 762 529 838 possit
549 763 587 820 ad
609 782 673 820 eam
696 760 840 837 agendam
861 761 1012 818 concilium
1035 775 1118 822 extra
1140 767 1269 826 ordinem
1291 771 1341 826 ad·

287 887 402 930 vocare.
444 869 495 926 Ius
524 868 612 944 igitur
646 878 675 926 et
695 877 824 944 potestas
853 867 914 924 eius
936 866 1057 924 actionis
1078 869 1164 928 datur
1189 883 1217 930 et
1237 874 1339 933 linitur.

288 975 393 1050 ltaque
414 973 539 1032 dubitari
561 993 627 1032 mea
648 972 790 1032 sententia
813 973 921 1046 nequit,
934 971 1003 1046 quin
1016 973 1046 1030 in
1060 973 1116 1032 illis
1128 978 1237 1036 verbim
1261 989 1341 1036 tem-

287 1097 352 1156 pus
373 1079 426 1136 ita
446 1079 513 1137 iam
536 1098 628 1138 nunc
660 1079 775 1137 statui
805 1096 913 1154 posse
943 1079 1077 1138 mendum
1112 1082 1163 1153 sit,
1192 1085 1272 1158 quod
1297 1105 1339 1141 ar-

288 1183 353 1259 guit
384 1185 470 1242 etiam
492 1185 636 1260 particula
657 1185 717 1252 ita,
739 1193 771 1240 ut
791 1201 867 1242 nuuc
888 1183 1031 1250 scribitur,
1053 1195 1081 1242 et
1102 1207 1155 1262 per
1176 1207 1208 1246 se
1229 1189 1339 1248 incom-
1385 1179 1386 1190 ¹

287 1291 376 1348 moda
397 1291 465 1360 (ita
491 1335 520 1351 ..
550 1292 682 1350 statui:
710 1335 739 1348 ..
769 1289 1025 1368 decernerent)
1046 1303 1075 1349 et
1095 1313 1188 1368 pravo
1209 1295 1342 1372 locopo-

286 1395 356 1465 sitm
392 1396 478 1454 scribi
509 1396 584 1453 enim
607 1397 773 1472 oportebat:
804 1405 944 1471 tempus
976 1397 1046 1454 iam
1078 1419 1170 1458 nunc
1201 1401 1256 1460 ita
1288 1415 1339 1460 cet.

286 1502 327 1560 Ni
349 1500 454 1572 fallor,
477 1501 577 1560 Livius
601 1503 630 1559 iu
654 1503 731 1560 hunc
751 1502 868 1558 modum
891 1502 1017 1578 scripsit:
1051 1505 1341 1566 Deliberatinnis

287 1609 376 1680 eius,
400 1608 506 1664 cuius
533 1607 615 1683 ipse
642 1607 893 1664 maturitatem
923 1612 1211 1684 exspectandam
1235 1625 1342 1690 puta-

285 1725 360 1784 ret,
391 1711 444 1790 [ut
472 1710 556 1789 non]
594 1721 754 1788 tempus,
786 1713 840 1770 ita
870 1713 938 1770 iam
976 1733 1066 1772 nunc
1101 1719 1219 1776 statui
1257 1717 1338 1796 [ius]

286 1837 406 1896 posse.

368 1922 440 1999 Cap.
463 1927 512 1993 tt,
532 1925 560 1979 t.
603 1923 732 1980 Parvum
754 1933 806 1992 est,
843 1923 1039 1984 adnotandum
1062 1935 1179 1994 tameu.
1212 1931 1290 1988 Livii
1315 1943 1340 1987 ct

286 2030 415 2089 omniurn
436 2027 670 2086 consuetudinem
692 2029 849 2103 postulare,
872 2039 903 2086 ut
924 2030 971 2088 hic
992 2032 1148 2090 scribatur:
1170 2035 1340 2094 Servitia

286 2137 367 2194 inde
388 2153 466 2192 cum
487 2143 611 2192 cetere
631 2133 753 2208 praeda
774 2134 946 2206 abduxit3
967 2135 1087 2196 libera
1108 2141 1234 2214 capita
1262 2143 1342 2200 sine

289 2242 414 2319 pretio
440 2241 582 2298 dimisit
604 2240 645 2315 (in
668 2240 857 2316 significanda
871 2241 1016 2299 contraria
1031 2246 1231 2318 tractatione);
1254 2249 1340 2322 vulgo

286 2349 401 2407 additur
422 2357 544 2424 etpost
565 2346 736 2414 abduxit,
768 2356 863 2404 ortum
891 2366 928 2404 ex
950 2347 1062 2405 duabus
1083 2351 1238 2424 postremis
1263 2353 1339 2410 verbi

285 2449 430 2522 litteris.¹)
495 2453 589 2511 Paulo
611 2451 714 2522 maius,
751 2452 829 2526 quod
865 2454 965 2511 ecdem
999 2454 1092 2530 capite
1115 2460 1129 2526 §
1153 2457 1191 2525 9,
1218 2458 1269 2514 ubi
1303 2457 1341 2512 sic

284 2563 430 2621 scribitur:
451 2558 817 2633 Damoclespraetor‚
857 2559 916 2633 qui
952 2579 1055 2618 moras
1079 2563 1123 2618 ad
1143 2561 1341 2620 decernen-

284 2670 362 2726 dum
374 2667 510 2725 bellum
525 2665 569 2722 ad
580 2664 809 2739 Naupactum
821 2663 1092 2736 auctorfuerat,
1106 2667 1191 2724 valde
1200 2669 1340 2743 suspicor.

284 2775 436 2832 delendum
458 2769 703 2830 essevocsbulum
727 2777 863 2838 auctor,
876 2769 953 2826 mala
970 2770 1175 2846 interpretandi
1189 2773 1340 2832 sedulitate

284 2881 413 2938 additum
436 2878 507 2951 (vid.
532 2877 569 2933 ad
591 2875 745 2944 XXXIV,
771 2874 829 2944 23,
852 2873 893 2950 l).
939 2876 1018 2934 Nam
1051 2893 1156 2936 mores
1188 2897 1269 2936 esso
1300 2881 1339 2936 ad

285 2983 431 3059 aliquid
453 2993 531 3040 recte
553 2991 581 3040 et
603 2983 708 3039 usitato
729 2979 847 3050 dicitur,
869 2989 902 3036 ut
922 2981 966 3064 ad
986 3000 1050 3040 oum
1072 2983 1162 3040 verbo
1184 2984 1339 3059 coniunge·

284 3099 345 3160 tur3
368 3098 497 3146 auctor
519 3105 625 3145 morse
649 3087 692 3143 ed
714 3085 861 3159 aliquid
883 3085 1112 3156 laciendum,
1147 3099 1179 3145 nt
1207 3091 1250 3146 ad
1273 3110 1340 3148 con·

287 3193 422 3268 iungatur
443 3211 507 3250 cum
531 3191 658 3267 genitivo
680 3209 795 3260 morse,
817 3207 874 3248 uon
896 3201 974 3250 recte
995 3192 1106 3250 dicitur.

366 3296 439 3374 Cap.
462 3299 518 3366 ⁴3,
544 3303 574 3354 7:
590 3297 672 3355 llaec
695 3315 737 3353 ca
758 3306 885 3354 testate
907 3299 1340 3377 abR0manisPhilippo·

284 3423 351 3480 que
374 3413 478 3480 gesto
499 3413 611 3460 erant.
654 3405 784 3460 Pravum
813 3420 875 3460 esse
896 3403 925 3460 in
947 3405 1143 3462 concludenda
1163 3424 1258 3462 rerum
1283 3407 1339 3464 ali-

283 3511 363 3568 cuius
396 3509 462 3567 anni
500 3510 666 3567 narratione
697 3507 1011 3584 plusquamperfectum
1044 3523 1156 3585 tempus
1184 3513 1338 3568 constanti·

283 3635 339 3692 que
360 3617 435 3674 Livii
458 3633 512 3673 usu
534 3613 675 3689 postulari
696 3623 802 3687 gesto
824 3614 946 3684 (omissa
966 3615 1091 3687 erant),
1114 3615 1251 3674 Dukoros
1268 3616 1338 3674 vidit

300 3947 324 4012 ¹)
353 3949 449 4000 contre
476 3963 498 4001 o.
519 3955 563 4007 tt,
594 3955 735 4013 teopost
763 3949 959 4008 reddendum
989 3961 1022 3998 ut
1042 3951 1192 4012 Philippi
1223 3959 1337 3998 statuas

353 4053 384 4089 et
402 4043 567 4103 imagines
586 4055 703 4090 omnes.
