2826 4650
741 267 758 323 8

222 448 390 522 cuiquam
413 465 441 503 v.
464 445 549 520 quid
571 463 691 503 eorum
712 445 876 518 cuiquam
905 441 950 524 (in
971 441 1178 505 recentioribus
1203 449 1290 506 codi-

221 554 303 612 cibus
324 551 415 610 multa
436 561 547 610 tentata
568 559 660 624 sunt);
698 571 722 608 c.
745 553 794 620 56,
817 553 833 607 5
857 548 952 606 ferre
972 569 1030 621 ne,
1052 553 1121 612 Par.
1141 554 1285 612 ferrent

221 679 262 716 ne
291 658 412 734 (ferre,
434 657 495 732 ni);
529 677 553 714 c.
578 659 666 728 58‚2
696 675 821 712 verum
852 653 1008 731 (virum);
1041 674 1065 713 c.
1090 661 1144 730 59,
1175 665 1183 716 l
1210 661 1282 718 iam

222 765 303 822 inde
326 765 405 837 (iam
427 763 560 839 iidem);
593 764 651 822 ibd.
675 765 691 820 3
714 762 837 838 placet
861 770 896 818 et
917 781 994 819 cum
1015 763 1043 819 in
1066 765 1130 824 cod.
1154 767 1231 823 Med.
1254 777 1282 823 et

221 870 362 940 Rhenaui,
384 870 460 927 unde
481 871 510 927 in
532 870 664 944 reliquis:
688 869 810 944 placet
832 885 907 924 cum
927 877 960 924 ot
982 865 1121 946 (placet
1143 877 1245 940 cum).

304 977 339 1033 In
372 975 537 1050 promiscua
565 977 620 1033 hac
649 973 817 1032 mendorum
845 972 992 1048 farragine
1022 975 1120 1033 insunt
1148 979 1283 1054 exempla

221 1090 364 1138 certorum
394 1082 575 1156 quorundam
605 1081 719 1138 errandi
750 1099 887 1156 generum
919 1081 977 1137 late
1013 1091 1042 1138 et
1071 1102 1124 1158 per
1153 1085 1280 1141 omnium

223 1187 396 1263 scriptorum
417 1188 589 1246 Latinorum
605 1188 717 1246 codices
741 1197 770 1243 et
783 1205 836 1261 per
852 1186 926 1242 Livii
941 1186 1031 1244 libros
1045 1200 1286 1263 pervagatorum,

221 1313 259 1351 ex
281 1294 385 1368 quibus
407 1312 464 1350 non
485 1293 527 1350 ita
548 1311 642 1368 pauca
663 1293 750 1350 etiam
770 1310 845 1349 nunc
874 1293 979 1349 menda
1000 1296 1029 1350 in
1053 1293 1128 1350 Livii
1150 1295 1281 1352 oratione

221 1402 343 1470 haereut,
365 1399 503 1457 nonnulla
526 1418 634 1475 nuper,
657 1417 744 1474 quum
769 1398 838 1456 olim
860 1397 981 1473 expulsa
1002 1408 1111 1470 essent,
1133 1411 1280 1458 revocata.

222 1507 268 1563 Ac
297 1506 406 1581 primus
439 1525 520 1563 error
548 1505 668 1580 pusillus
698 1513 742 1562 est
763 1505 897 1578 valetque
919 1503 1088 1579 plerumque
1108 1515 1219 1564 tautum
1243 1509 1280 1568 ad

220 1610 438 1684 grammaticam
462 1610 601 1668 orationis
624 1611 749 1668 formam
771 1610 1010 1686 cormmpendam
1042 1611 1109 1684 (etsi
1136 1613 1278 1670 interdum

222 1715 307 1772 latius
328 1727 509 1792 propagatur
528 1713 731 1792 perturbatio),
755 1715 866 1791 positus
888 1716 916 1772 in
938 1716 1033 1773 littera
1054 1735 1081 1778 nr
1102 1716 1131 1772 in
1153 1718 1208 1774 fine
1227 1736 1284 1774 vo·

222 1840 286 1878 cum
308 1821 441 1879 addenda
461 1823 690 1892 detrahendave,
721 1821 751 1878 in
773 1839 830 1896 quo
853 1840 959 1897 magna
983 1832 1026 1878 est
1047 1821 1133 1878 etiem
1155 1823 1183 1879 in
1206 1823 1283 1880 auti·

222 1926 366 2000 quissimia
390 1929 553 2002 codicibus,
576 1929 702 1986 maxime
723 1928 752 1984 in
774 1929 829 1984 fine
850 1945 995 1996 versuum,
1017 1926 1127 2002 fuitque
1150 1929 1178 1984 in
1200 1929 1285 1985 codi-

145 2059 149 2068 ·
222 2051 286 2089 cum
311 2032 498 2092 Livianorum
522 2037 679 2112 archetypo
701 2034 825 2091 licentia.
882 2034 957 2090 Eam
979 2033 1133 2102 licentiam,
1155 2051 1173 2089 a
1195 2051 1282 2108 supe·

221 2137 344 2194 rioribus
376 2139 533 2198 editoribus
563 2160 621 2198 non
658 2141 764 2214 ubique
799 2139 987 2215 castigatam,
1034 2158 1126 2214 nuper
1162 2139 1280 2214 quidam

222 2244 317 2300 nescio
347 2263 405 2318 qua
432 2247 634 2321 superstitione
663 2257 691 2304 et
718 2246 915 2321 ignoratione,
948 2244 1016 2318 quid
1039 2244 1068 2300 iu
1099 2245 1153 2301 hoc
1175 2263 1280 2318 genere

221 2351 357 2407 promenti
378 2351 492 2408 cedices
514 2351 656 2422 facerent,
687 2371 764 2426 saepe
785 2351 927 2409 serviliter
947 2351 1037 2406 secuti
1060 2360 1140 2418 sunt,
1162 2350 1287 2424 exregi·-

220 2455 288 2512 tatis
315 2456 400 2514 etiam
432 2457 511 2514 miris
539 2458 692 2516 enarrandi
724 2468 753 2514 et
778 2455 935 2516 excusandi
965 2455 1106 2524 artificiis;
1136 2455 1277 2512 interdum

222 2561 366 2635 pravitate
395 2563 523 2620 deterriti
548 2565 644 2622 subito
674 2583 693 2621 a
710 2563 885 2622 constantia
914 2561 1056 2618 deficiunt.
1125 2560 1219 2634 eram
1250 2561 1278 2618 in

221 2667 389 2740 quotidiano
400 2669 598 2727 Romanorum
621 2689 753 2730 sermone
776 2670 873 2743 aliquo
895 2677 1025 2742 tempore
1045 2667 1074 2723 in
1096 2687 1155 2724 una
1173 2667 1280 2724 altera-

222 2790 277 2844 que
316 2771 460 2830 locutione
497 2793 534 2832 ex
570 2775 774 2851 pronuntiandi
807 2773 982 2848 negligentia
1013 2773 1100 2829 etiam
1136 2773 1279 2830 scribendi

221 2876 361 2934 interdum
392 2879 536 2938 licentiam
566 2880 654 2938 fuisse
682 2880 768 2940 Gellii
799 2880 841 2956 (l,
865 2883 895 2952 7)
932 2879 1111 2953 aliorumque
1132 2897 1283 2954 gramma·

221 2982 343 3040 ticorum
369 2985 564 3043 testimonium
596 2987 870 3063 inscriptionumque
898 2987 1055 3043 arroteritae
1083 2984 1221 3050 ostendit,
1247 2997 1282 3040 ut

222 3088 255 3144 in
277 3098 501 3164 potestatem
524 3111 604 3150 esse
625 3113 678 3168 pro
700 3093 734 3150 in
756 3099 943 3168 potestate
976 3101 1004 3148 et
1025 3092 1130 3149 similia
1152 3091 1205 3148 sub
1228 3109 1279 3147 ca-

221 3193 327 3250 lamum
353 3196 500 3269 venirent,
532 3217 596 3256 eam
625 3199 750 3256 breviter
776 3197 805 3254 iu
834 3197 1025 3272 grammatica
1047 3197 1152 3254 Iletina
1180 3201 1194 3266 §
1217 3199 1277 3253 230

222 3309 279 3358 not
303 3301 320 3356 2
343 3304 568 3360 commemoravi
591 3304 803 3378 admonuique,
826 3321 884 3377 quo
908 3313 1077 3378 argumento
1097 3302 1280 3359 conciderent

221 3406 319 3463 omnia
337 3407 387 3463 illa
409 3407 548 3478 artificia,
582 3410 685 3484 quibus
712 3419 740 3466 et
772 3409 801 3466 in
829 3410 873 3466 bis
902 3409 1041 3484 exemplis
1063 3407 1281 3484 significationis

221 3509 387 3569 discrimina
408 3514 647 3572 constituerentur
674 3523 702 3571 et
727 3515 763 3572 ad
791 3515 849 3572 alia
870 3535 905 3573 ea
927 3514 1159 3572 transferrentur.
1201 3514 1279 3570 Nam

222 3617 257 3673 in
277 3617 397 3673 urbem
425 3627 454 3674 et
479 3620 514 3676 in
536 3622 626 3678 urbe
647 3629 811 3696 permutata
836 3631 918 3678 acute
941 3621 1073 3695 quidam,
1106 3628 1138 3676 ut
1158 3619 1212 3677 sibi
1234 3619 1282 3675 vi-

221 3722 337 3792 dentur,
360 3722 529 3796 expediunt,
552 3725 648 3786 Gellio
670 3726 785 3784 homine
807 3725 923 3782 minime
944 3735 1029 3783 acuto
1051 3736 1214 3801 praecunte,
1245 3724 1279 3780 iu

220 3827 327 3883 urbes
359 3837 387 3883 st
415 3826 452 3886 iu
473 3831 622 3889 urbibus
644 3841 807 3907 permutata
828 3850 885 3887 non
907 3832 1077 3904 ostendunt,
1109 3851 1146 3888 ne
1167 3831 1200 3888 in
1222 3849 1281 3906 op·

220 3932 342 4008 pidum
365 3933 480 4008 quidem
503 3943 531 3991 et
552 3935 586 3992 in
609 3937 742 4014 oppido
763 3937 818 3994 nisi
839 3957 916 3996 raro.
964 3938 1050 3994 lianc
1072 3936 1158 4012 igitur
1179 3937 1280 4012 pravi·

218 4048 307 4096 tatem
328 4039 389 4096 sive
422 4040 451 4096 in
482 4041 616 4098 addenda
642 4043 704 4099 sive
730 4043 759 4098 in
781 4041 959 4100 detrahenda
979 4051 1049 4098 nota
1072 4041 1148 4115 (qum
1169 4040 1199 4097 iu
1221 4041 1282 4112 Ill,
