2810 4644
240 253 405 307 unm
742 256 802 314 344

332 437 405 516 Cep.
423 441 471 504 36.
497 441 512 494 7
537 438 588 510 (de
612 439 723 514 proelio
738 437 911 497 Hannibalis
932 449 962 496 et
981 440 1018 500 P.
1038 439 1204 516 Sempronii
1224 459 1297 499 eon-

242 546 312 604 sulis
343 547 379 607 P.
411 544 573 619 Liciniique
606 545 813 620 proconsulis):
852 545 927 602 Nee
959 561 1060 602 more
1095 545 1296 605 dimicsudi

242 652 342 710 fecto
365 669 470 727 quum
492 651 634 708 consuli
665 660 700 708 et
727 650 922 726 dupliestse
952 651 1064 721 vires,
1095 652 1215 711 Poeno
1241 672 1297 710 re·

242 777 325 817 cens
345 755 505 816 victoris
525 757 644 814 snimo
665 765 774 816 esset.
816 755 947 814 Animo
968 775 1047 814 esse
1068 757 1180 816 elicui
1203 759 1250 829 id,
1279 779 1298 816 e

243 883 301 940 qno
322 863 458 922 fiduciam
479 863 524 920 sui
545 869 574 920 ei
594 862 708 920 enimes
728 870 853 937 cuperet,
873 881 958 920 nemo
980 863 1067 932 dixin
1088 873 1189 922 contre
1201 873 1232 922 ei
1245 865 1297 922 eiii

242 980 272 1028 es
292 969 393 1028 Livius
426 969 488 1044 ipss
519 968 677 1044 sepissime
713 967 784 1041 (vid.
805 967 844 1024 sd
864 969 988 1039 XXXI,
1022 971 1068 1038 18,
1096 969 1128 1040 4)
1156 969 1297 1026 enimus

243 1074 377 1132 iecere.
409 1073 598 1133 Scribonium
609 1075 708 1148 iteque
722 1072 860 1130 suimus
881 1073 1035 1132 fecisset
1056 1080 1137 1144 (nou.
1157 1082 1191 1130 ut
1209 1074 1297 1149 pn'mi

243 1180 367 1238 editores
387 1190 554 1256 posuerant,
575 1179 738 1246 feceret).
783 1177 847 1235 Nisi
868 1189 902 1235 et
931 1179 1011 1256 (post
1034 1179 1187 1250 consuli)
1217 1181 1299 1238 mels

242 1305 330 1344 manu
353 1285 482 1344 additum
503 1295 556 1354 est,
580 1284 667 1344 scribi
689 1285 788 1342 debet:
821 1303 924 1358 quum
955 1295 989 1342 et
1015 1285 1158 1344 consuli
1180 1285 1298 1362 dupli-

243 1401 329 1448 cstae
349 1391 446 1448 vires
468 1401 502 1449 et
525 1393 649 1451 Poeno
670 1406 797 1446 recens
821 1389 981 1448 victorie
1000 1410 1028 1448 s.
1051 1389 1072 1448 i.

325 1495 399 1574 Cep.
422 1499 471 1566 37,
496 1497 513 1553 2
536 1495 718 1554 scribendum
738 1495 865 1552 videtur:
887 1493 941 1569 (M.
953 1495 1053 1552 iivins
1069 1493 1144 1554 etC.
1156 1495 1298 1555 Claudius

242 1607 393 1674 censores)
416 1603 508 1660 viem
531 1621 547 1658 e
568 1601 648 1658 foro
670 1601 806 1659 Bourio
830 1600 1047 1658 adveneris
1078 1601 1174 1674 (codd.
1196 1611 1225 1660 et
1245 1603 1297 1664 W.

243 1719 276 1766 et
297 1709 340 1766 sd
361 1707 530 1772 Veneris)
552 1707 654 1765 circe
676 1707 922 1776 (editoresetism
935 1707 1040 1778 W.‚et
1060 1707 1171 1778 circa)
1194 1707 1297 1765 foros

242 1813 411 1890 publicos
435 1825 469 1874 et
488 1812 592 1870 edem
616 1813 747 1870 Matris
770 1813 911 1888 Megnae
931 1813 966 1870 in
987 1813 1140 1871 Palatio
1161 1813 1296 1872 incien-

243 1919 320 1976 denr
341 1917 518 1976 locarunt.
569 1917 649 1976 Inter
668 1918 699 1976 id
719 1937 840 1988 nomen,
861 1937 919 1992 quo
941 1919 1052 1976 initium
1073 1919 1128 1977 vioe
1148 1920 1298 1995 significe-

242 2033 298 2092 tur‚
320 2033 349 2081 et
368 2023 408 2094 id.
429 2043 487 2099 quo
514 2025 593 2092 iiuis,
622 2044 680 2082 uon
708 2033 805 2102 potest
833 2025 939 2101 copule
966 2025 1120 2101 interponi.
1172 2027 1297 2084 Videtur

242 2128 397 2204 significari
418 2129 467 2186 vie
490 2131 569 2188 flexu
589 2129 669 2188 foros
690 2131 821 2206 publicos
842 2131 982 2202 ambiens,
1011 2131 1147 2206 quonism
1177 2141 1206 2186 ct
1235 2131 1296 2187 Ve-

242 2233 317 2292 neris
338 2233 414 2291 sedes
431 2254 523 2312 prope
544 2237 651 2295 circum
672 2235 727 2294 fuit
749 2235 809 2310 (X,
832 2238 881 2307 31,
904 2238 934 2310 9)
965 2245 995 2294 et
1014 2236 1094 2294 foros
1112 2235 1244 2312 publicos
1265 2237 1296 2294 in

242 2339 320 2400 Circi
342 2340 432 2398 lutere
452 2341 549 2416 aliquo
572 2352 600 2400 et
624 2342 735 2420 prime,
765 2351 798 2400 ut
817 2341 940 2412 videtur,
961 2340 1056 2399 fronto
1077 2341 1174 2410 fuisse,
1202 2361 1297 2418 eppe-

241 2457 286 2504 ret
307 2467 323 2504 e
345 2446 421 2504 Livii
441 2447 515 2505 libro
537 2449 636 2516 XLV,
661 2452 686 2517 1,
711 2451 726 2504 7
754 2447 869 2524 (quum
899 2466 961 2524 per
994 2445 1136 2505 Circum
1167 2449 1296 2504 consul

241 2553 477 2611 reveheretur
498 2553 541 2610 ed
562 2551 663 2610 foros
684 2553 872 2630 publicos),
894 2553 941 2609 cui
954 2552 1117 2610 testimonio
1130 2553 1297 2629 adiungitur

242 2637 341 2728 1‚'56,
364 2661 380 2716 2
405 2667 433 2716 et
454 2659 564 2717 Paulus
588 2659 747 2728 Disconus.
769 2657 870 2716 ieros
902 2657 1093 2734 interpretans
1115 2659 1298 2716 circensia

243 2763 461 2840 spectaculo.
507 2763 601 2822 Paulo
623 2767 735 2841 post(§
757 2767 789 2838 4)
810 2765 840 2821 in
860 2763 919 2820 his:
951 2763 986 2820 id
1016 2763 1176 2840 vectigal
1204 2783 1297 2822 eorn-

243 2879 394 2926 mentum
431 2869 585 2927 alterurn
629 2890 644 2928 e
686 2870 902 2928 censoribus
943 2869 1034 2926 satis
1080 2869 1297 2933 credebsnt.

245 3073 440 3082 ..υ-η*

313 3214 399 3262 iuncte
418 3229 475 3264 cum
495 3223 567 3263 terrae
586 3217 713 3280 marisque
730 3215 833 3265 nornine
846 3217 871 3264 in
886 3215 1012 3279 precibus,
1031 3215 1123 3278 quibus
1133 3213 1173 3262 dei
1192 3214 1298 3262 meris

313 3315 485 3370 terresque
503 3307 653 3356 colentes
672 3309 698 3373 (5
719 3309 744 3370 1)
768 3323 815 3374 pro
837 3307 947 3372 pedestri
971 3307 1107 3370 neseliqus
1125 3305 1238 3356 exercitu
1257 3306 1297 3353 in·

313 3407 443 3458 vocentur.
462 3399 558 3450 nullum
577 3402 767 3450 exeusationem
780 3400 865 3450 hebet.
911 3399 1011 3458 Utrum,
1030 3414 1106 3464 quum
1125 3398 1296 3464 suspicionem

313 3491 537 3543 Weissenboruius
555 3501 584 3542 nt
603 3493 677 3543 nimis
696 3493 819 3542 audacem
834 3492 935 3558 sprevit,
954 3491 1170 3556 omnibusque
1185 3505 1219 3540 ex
1233 3505 1296 3540 om-

313 3584 472 3646 nibusque
488 3593 571 3632 ortum
582 3585 615 3634 sit
628 3585 653 3634 iu
671 3585 738 3634 huuc
757 3585 842 3634 iocum
854 3585 920 3634 mele
929 3599 961 3632 ex
969 3585 1098 3648 superiore
1111 3583 1204 3642 deleto,
1217 3597 1296 3648 quum

314 3674 442 3726 sicLivius
455 3677 611 3742 scripsissetz
630 3677 932 3740 sociisuomiuique
945 3676 1297 3738 Latinoornuibusque‚

314 3769 367 3832 qui
388 3768 501 3834 populi
517 3769 542 3818 B
560 3807 567 3822 .
587 3809 594 3822 .
614 3805 620 3818 .
640 3771 812 3835 imperium
836 3769 1084 3833 auspiciumque
1110 3775 1198 3817 terre
1216 3770 1295 3817 msri

315 3869 474 3918 secuntur,
493 3874 525 3908 sn
544 3875 577 3910 ex
591 3862 669 3926 poulo
687 3863 805 3913 inferiore
823 3863 886 3921 ,loco
905 3861 1056 3912 omuibus
1074 3860 1125 3910 hnc
1144 3859 1296 3910 translatum

314 3959 340 4000 et
356 3952 382 4000 iu
401 3952 550 4002 amnibus
569 3955 745 4005 mentumit
762 3955 869 4018 (terre
886 3955 1031 4017 merique
1049 3959 1215 4010 secuntur,
1234 3966 1297 4002 our-

314 4043 406 4092 nibns
425 4044 734 4109 benevenerunt),
752 4047 778 4096 in
796 4047 892 4096 iuuene
904 4045 1096 4109 relinquendum
1115 4053 1162 4094 est.
