<?xml version="1.0" encoding="UTF-8"?>
<!DOCTYPE html PUBLIC "-//W3C//DTD XHTML 1.0 Transitional//EN"
    "http://www.w3.org/TR/xhtml1/DTD/xhtml1-transitional.dtd">
<html xmlns="http://www.w3.org/1999/xhtml" xml:lang="en" lang="en">
 <head>
  <title>
</title>
<meta http-equiv="Content-Type" content="text/html;charset=utf-8" />
  <meta name='ocr-system' content='tesseract 3.04.00' />
  <meta name='ocr-capabilities' content='ocr_page ocr_carea ocr_par ocr_line ocrx_word'/>
</head>
<body>
  <div class='ocr_page' id='page_1' title='image "./emendationesliv02madvgoog_0267.png"; bbox 0 0 2800 4646; ppageno 0'>
   <div class='ocr_carea' id='block_1_1' title="bbox 290 239 901 337">
    <p class='ocr_par' dir='ltr' id='par_1_1' title="bbox 290 239 901 337">
     <span class='ocr_line' id='line_1_1' title="bbox 290 239 901 337; baseline 0.005 -11"><span class='ocrx_word' id='word_1_1' title='bbox 290 278 347 328; x_wconf 83' lang='lat' dir='ltr'><strong>Lib.</strong></span> <span class='ocrx_word' id='word_1_2' title='bbox 356 279 457 330; x_wconf 81' lang='lat' dir='ltr'><strong>xxm.</strong></span> <span class='ocrx_word' id='word_1_3' title='bbox 759 281 818 337; x_wconf 85' lang='lat'><strong>258</strong></span> <span class='ocrx_word' id='word_1_4' title='bbox 899 239 901 244; x_wconf 12' lang='grc' dir='ltr'>ἲ</span> 
     </span>
    </p>
   </div>
   <div class='ocr_carea' id='block_1_2' title="bbox 254 461 1329 4109">
    <p class='ocr_par' dir='ltr' id='par_1_2' title="bbox 255 461 1320 1168">
     <span class='ocr_line' id='line_1_2' title="bbox 255 461 1316 541; baseline 0.004 -23"><span class='ocrx_word' id='word_1_5' title='bbox 255 461 396 519; x_wconf 81' lang='lat' dir='ltr'><strong>infinitivo</strong></span> <span class='ocrx_word' id='word_1_6' title='bbox 417 463 555 521; x_wconf 88' lang='lat' dir='ltr'><strong>historico</strong></span> <span class='ocrx_word' id='word_1_7' title='bbox 578 463 615 520; x_wconf 87' lang='lat' dir='ltr'><strong>sd</strong></span> <span class='ocrx_word' id='word_1_8' title='bbox 637 463 796 540; x_wconf 85' lang='lat' dir='ltr'><strong>perlectum</strong></span> <span class='ocrx_word' id='word_1_9' title='bbox 819 463 958 520; x_wconf 76' lang='lat' dir='ltr'><strong>transitur</strong></span> <span class='ocrx_word' id='word_1_10' title='bbox 979 463 1111 537; x_wconf 88' lang='lat' dir='ltr'><strong>(actum</strong></span> <span class='ocrx_word' id='word_1_11' title='bbox 1136 464 1216 541; x_wconf 87' lang='lat' dir='ltr'><strong>est),</strong></span> <span class='ocrx_word' id='word_1_12' title='bbox 1241 483 1316 540; x_wconf 91' lang='lat' dir='ltr'><strong>quo-</strong></span> 
     </span>
     <span class='ocr_line' id='line_1_3' title="bbox 255 567 1318 645; baseline 0.003 -22"><span class='ocrx_word' id='word_1_13' title='bbox 255 567 334 624; x_wconf 85' lang='lat' dir='ltr'><strong>niam</strong></span> <span class='ocrx_word' id='word_1_14' title='bbox 380 587 438 624; x_wconf 92' lang='lat' dir='ltr'><strong>non</strong></span> <span class='ocrx_word' id='word_1_15' title='bbox 484 569 671 645; x_wconf 79' lang='lat' dir='ltr'><strong>descriptioni</strong></span> <span class='ocrx_word' id='word_1_16' title='bbox 713 568 855 625; x_wconf 75' lang='lat' dir='ltr'><strong>univorsa</strong></span> <span class='ocrx_word' id='word_1_17' title='bbox 900 585 995 624; x_wconf 77' lang='lat' dir='ltr'><strong>renum</strong></span> <span class='ocrx_word' id='word_1_18' title='bbox 1039 568 1216 625; x_wconf 88' lang='lat' dir='ltr'><strong>condicionis</strong></span> <span class='ocrx_word' id='word_1_19' title='bbox 1258 588 1318 626; x_wconf 87' lang='lat' dir='ltr'><strong>nna</strong></span> 
     </span>
     <span class='ocr_line' id='line_1_4' title="bbox 256 669 1318 748; baseline 0.004 -22"><span class='ocrx_word' id='word_1_20' title='bbox 256 669 355 745; x_wconf 87' lang='lat' dir='ltr'><strong>aliqua</strong></span> <span class='ocrx_word' id='word_1_21' title='bbox 375 689 422 727; x_wconf 88' lang='lat' dir='ltr'><strong>res</strong></span> <span class='ocrx_word' id='word_1_22' title='bbox 444 673 533 730; x_wconf 89' lang='lat' dir='ltr'><strong>semel</strong></span> <span class='ocrx_word' id='word_1_23' title='bbox 557 683 625 731; x_wconf 85' lang='lat' dir='ltr'><strong>acta</strong></span> <span class='ocrx_word' id='word_1_24' title='bbox 648 673 852 748; x_wconf 82' lang='lat' dir='ltr'><strong>subiungitur,</strong></span> <span class='ocrx_word' id='word_1_25' title='bbox 879 671 929 728; x_wconf 89' lang='lat' dir='ltr'><strong>sed</strong></span> <span class='ocrx_word' id='word_1_26' title='bbox 959 673 1024 747; x_wconf 88' lang='lat' dir='ltr'><strong>ipsa</strong></span> <span class='ocrx_word' id='word_1_27' title='bbox 1046 672 1202 748; x_wconf 75' lang='lat' dir='ltr'><strong>descriptio</strong></span> <span class='ocrx_word' id='word_1_28' title='bbox 1225 673 1318 730; x_wconf 89' lang='lat' dir='ltr'><strong>eonti-</strong></span> 
     </span>
     <span class='ocr_line' id='line_1_5' title="bbox 256 775 1319 852; baseline 0.004 -20"><span class='ocrx_word' id='word_1_29' title='bbox 256 785 361 832; x_wconf 85' lang='lat' dir='ltr'><strong>uuatnr</strong></span> <span class='ocrx_word' id='word_1_30' title='bbox 393 775 623 852; x_wconf 79' lang='lat' dir='ltr'><strong>transferturque</strong></span> <span class='ocrx_word' id='word_1_31' title='bbox 655 795 674 834; x_wconf 88' lang='lat' dir='ltr'><strong>a</strong></span> <span class='ocrx_word' id='word_1_32' title='bbox 705 777 822 852; x_wconf 82' lang='lat' dir='ltr'><strong>privata</strong></span> <span class='ocrx_word' id='word_1_33' title='bbox 852 777 913 833; x_wconf 86' lang='lat' dir='ltr'><strong>vita</strong></span> <span class='ocrx_word' id='word_1_34' title='bbox 942 789 970 834; x_wconf 90' lang='lat' dir='ltr'><strong>et</strong></span> <span class='ocrx_word' id='word_1_35' title='bbox 997 778 1111 835; x_wconf 85' lang='lat' dir='ltr'><strong>iudiciis</strong></span> <span class='ocrx_word' id='word_1_36' title='bbox 1140 779 1178 834; x_wconf 84' lang='lat' dir='ltr'><strong>ed</strong></span> <span class='ocrx_word' id='word_1_37' title='bbox 1200 789 1319 836; x_wconf 78' lang='lat' dir='ltr'><strong>senatus</strong></span> 
     </span>
     <span class='ocr_line' id='line_1_6' title="bbox 256 881 1319 956; baseline 0.005 -20"><span class='ocrx_word' id='word_1_38' title='bbox 256 881 392 940; x_wconf 80' lang='lat' dir='ltr'><strong>actiones.</strong></span> <span class='ocrx_word' id='word_1_39' title='bbox 447 881 481 938; x_wconf 93' lang='lat' dir='ltr'><strong>In</strong></span> <span class='ocrx_word' id='word_1_40' title='bbox 501 881 553 940; x_wconf 83' lang='lat' dir='ltr'><strong>PC</strong></span> <span class='ocrx_word' id='word_1_41' title='bbox 575 883 642 956; x_wconf 86' lang='lat' dir='ltr'><strong>(nisi</strong></span> <span class='ocrx_word' id='word_1_42' title='bbox 665 883 744 956; x_wconf 94' lang='lat' dir='ltr'><strong>quod</strong></span> <span class='ocrx_word' id='word_1_43' title='bbox 767 883 797 938; x_wconf 92' lang='lat' dir='ltr'><strong>in</strong></span> <span class='ocrx_word' id='word_1_44' title='bbox 819 881 843 939; x_wconf 88' lang='lat' dir='ltr'>C</span> <span class='ocrx_word' id='word_1_45' title='bbox 865 882 957 938; x_wconf 88' lang='lat' dir='ltr'><strong>altera</strong></span> <span class='ocrx_word' id='word_1_46' title='bbox 978 901 1081 939; x_wconf 89' lang='lat' dir='ltr'><strong>manus</strong></span> <span class='ocrx_word' id='word_1_47' title='bbox 1106 893 1224 941; x_wconf 88' lang='lat' dir='ltr'><strong>actum</strong></span> <span class='ocrx_word' id='word_1_48' title='bbox 1249 885 1319 941; x_wconf 88' lang='lat' dir='ltr'><strong>sub·</strong></span> 
     </span>
     <span class='ocr_line' id='line_1_7' title="bbox 255 985 1320 1065; baseline 0.005 -24"><span class='ocrx_word' id='word_1_49' title='bbox 255 985 358 1058; x_wconf 90' lang='lat' dir='ltr'><strong>stituit)</strong></span> <span class='ocrx_word' id='word_1_50' title='bbox 380 987 528 1043; x_wconf 88' lang='lat' dir='ltr'><strong>scribitur:</strong></span> <span class='ocrx_word' id='word_1_51' title='bbox 551 987 644 1044; x_wconf 90' lang='lat' dir='ltr'><strong>nihil</strong></span> <span class='ocrx_word' id='word_1_52' title='bbox 665 988 700 1044; x_wconf 92' lang='lat' dir='ltr'><strong>in</strong></span> <span class='ocrx_word' id='word_1_53' title='bbox 722 999 853 1043; x_wconf 88' lang='lat' dir='ltr'><strong>senatu</strong></span> <span class='ocrx_word' id='word_1_54' title='bbox 876 987 1070 1057; x_wconf 73' lang='lat' dir='ltr'><strong>actualiter,</strong></span> <span class='ocrx_word' id='word_1_55' title='bbox 1093 989 1149 1046; x_wconf 91' lang='lat' dir='ltr'><strong>hoc</strong></span> <span class='ocrx_word' id='word_1_56' title='bbox 1169 999 1226 1046; x_wconf 88' lang='lat' dir='ltr'><strong>est:</strong></span> <span class='ocrx_word' id='word_1_57' title='bbox 1259 991 1320 1065; x_wconf 88' lang='lat' dir='ltr'><strong>agi</strong></span> 
     </span>
     <span class='ocr_line' id='line_1_8' title="bbox 256 1089 1166 1168; baseline 0.005 -22"><span class='ocrx_word' id='word_1_58' title='bbox 256 1089 376 1151; x_wconf 87' lang='lat' dir='ltr'><strong>aliter.</strong></span> <span class='ocrx_word' id='word_1_59' title='bbox 419 1091 455 1148; x_wconf 93' lang='lat' dir='ltr'><strong>In</strong></span> <span class='ocrx_word' id='word_1_60' title='bbox 480 1091 507 1148; x_wconf 89' lang='lat' dir='ltr'>P</span> <span class='ocrx_word' id='word_1_61' title='bbox 528 1109 605 1166; x_wconf 83' lang='lat' dir='ltr'><strong>saepe</strong></span> <span class='ocrx_word' id='word_1_62' title='bbox 626 1093 690 1168; x_wconf 82' lang='lat' dir='ltr'><strong>giu</strong></span> <span class='ocrx_word' id='word_1_63' title='bbox 713 1110 738 1160; x_wconf 74' lang='lat' dir='ltr'><strong>c,</strong></span> <span class='ocrx_word' id='word_1_64' title='bbox 762 1109 815 1148; x_wconf 88' lang='lat' dir='ltr'><strong>nec</strong></span> <span class='ocrx_word' id='word_1_65' title='bbox 836 1110 904 1148; x_wconf 88' lang='lat' dir='ltr'><strong>raro</strong></span> <span class='ocrx_word' id='word_1_66' title='bbox 929 1092 938 1148; x_wconf 91' lang='lat' dir='ltr'><strong>i</strong></span> <span class='ocrx_word' id='word_1_67' title='bbox 960 1093 989 1148; x_wconf 93' lang='lat' dir='ltr'><strong>in</strong></span> <span class='ocrx_word' id='word_1_68' title='bbox 1011 1102 1023 1148; x_wconf 93' lang='lat' dir='ltr'><strong>t</strong></span> <span class='ocrx_word' id='word_1_69' title='bbox 1044 1093 1166 1151; x_wconf 82' lang='lat' dir='ltr'><strong>transiit</strong></span> 
     </span>
    </p>

    <p class='ocr_par' dir='ltr' id='par_1_3' title="bbox 255 1193 1322 2318">
     <span class='ocr_line' id='line_1_9' title="bbox 340 1193 1320 1275; baseline 0.003 -22"><span class='ocrx_word' id='word_1_70' title='bbox 340 1193 412 1271; x_wconf 89' lang='lat' dir='ltr'><strong>Cap.</strong></span> <span class='ocrx_word' id='word_1_71' title='bbox 436 1200 469 1266; x_wconf 86' lang='lat'><strong>7,</strong></span> <span class='ocrx_word' id='word_1_72' title='bbox 501 1200 512 1252; x_wconf 91' lang='lat' dir='ltr'><strong>l</strong></span> <span class='ocrx_word' id='word_1_73' title='bbox 538 1195 590 1275; x_wconf 88' lang='lat' dir='ltr'><strong>(ds</strong></span> <span class='ocrx_word' id='word_1_74' title='bbox 611 1197 715 1272; x_wconf 84' lang='lat' dir='ltr'><strong>legatis</strong></span> <span class='ocrx_word' id='word_1_75' title='bbox 734 1195 892 1271; x_wconf 87' lang='lat' dir='ltr'><strong>Campanis</strong></span> <span class='ocrx_word' id='word_1_76' title='bbox 915 1196 953 1253; x_wconf 84' lang='lat' dir='ltr'><strong>ad</strong></span> <span class='ocrx_word' id='word_1_77' title='bbox 975 1197 1170 1256; x_wconf 85' lang='lat' dir='ltr'><strong>Hannibalem</strong></span> <span class='ocrx_word' id='word_1_78' title='bbox 1194 1197 1320 1272; x_wconf 87' lang='lat' dir='ltr'><strong>missis):</strong></span> 
     </span>
     <span class='ocr_line' id='line_1_10' title="bbox 256 1301 1320 1374; baseline 0.002 -17"><span class='ocrx_word' id='word_1_79' title='bbox 256 1301 464 1374; x_wconf 86' lang='lat' dir='ltr'><strong>Pacamqus</strong></span> <span class='ocrx_word' id='word_1_80' title='bbox 496 1319 571 1358; x_wconf 92' lang='lat' dir='ltr'><strong>cum</strong></span> <span class='ocrx_word' id='word_1_81' title='bbox 603 1321 643 1358; x_wconf 88' lang='lat' dir='ltr'><strong>eo</strong></span> <span class='ocrx_word' id='word_1_82' title='bbox 675 1301 961 1359; x_wconf 86' lang='lat' dir='ltr'><strong>condicionibus</strong></span> <span class='ocrx_word' id='word_1_83' title='bbox 987 1301 1156 1360; x_wconf 82' lang='lat' dir='ltr'><strong>fecerunt</strong></span> <span class='ocrx_word' id='word_1_84' title='bbox 1185 1311 1252 1360; x_wconf 90' lang='lat' dir='ltr'><strong>cett.</strong></span> <span class='ocrx_word' id='word_1_85' title='bbox 1277 1303 1320 1374; x_wconf 90' lang='lat' dir='ltr'><strong>(in</strong></span> 
     </span>
     <span class='ocr_line' id='line_1_11' title="bbox 257 1404 1320 1478; baseline 0.004 -18"><span class='ocrx_word' id='word_1_86' title='bbox 257 1404 361 1478; x_wconf 92' lang='lat' dir='ltr'><strong>quibus</strong></span> <span class='ocrx_word' id='word_1_87' title='bbox 382 1413 587 1461; x_wconf 87' lang='lat' dir='ltr'><strong>enumerantur</strong></span> <span class='ocrx_word' id='word_1_88' title='bbox 608 1406 816 1475; x_wconf 83' lang='lat' dir='ltr'><strong>condiciones).</strong></span> <span class='ocrx_word' id='word_1_89' title='bbox 862 1405 1067 1464; x_wconf 87' lang='lat' dir='ltr'><strong>Scribendnm:</strong></span> <span class='ocrx_word' id='word_1_90' title='bbox 1089 1407 1320 1464; x_wconf 90' lang='lat' dir='ltr'><strong>condicioni-</strong></span> 
     </span>
     <span class='ocr_line' id='line_1_12' title="bbox 255 1509 1321 1586; baseline 0.002 -20"><span class='ocrx_word' id='word_1_91' title='bbox 255 1511 320 1566; x_wconf 85' lang='lat' dir='ltr'><strong>bus</strong></span> <span class='ocrx_word' id='word_1_92' title='bbox 341 1510 390 1567; x_wconf 91' lang='lat' dir='ltr'><strong>iis</strong></span> <span class='ocrx_word' id='word_1_93' title='bbox 414 1509 594 1568; x_wconf 84' lang='lat' dir='ltr'><strong>fecerunt.</strong></span> <span class='ocrx_word' id='word_1_94' title='bbox 639 1511 815 1581; x_wconf 83' lang='lat' dir='ltr'><strong>Pronomen‚</strong></span> <span class='ocrx_word' id='word_1_95' title='bbox 831 1512 988 1586; x_wconf 88' lang='lat' dir='ltr'><strong>quodpost</strong></span> <span class='ocrx_word' id='word_1_96' title='bbox 1008 1530 1048 1568; x_wconf 89' lang='lat' dir='ltr'><strong>us</strong></span> <span class='ocrx_word' id='word_1_97' title='bbox 1066 1511 1182 1581; x_wconf 65' lang='lat' dir='ltr'><strong>excidit,</strong></span> <span class='ocrx_word' id='word_1_98' title='bbox 1204 1521 1321 1568; x_wconf 81' lang='lat' dir='ltr'><strong>veteres</strong></span> 
     </span>
     <span class='ocr_line' id='line_1_13' title="bbox 257 1615 1321 1693; baseline 0.004 -22"><span class='ocrx_word' id='word_1_99' title='bbox 257 1615 381 1672; x_wconf 84' lang='lat' dir='ltr'><strong>editores</strong></span> <span class='ocrx_word' id='word_1_100' title='bbox 403 1623 480 1671; x_wconf 90' lang='lat' dir='ltr'><strong>recte</strong></span> <span class='ocrx_word' id='word_1_101' title='bbox 503 1615 703 1673; x_wconf 84' lang='lat' dir='ltr'><strong>desiderarunt</strong></span> <span class='ocrx_word' id='word_1_102' title='bbox 725 1617 795 1688; x_wconf 88' lang='lat' dir='ltr'><strong>(his</strong></span> <span class='ocrx_word' id='word_1_103' title='bbox 818 1616 985 1688; x_wconf 80' lang='lat' dir='ltr'><strong>condic).</strong></span> <span class='ocrx_word' id='word_1_104' title='bbox 1039 1615 1141 1674; x_wconf 86' lang='lat' dir='ltr'><strong>Omnis</strong></span> <span class='ocrx_word' id='word_1_105' title='bbox 1163 1635 1223 1693; x_wconf 87' lang='lat' dir='ltr'><strong>pax</strong></span> <span class='ocrx_word' id='word_1_106' title='bbox 1247 1619 1321 1675; x_wconf 84' lang='lat' dir='ltr'><strong>con-</strong></span> 
     </span>
     <span class='ocr_line' id='line_1_14' title="bbox 258 1720 1320 1796; baseline 0.003 -20"><span class='ocrx_word' id='word_1_107' title='bbox 258 1720 418 1777; x_wconf 86' lang='lat' dir='ltr'><strong>dicionibus</strong></span> <span class='ocrx_word' id='word_1_108' title='bbox 441 1721 489 1788; x_wconf 80' lang='lat' dir='ltr'><strong>fit,</strong></span> <span class='ocrx_word' id='word_1_109' title='bbox 523 1721 584 1776; x_wconf 71' lang='lat' dir='ltr'><strong>hec</strong></span> <span class='ocrx_word' id='word_1_110' title='bbox 619 1721 666 1778; x_wconf 88' lang='lat' dir='ltr'><strong>val</strong></span> <span class='ocrx_word' id='word_1_111' title='bbox 696 1721 747 1778; x_wconf 88' lang='lat' dir='ltr'><strong>illa</strong></span> <span class='ocrx_word' id='word_1_112' title='bbox 773 1741 833 1796; x_wconf 83' lang='lat' dir='ltr'><strong>pax</strong></span> <span class='ocrx_word' id='word_1_113' title='bbox 861 1721 906 1778; x_wconf 75' lang='lat' dir='ltr'><strong>luis</strong></span> <span class='ocrx_word' id='word_1_114' title='bbox 936 1720 983 1777; x_wconf 88' lang='lat' dir='ltr'><strong>vel</strong></span> <span class='ocrx_word' id='word_1_115' title='bbox 1004 1721 1060 1778; x_wconf 92' lang='lat' dir='ltr'><strong>illis</strong></span> <span class='ocrx_word' id='word_1_116' title='bbox 1090 1722 1320 1780; x_wconf 88' lang='lat' dir='ltr'><strong>condicionibus.</strong></span> 
     </span>
     <span class='ocr_line' id='line_1_15' title="bbox 257 1823 1321 1902; baseline 0.003 -19"><span class='ocrx_word' id='word_1_117' title='bbox 257 1827 354 1883; x_wconf 88' lang='lat' dir='ltr'><strong>Prsve</strong></span> <span class='ocrx_word' id='word_1_118' title='bbox 376 1825 413 1880; x_wconf 88' lang='lat' dir='ltr'><strong>od</strong></span> <span class='ocrx_word' id='word_1_119' title='bbox 436 1823 647 1883; x_wconf 83' lang='lat' dir='ltr'><strong>defendendam</strong></span> <span class='ocrx_word' id='word_1_120' title='bbox 663 1827 843 1902; x_wconf 88' lang='lat' dir='ltr'><strong>pronominis</strong></span> <span class='ocrx_word' id='word_1_121' title='bbox 857 1825 1041 1884; x_wconf 88' lang='lat' dir='ltr'><strong>omissionem</strong></span> <span class='ocrx_word' id='word_1_122' title='bbox 1054 1826 1195 1885; x_wconf 88' lang='lat' dir='ltr'><strong>eiusmodi</strong></span> <span class='ocrx_word' id='word_1_123' title='bbox 1207 1829 1321 1886; x_wconf 87' lang='lat' dir='ltr'><strong>adscri-</strong></span> 
     </span>
     <span class='ocr_line' id='line_1_16' title="bbox 255 1929 1321 2008; baseline 0.003 -21"><span class='ocrx_word' id='word_1_124' title='bbox 255 1931 361 1987; x_wconf 90' lang='lat' dir='ltr'><strong>buntur</strong></span> <span class='ocrx_word' id='word_1_125' title='bbox 382 1929 448 1997; x_wconf 90' lang='lat' dir='ltr'><strong>loci,</strong></span> <span class='ocrx_word' id='word_1_126' title='bbox 470 1929 616 2004; x_wconf 92' lang='lat' dir='ltr'><strong>inquibus</strong></span> <span class='ocrx_word' id='word_1_127' title='bbox 638 1931 706 1988; x_wconf 86' lang='lat' dir='ltr'><strong>addi</strong></span> <span class='ocrx_word' id='word_1_128' title='bbox 727 1951 785 1989; x_wconf 92' lang='lat' dir='ltr'><strong>non</strong></span> <span class='ocrx_word' id='word_1_129' title='bbox 806 1932 910 2008; x_wconf 83' lang='lat' dir='ltr'><strong>potuit,</strong></span> <span class='ocrx_word' id='word_1_130' title='bbox 932 1930 1010 2005; x_wconf 93' lang='lat' dir='ltr'><strong>quod</strong></span> <span class='ocrx_word' id='word_1_131' title='bbox 1032 1949 1089 1987; x_wconf 94' lang='lat' dir='ltr'><strong>non</strong></span> <span class='ocrx_word' id='word_1_132' title='bbox 1111 1943 1197 1990; x_wconf 82' lang='lat' dir='ltr'><strong>certae</strong></span> <span class='ocrx_word' id='word_1_133' title='bbox 1218 1934 1321 1990; x_wconf 87' lang='lat' dir='ltr'><strong>condi-</strong></span> 
     </span>
     <span class='ocr_line' id='line_1_17' title="bbox 259 2033 1322 2110; baseline 0.004 -19"><span class='ocrx_word' id='word_1_134' title='bbox 259 2034 356 2091; x_wconf 89' lang='lat' dir='ltr'><strong>ciones</strong></span> <span class='ocrx_word' id='word_1_135' title='bbox 378 2033 587 2108; x_wconf 78' lang='lat' dir='ltr'><strong>significantur,</strong></span> <span class='ocrx_word' id='word_1_136' title='bbox 609 2037 661 2092; x_wconf 88' lang='lat' dir='ltr'><strong>sed</strong></span> <span class='ocrx_word' id='word_1_137' title='bbox 683 2035 935 2110; x_wconf 84' lang='lat' dir='ltr'><strong>universealiquid</strong></span> <span class='ocrx_word' id='word_1_138' title='bbox 955 2045 1050 2092; x_wconf 88' lang='lat' dir='ltr'><strong>actum</strong></span> <span class='ocrx_word' id='word_1_139' title='bbox 1075 2043 1151 2104; x_wconf 70' lang='lat' dir='ltr'><strong>(ac.</strong></span> <span class='ocrx_word' id='word_1_140' title='bbox 1173 2038 1242 2094; x_wconf 88' lang='lat' dir='ltr'><strong>urbs</strong></span> <span class='ocrx_word' id='word_1_141' title='bbox 1268 2038 1322 2096; x_wconf 82' lang='lat' dir='ltr'><strong>de·</strong></span> 
     </span>
     <span class='ocr_line' id='line_1_18' title="bbox 259 2138 1322 2216; baseline 0.005 -21"><span class='ocrx_word' id='word_1_142' title='bbox 259 2139 337 2210; x_wconf 83' lang='lat' dir='ltr'><strong>dita)</strong></span> <span class='ocrx_word' id='word_1_143' title='bbox 359 2138 577 2197; x_wconf 89' lang='lat' dir='ltr'><strong>condicionibus</strong></span> <span class='ocrx_word' id='word_1_144' title='bbox 599 2149 723 2216; x_wconf 81' lang='lat' dir='ltr'><strong>paetova</strong></span> <span class='ocrx_word' id='word_1_145' title='bbox 746 2139 858 2209; x_wconf 75' lang='lat' dir='ltr'><strong>dicitur,</strong></span> <span class='ocrx_word' id='word_1_146' title='bbox 879 2140 1149 2198; x_wconf 84' lang='lat' dir='ltr'><strong>nouviconiecturn</strong></span> <span class='ocrx_word' id='word_1_147' title='bbox 1163 2143 1322 2200; x_wconf 71' lang='lat' dir='ltr'><strong>victoriane</strong></span> 
     </span>
     <span class='ocr_line' id='line_1_19' title="bbox 255 2243 583 2318; baseline 0.009 -17"><span class='ocrx_word' id='word_1_148' title='bbox 255 2243 375 2301; x_wconf 87' lang='lat' dir='ltr'><strong>arbitrio</strong></span> <span class='ocrx_word' id='word_1_149' title='bbox 403 2244 583 2318; x_wconf 88' lang='lat' dir='ltr'><strong>permissum.</strong></span> 
     </span>
    </p>

    <p class='ocr_par' dir='ltr' id='par_1_4' title="bbox 254 2347 1329 4109">
     <span class='ocr_line' id='line_1_20' title="bbox 339 2347 1323 2426; baseline 0.002 -18"><span class='ocrx_word' id='word_1_150' title='bbox 339 2347 413 2425; x_wconf 85' lang='lat' dir='ltr'><strong>Cap.</strong></span> <span class='ocrx_word' id='word_1_151' title='bbox 440 2351 468 2424; x_wconf 83' lang='lat'><strong>8,</strong></span> <span class='ocrx_word' id='word_1_152' title='bbox 493 2353 508 2408; x_wconf 91' lang='grc'><strong>7</strong></span> <span class='ocrx_word' id='word_1_153' title='bbox 533 2349 574 2422; x_wconf 90' lang='lat' dir='ltr'><strong>(in</strong></span> <span class='ocrx_word' id='word_1_154' title='bbox 597 2349 789 2424; x_wconf 86' lang='lat' dir='ltr'><strong>descriptione</strong></span> <span class='ocrx_word' id='word_1_155' title='bbox 813 2349 938 2406; x_wconf 87' lang='lat' dir='ltr'><strong>convivii</strong></span> <span class='ocrx_word' id='word_1_156' title='bbox 958 2351 1036 2426; x_wconf 85' lang='lat' dir='ltr'><strong>apud</strong></span> <span class='ocrx_word' id='word_1_157' title='bbox 1058 2351 1183 2410; x_wconf 86' lang='lat' dir='ltr'><strong>Ninnios</strong></span> <span class='ocrx_word' id='word_1_158' title='bbox 1192 2351 1323 2422; x_wconf 80' lang='lat' dir='ltr'><strong>Celeres,</strong></span> 
     </span>
     <span class='ocr_line' id='line_1_21' title="bbox 255 2453 1324 2536; baseline 0.005 -25"><span class='ocrx_word' id='word_1_159' title='bbox 255 2456 332 2530; x_wconf 90' lang='lat' dir='ltr'><strong>apud</strong></span> <span class='ocrx_word' id='word_1_160' title='bbox 365 2475 439 2530; x_wconf 90' lang='lat' dir='ltr'><strong>quos</strong></span> <span class='ocrx_word' id='word_1_161' title='bbox 461 2455 613 2536; x_wconf 81' lang='lat' dir='ltr'><strong>Hannibal</strong></span> <span class='ocrx_word' id='word_1_162' title='bbox 643 2453 752 2530; x_wconf 77' lang='lat' dir='ltr'><strong>Capuae</strong></span> <span class='ocrx_word' id='word_1_163' title='bbox 773 2454 1008 2527; x_wconf 83' lang='lat' dir='ltr'><strong>deversabatur):</strong></span> <span class='ocrx_word' id='word_1_164' title='bbox 1043 2457 1148 2516; x_wconf 92' lang='lat' dir='ltr'><strong>Unus</strong></span> <span class='ocrx_word' id='word_1_165' title='bbox 1170 2475 1233 2515; x_wconf 91' lang='lat' dir='ltr'><strong>nec</strong></span> <span class='ocrx_word' id='word_1_166' title='bbox 1257 2459 1324 2516; x_wconf 91' lang='lat' dir='ltr'><strong>do-</strong></span> 
     </span>
     <span class='ocr_line' id='line_1_22' title="bbox 255 2537 1322 2634; baseline 0.006 -18"><span class='ocrx_word' id='word_1_167' title='bbox 255 2561 430 2617; x_wconf 88' lang='lat' dir='ltr'><strong>minorum</strong></span> <span class='ocrx_word' id='word_1_168' title='bbox 454 2537 678 2617; x_wconf 71' lang='lat' dir='ltr'><strong>inritatione</strong></span> <span class='ocrx_word' id='word_1_169' title='bbox 699 2577 762 2616; x_wconf 91' lang='lat' dir='ltr'><strong>nec</strong></span> <span class='ocrx_word' id='word_1_170' title='bbox 781 2559 897 2634; x_wconf 89' lang='lat' dir='ltr'><strong>ipsius</strong></span> <span class='ocrx_word' id='word_1_171' title='bbox 919 2560 1102 2618; x_wconf 88' lang='lat' dir='ltr'><strong>interdum</strong></span> <span class='ocrx_word' id='word_1_172' title='bbox 1123 2563 1322 2622; x_wconf 86' lang='lat' dir='ltr'><strong>Hanniba-</strong></span> 
     </span>
     <span class='ocr_line' id='line_1_23' title="bbox 254 2663 1325 2738; baseline 0.008 -18"><span class='ocrx_word' id='word_1_173' title='bbox 254 2665 299 2720; x_wconf 87' lang='lat' dir='ltr'><strong>lis</strong></span> <span class='ocrx_word' id='word_1_174' title='bbox 322 2665 361 2738; x_wconf 88' lang='lat' dir='ltr'><strong>(P</strong></span> <span class='ocrx_word' id='word_1_175' title='bbox 384 2665 631 2734; x_wconf 72' lang='lat' dir='ltr'><strong>Hanuibicus‚</strong></span> <span class='ocrx_word' id='word_1_176' title='bbox 673 2681 692 2720; x_wconf 86' lang='lat' dir='ltr'><strong>a</strong></span> <span class='ocrx_word' id='word_1_177' title='bbox 713 2683 801 2720; x_wconf 90' lang='lat' dir='ltr'><strong>manu</strong></span> <span class='ocrx_word' id='word_1_178' title='bbox 824 2665 841 2720; x_wconf 81' lang='lat'><strong>2</strong></span> <span class='ocrx_word' id='word_1_179' title='bbox 864 2663 966 2721; x_wconf 74' lang='lat' dir='ltr'><strong>litterae</strong></span> <span class='ocrx_word' id='word_1_180' title='bbox 988 2665 1092 2722; x_wconf 90' lang='lat' dir='ltr'><strong>bicus</strong></span> <span class='ocrx_word' id='word_1_181' title='bbox 1113 2667 1237 2724; x_wconf 73' lang='lat' dir='ltr'><strong>inductae</strong></span> <span class='ocrx_word' id='word_1_182' title='bbox 1259 2678 1290 2726; x_wconf 88' lang='lat' dir='ltr'><strong>et</strong></span> <span class='ocrx_word' id='word_1_183' title='bbox 1313 2670 1325 2730; x_wconf 94' lang='lat' dir='ltr'><strong>l</strong></span> 
     </span>
     <span class='ocr_line' id='line_1_24' title="bbox 254 2767 1325 2846; baseline 0.004 -19"><span class='ocrx_word' id='word_1_184' title='bbox 254 2769 518 2846; x_wconf 87' lang='lat' dir='ltr'><strong>suprascriptum)</strong></span> <span class='ocrx_word' id='word_1_185' title='bbox 541 2767 720 2827; x_wconf 82' lang='lat' dir='ltr'><strong>Calavius</strong></span> <span class='ocrx_word' id='word_1_186' title='bbox 742 2769 781 2845; x_wconf 82' lang='lat' dir='ltr'><strong>(P</strong></span> <span class='ocrx_word' id='word_1_187' title='bbox 804 2788 882 2826; x_wconf 90' lang='lat' dir='ltr'><strong>man.</strong></span> <span class='ocrx_word' id='word_1_188' title='bbox 907 2770 923 2825; x_wconf 87' lang='lat'>2</span> <span class='ocrx_word' id='word_1_189' title='bbox 948 2778 977 2826; x_wconf 91' lang='lat' dir='ltr'><strong>et</strong></span> <span class='ocrx_word' id='word_1_190' title='bbox 998 2768 1023 2828; x_wconf 83' lang='lat' dir='ltr'>G</span> <span class='ocrx_word' id='word_1_191' title='bbox 1045 2768 1186 2846; x_wconf 80' lang='lat' dir='ltr'><strong>Caluri)</strong></span> <span class='ocrx_word' id='word_1_192' title='bbox 1209 2771 1325 2832; x_wconf 85' lang='lat' dir='ltr'><strong>filius</strong></span> 
     </span>
     <span class='ocr_line' id='line_1_25' title="bbox 254 2871 1324 2952; baseline 0.004 -20"><span class='ocrx_word' id='word_1_193' title='bbox 254 2875 408 2952; x_wconf 85' lang='lat' dir='ltr'><strong>perhola</strong></span> <span class='ocrx_word' id='word_1_194' title='bbox 435 2875 474 2947; x_wconf 90' lang='lat' dir='ltr'><strong>(P</strong></span> <span class='ocrx_word' id='word_1_195' title='bbox 496 2893 534 2931; x_wconf 90' lang='lat' dir='ltr'><strong>m.</strong></span> <span class='ocrx_word' id='word_1_196' title='bbox 559 2877 576 2932; x_wconf 85' lang='lat'>2</span> <span class='ocrx_word' id='word_1_197' title='bbox 602 2886 632 2933; x_wconf 89' lang='lat' dir='ltr'><strong>et</strong></span> <span class='ocrx_word' id='word_1_198' title='bbox 653 2873 677 2934; x_wconf 85' lang='lat' dir='ltr'>C</span> <span class='ocrx_word' id='word_1_199' title='bbox 699 2871 889 2949; x_wconf 83' lang='lat' dir='ltr'><strong>perholla)</strong></span> <span class='ocrx_word' id='word_1_200' title='bbox 911 2874 1031 2931; x_wconf 86' lang='lat' dir='ltr'><strong>vinum</strong></span> <span class='ocrx_word' id='word_1_201' title='bbox 1053 2877 1156 2950; x_wconf 88' lang='lat' dir='ltr'><strong>potui</strong></span> <span class='ocrx_word' id='word_1_202' title='bbox 1177 2877 1257 2952; x_wconf 90' lang='lat' dir='ltr'><strong>ipse</strong></span> <span class='ocrx_word' id='word_1_203' title='bbox 1281 2877 1324 2951; x_wconf 83' lang='lat' dir='ltr'><strong>(C</strong></span> 
     </span>
     <span class='ocr_line' id='line_1_26' title="bbox 254 2978 1325 3056; baseline 0.004 -19"><span class='ocrx_word' id='word_1_204' title='bbox 254 2981 331 3037; x_wconf 85' lang='lat' dir='ltr'><strong>vini</strong></span> <span class='ocrx_word' id='word_1_205' title='bbox 354 2980 515 3055; x_wconf 87' lang='lat' dir='ltr'><strong>impetui</strong></span> <span class='ocrx_word' id='word_1_206' title='bbox 536 2981 634 3055; x_wconf 85' lang='lat' dir='ltr'><strong>ipse,</strong></span> <span class='ocrx_word' id='word_1_207' title='bbox 656 2999 694 3036; x_wconf 91' lang='lat' dir='ltr'><strong>m.</strong></span> <span class='ocrx_word' id='word_1_208' title='bbox 717 2981 735 3035; x_wconf 82' lang='lat'>2</span> <span class='ocrx_word' id='word_1_209' title='bbox 758 2978 834 3035; x_wconf 83' lang='lat' dir='ltr'><strong>vini</strong></span> <span class='ocrx_word' id='word_1_210' title='bbox 856 2978 994 3054; x_wconf 89' lang='lat' dir='ltr'><strong>impotu</strong></span> <span class='ocrx_word' id='word_1_211' title='bbox 1016 2981 1106 3056; x_wconf 85' lang='lat' dir='ltr'><strong>ipse)</strong></span> <span class='ocrx_word' id='word_1_212' title='bbox 1138 2983 1325 3042; x_wconf 85' lang='lat' dir='ltr'><strong>valet-ndi-</strong></span> 
     </span>
     <span class='ocr_line' id='line_1_27' title="bbox 255 3082 1325 3162; baseline 0.003 -19"><span class='ocrx_word' id='word_1_213' title='bbox 255 3105 333 3143; x_wconf 88' lang='lat' dir='ltr'><strong>nem</strong></span> <span class='ocrx_word' id='word_1_214' title='bbox 358 3103 550 3154; x_wconf 83' lang='lat' dir='ltr'><strong>excusans,</strong></span> <span class='ocrx_word' id='word_1_215' title='bbox 572 3095 678 3161; x_wconf 86' lang='lat' dir='ltr'><strong>patre</strong></span> <span class='ocrx_word' id='word_1_216' title='bbox 698 3085 736 3157; x_wconf 90' lang='lat' dir='ltr'><strong>(P</strong></span> <span class='ocrx_word' id='word_1_217' title='bbox 754 3082 908 3159; x_wconf 87' lang='lat' dir='ltr'><strong>patrem)</strong></span> <span class='ocrx_word' id='word_1_218' title='bbox 932 3085 1042 3142; x_wconf 85' lang='lat' dir='ltr'><strong>animi</strong></span> <span class='ocrx_word' id='word_1_219' title='bbox 1064 3089 1325 3162; x_wconf 90' lang='lat' dir='ltr'><strong>quoquehand</strong></span> 
     </span>
     <span class='ocr_line' id='line_1_28' title="bbox 256 3188 1326 3268; baseline 0.003 -20"><span class='ocrx_word' id='word_1_220' title='bbox 256 3190 461 3248; x_wconf 88' lang='lat' dir='ltr'><strong>mirabilem</strong></span> <span class='ocrx_word' id='word_1_221' title='bbox 477 3190 800 3264; x_wconf 83' lang='lat' dir='ltr'><strong>perturbationem</strong></span> <span class='ocrx_word' id='word_1_222' title='bbox 822 3188 944 3262; x_wconf 88' lang='lat' dir='ltr'><strong>(Piter</strong></span> <span class='ocrx_word' id='word_1_223' title='bbox 960 3191 1219 3268; x_wconf 84' lang='lat' dir='ltr'><strong>turbationem)</strong></span> <span class='ocrx_word' id='word_1_224' title='bbox 1234 3211 1326 3251; x_wconf 86' lang='lat' dir='ltr'><strong>cau·</strong></span> 
     </span>
     <span class='ocr_line' id='line_1_29' title="bbox 258 3293 1327 3369; baseline 0.004 -17"><span class='ocrx_word' id='word_1_225' title='bbox 258 3305 377 3352; x_wconf 86' lang='lat' dir='ltr'><strong>sante.</strong></span> <span class='ocrx_word' id='word_1_226' title='bbox 422 3295 513 3352; x_wconf 88' lang='lat' dir='ltr'><strong>Posui</strong></span> <span class='ocrx_word' id='word_1_227' title='bbox 536 3295 642 3362; x_wconf 73' lang='lat' dir='ltr'><strong>locum,</strong></span> <span class='ocrx_word' id='word_1_228' title='bbox 666 3293 909 3369; x_wconf 81' lang='lat' dir='ltr'><strong>quemadmodum</strong></span> <span class='ocrx_word' id='word_1_229' title='bbox 933 3295 1157 3366; x_wconf 81' lang='lat' dir='ltr'><strong>inPsoribitur‚</strong></span> <span class='ocrx_word' id='word_1_230' title='bbox 1179 3297 1327 3356; x_wconf 80' lang='lat' dir='ltr'><strong>adnotata</strong></span> 
     </span>
     <span class='ocr_line' id='line_1_30' title="bbox 258 3397 1326 3475; baseline 0.001 -16"><span class='ocrx_word' id='word_1_231' title='bbox 258 3401 400 3458; x_wconf 86' lang='lat' dir='ltr'><strong>varietate</strong></span> <span class='ocrx_word' id='word_1_232' title='bbox 420 3399 529 3458; x_wconf 90' lang='lat' dir='ltr'><strong>codicis</strong></span> <span class='ocrx_word' id='word_1_233' title='bbox 553 3397 587 3468; x_wconf 79' lang='grc' dir='ltr'><strong>Ο,</strong></span> <span class='ocrx_word' id='word_1_234' title='bbox 609 3407 642 3456; x_wconf 86' lang='lat' dir='ltr'><strong>ut</strong></span> <span class='ocrx_word' id='word_1_235' title='bbox 662 3407 827 3475; x_wconf 84' lang='lat' dir='ltr'><strong>appareret,</strong></span> <span class='ocrx_word' id='word_1_236' title='bbox 849 3399 896 3456; x_wconf 89' lang='lat' dir='ltr'><strong>hic</strong></span> <span class='ocrx_word' id='word_1_237' title='bbox 918 3418 1033 3474; x_wconf 91' lang='lat' dir='ltr'><strong>quoque</strong></span> <span class='ocrx_word' id='word_1_238' title='bbox 1062 3421 1126 3459; x_wconf 90' lang='lat' dir='ltr'><strong>eum</strong></span> <span class='ocrx_word' id='word_1_239' title='bbox 1150 3421 1168 3458; x_wconf 88' lang='lat' dir='ltr'><strong>a</strong></span> <span class='ocrx_word' id='word_1_240' title='bbox 1189 3421 1279 3459; x_wconf 88' lang='lat' dir='ltr'><strong>manu</strong></span> <span class='ocrx_word' id='word_1_241' title='bbox 1306 3407 1326 3461; x_wconf 83' lang='lat'>2</span> 
     </span>
     <span class='ocr_line' id='line_1_31' title="bbox 258 3505 1327 3580; baseline 0.003 -17"><span class='ocrx_word' id='word_1_242' title='bbox 258 3506 400 3564; x_wconf 88' lang='lat' dir='ltr'><strong>Puteauei</strong></span> <span class='ocrx_word' id='word_1_243' title='bbox 421 3505 566 3580; x_wconf 81' lang='lat' dir='ltr'><strong>pendere,</strong></span> <span class='ocrx_word' id='word_1_244' title='bbox 588 3521 657 3560; x_wconf 88' lang='lat' dir='ltr'><strong>suos</strong></span> <span class='ocrx_word' id='word_1_245' title='bbox 680 3522 792 3560; x_wconf 87' lang='lat' dir='ltr'><strong>errores</strong></span> <span class='ocrx_word' id='word_1_246' title='bbox 814 3514 844 3560; x_wconf 90' lang='lat' dir='ltr'><strong>et</strong></span> <span class='ocrx_word' id='word_1_247' title='bbox 864 3512 985 3562; x_wconf 86' lang='lat' dir='ltr'><strong>conatus</strong></span> <span class='ocrx_word' id='word_1_248' title='bbox 1008 3505 1129 3574; x_wconf 76' lang='lat' dir='ltr'><strong>addere3</strong></span> <span class='ocrx_word' id='word_1_249' title='bbox 1156 3517 1327 3566; x_wconf 85' lang='lat' dir='ltr'><strong>ceterorum</strong></span> 
     </span>
     <span class='ocr_line' id='line_1_32' title="bbox 258 3607 1327 3685; baseline 0.002 -18"><span class='ocrx_word' id='word_1_250' title='bbox 258 3611 407 3685; x_wconf 81' lang='lat' dir='ltr'><strong>scripturae</strong></span> <span class='ocrx_word' id='word_1_251' title='bbox 430 3617 562 3666; x_wconf 89' lang='lat' dir='ltr'><strong>monstra</strong></span> <span class='ocrx_word' id='word_1_252' title='bbox 582 3609 649 3665; x_wconf 93' lang='lat' dir='ltr'><strong>hinc</strong></span> <span class='ocrx_word' id='word_1_253' title='bbox 671 3618 745 3678; x_wconf 76' lang='lat' dir='ltr'><strong>orta,</strong></span> <span class='ocrx_word' id='word_1_254' title='bbox 768 3608 883 3665; x_wconf 89' lang='lat' dir='ltr'><strong>etiamsi</strong></span> <span class='ocrx_word' id='word_1_255' title='bbox 898 3607 1156 3668; x_wconf 85' lang='lat' dir='ltr'><strong>Drakenborchius</strong></span> <span class='ocrx_word' id='word_1_256' title='bbox 1171 3629 1230 3669; x_wconf 89' lang='lat' dir='ltr'><strong>non</strong></span> <span class='ocrx_word' id='word_1_257' title='bbox 1245 3613 1327 3670; x_wconf 79' lang='lat' dir='ltr'><strong>omi·</strong></span> 
     </span>
     <span class='ocr_line' id='line_1_33' title="bbox 255 3713 1328 3789; baseline 0.004 -16"><span class='ocrx_word' id='word_1_258' title='bbox 255 3716 355 3786; x_wconf 79' lang='lat' dir='ltr'><strong>sisset,</strong></span> <span class='ocrx_word' id='word_1_259' title='bbox 377 3715 446 3772; x_wconf 88' lang='lat' dir='ltr'><strong>nihil</strong></span> <span class='ocrx_word' id='word_1_260' title='bbox 472 3723 570 3771; x_wconf 88' lang='lat' dir='ltr'><strong>tamen</strong></span> <span class='ocrx_word' id='word_1_261' title='bbox 600 3714 638 3770; x_wconf 89' lang='lat' dir='ltr'><strong>ad</strong></span> <span class='ocrx_word' id='word_1_262' title='bbox 669 3733 730 3770; x_wconf 89' lang='lat' dir='ltr'><strong>rem</strong></span> <span class='ocrx_word' id='word_1_263' title='bbox 753 3713 937 3789; x_wconf 88' lang='lat' dir='ltr'><strong>pertinerent.</strong></span> <span class='ocrx_word' id='word_1_264' title='bbox 964 3713 1115 3772; x_wconf 86' lang='lat' dir='ltr'><strong>Edebatur</strong></span> <span class='ocrx_word' id='word_1_265' title='bbox 1130 3715 1167 3772; x_wconf 90' lang='lat' dir='ltr'><strong>ad</strong></span> <span class='ocrx_word' id='word_1_266' title='bbox 1188 3725 1328 3777; x_wconf 79' lang='lat' dir='ltr'><strong>nostrum</strong></span> 
     </span>
     <span class='ocr_line' id='line_1_34' title="bbox 256 3817 1328 3898; baseline 0.003 -20"><span class='ocrx_word' id='word_1_267' title='bbox 256 3832 382 3896; x_wconf 82' lang='lat' dir='ltr'><strong>tempus:</strong></span> <span class='ocrx_word' id='word_1_268' title='bbox 416 3819 570 3878; x_wconf 85' lang='lat' dir='ltr'><strong>Calavii</strong></span> <span class='ocrx_word' id='word_1_269' title='bbox 615 3817 723 3876; x_wconf 85' lang='lat' dir='ltr'><strong>filius</strong></span> <span class='ocrx_word' id='word_1_270' title='bbox 756 3817 907 3875; x_wconf 87' lang='lat' dir='ltr'><strong>Perella</strong></span> <span class='ocrx_word' id='word_1_271' title='bbox 948 3817 1048 3876; x_wconf 85' lang='lat' dir='ltr'><strong>vinci</strong></span> <span class='ocrx_word' id='word_1_272' title='bbox 1080 3839 1148 3878; x_wconf 91' lang='lat' dir='ltr'><strong>non</strong></span> <span class='ocrx_word' id='word_1_273' title='bbox 1183 3824 1328 3898; x_wconf 88' lang='lat' dir='ltr'><strong>potuit.</strong></span> 
     </span>
     <span class='ocr_line' id='line_1_35' title="bbox 256 3919 1329 4003; baseline 0.004 -20"><span class='ocrx_word' id='word_1_274' title='bbox 256 3927 390 3997; x_wconf 85' lang='lat' dir='ltr'><strong>Nomen,</strong></span> <span class='ocrx_word' id='word_1_275' title='bbox 423 3925 501 4000; x_wconf 90' lang='lat' dir='ltr'><strong>quod</strong></span> <span class='ocrx_word' id='word_1_276' title='bbox 528 3923 681 3981; x_wconf 85' lang='lat' dir='ltr'><strong>infeliciter</strong></span> <span class='ocrx_word' id='word_1_277' title='bbox 702 3924 799 3980; x_wconf 78' lang='lat' dir='ltr'><strong>ficum</strong></span> <span class='ocrx_word' id='word_1_278' title='bbox 822 3919 937 3980; x_wconf 85' lang='lat' dir='ltr'><strong>Calavii</strong></span> <span class='ocrx_word' id='word_1_279' title='bbox 969 3924 1029 3983; x_wconf 88' lang='lat' dir='ltr'><strong>filio</strong></span> <span class='ocrx_word' id='word_1_280' title='bbox 1057 3926 1224 4001; x_wconf 88' lang='lat' dir='ltr'><strong>impositum</strong></span> <span class='ocrx_word' id='word_1_281' title='bbox 1246 3941 1329 4003; x_wconf 85' lang='lat' dir='ltr'><strong>erat,</strong></span> 
     </span>
     <span class='ocr_line' id='line_1_36' title="bbox 257 4028 1328 4109; baseline 0.007 -23"><span class='ocrx_word' id='word_1_282' title='bbox 257 4039 334 4086; x_wconf 86' lang='lat' dir='ltr'><strong>reete</strong></span> <span class='ocrx_word' id='word_1_283' title='bbox 356 4029 609 4087; x_wconf 89' lang='lat' dir='ltr'><strong>Weissenbomius</strong></span> <span class='ocrx_word' id='word_1_284' title='bbox 636 4029 764 4097; x_wconf 76' lang='lat' dir='ltr'><strong>sustulit3</strong></span> <span class='ocrx_word' id='word_1_285' title='bbox 795 4028 865 4086; x_wconf 86' lang='lat' dir='ltr'><strong>satis</strong></span> <span class='ocrx_word' id='word_1_286' title='bbox 893 4029 918 4086; x_wconf 91' lang='lat' dir='ltr'><strong>is</strong></span> <span class='ocrx_word' id='word_1_287' title='bbox 940 4031 1039 4105; x_wconf 82' lang='lat' dir='ltr'><strong>gentili</strong></span> <span class='ocrx_word' id='word_1_288' title='bbox 1071 4032 1188 4090; x_wconf 88' lang='lat' dir='ltr'><strong>nomine</strong></span> <span class='ocrx_word' id='word_1_289' title='bbox 1208 4033 1328 4109; x_wconf 78' lang='lat' dir='ltr'><strong>signifi·</strong></span> 
     </span>
    </p>
   </div>
   <div class='ocr_carea' id='block_1_3' title="bbox 0 0 1410 4646">
    <p class='ocr_par' dir='ltr' id='par_1_5' title="bbox 0 0 1410 4646">
     <span class='ocr_line' id='line_1_37' title="bbox 0 0 1410 4646; baseline 0 0"><span class='ocrx_word' id='word_1_290' title='bbox 0 0 1410 4646; x_wconf 95' lang='lat' dir='ltr'><strong> </strong></span> 
     </span>
    </p>
   </div>
  </div>
 </body>
</html>
