2822 4648
586 261 623 318 87
731 239 735 249 '
976 259 1030 306 nro.
1052 257 1099 306 111.

68 443 175 499 batur:
215 461 278 500 vos
309 443 560 518 patriciorum,
596 461 661 500 nos
694 444 763 516 (non
793 443 870 515 hos)
904 443 1136 518 plebeiorum.

70 548 231 605 Pmcedit:
252 567 316 606 nec
337 550 442 607 nobis
463 549 606 624 imperii
624 567 687 606 neo
704 547 807 604 vobis
823 548 1019 606 libertatis.
1056 581 1061 600 ι
1083 549 1135 607 Se·

69 655 172 728 qnitnr
192 654 222 710 in
245 655 346 711 eadem
369 654 499 711 oratioue
522 657 549 726 (ξ
572 656 617 729 9):
655 655 840 712 Tribunos
869 655 989 729 plebis
1011 674 1135 712 creare

69 761 207 816 iterum
230 761 418 830 voluistis3
448 761 617 830 creastis3
646 760 816 818 eonsules
847 759 970 817 fecere
992 769 1134 836 vestpa·

69 885 148 922 rum
182 867 353 942 partium;
395 867 463 924 etsi
504 866 674 942 patribus
712 866 924 922 videbamus
960 866 1135 942 iniquum,

69 973 277 1046 patricium
310 991 450 1046 quoque
480 973 734 1047 magistratum
762 971 862 1047 plebi
894 973 1022 1030 donum
1049 973 1134 1030 fieri

70 1079 241 1136 vidimus.
302 1077 350 1136 Sio
383 1077 507 1152 primum
535 1078 763 1154 interpungenda
794 1078 903 1148 oratio,
940 1089 972 1136 ut
994 1089 1136 1156 appareat

71 1185 165 1258 (quod
194 1184 450 1242 Drakenborohius
477 1184 571 1258 vidit),
605 1184 642 1240 ad
671 1183 794 1240 faeere
824 1184 916 1240 audiri
945 1182 1135 1252 voluistis,

71 1291 176 1348 deiude
199 1293 281 1362 addi,
310 1291 376 1348 huic
397 1291 539 1348 voluntati
560 1309 624 1346 oum
646 1290 833 1366 patriciorum
855 1289 1038 1347 incommodo
1061 1305 1134 1344 oon-

71 1415 185 1454 ceasum
205 1415 277 1455 esse.
322 1398 400 1454 Nam
422 1397 447 1452 si
469 1396 533 1471 quis
555 1397 609 1466 sio,
641 1405 673 1454 ut
700 1397 789 1471 vulgo
813 1395 1021 1462 deseribuntur,
1043 1394 1134 1449 verba

71 1503 256 1560 coniunxerit
289 1501 516 1568 (videbamus
546 1503 708 1576 iniquum
742 1502 928 1577 patriciis,
965 1498 1133 1556 eonsules

71 1609 198 1666 facere
219 1617 423 1665 vestrarum
445 1608 628 1682 partium),
664 1617 695 1664 ut
716 1607 774 1665 alia
798 1608 945 1676 omittam,
979 1606 1008 1663 id
1031 1605 1133 1662 saltem

70 1734 130 1772 non
153 1714 265 1784 vitabit,
289 1715 356 1788 quin
380 1713 502 1770 faeere
524 1733 577 1788 pro
600 1731 663 1770 vos
686 1713 808 1771 faeere
831 1713 966 1770 vitiosum
989 1713 1035 1768 sit.
1076 1711 1133 1770 Sed

71 1841 131 1878 non
145 1821 239 1877 minus
257 1821 362 1877 vitiosa
378 1829 422 1876 est
434 1821 494 1876 haeo
507 1820 588 1877 verbi
604 1839 682 1876 esso
700 1819 817 1877 omissio
830 1819 857 1876 in
871 1819 1012 1876 sententia
1028 1819 1133 1898 imper·

71 1926 166 1983 sonali
183 1945 221 1984 ex
237 1925 380 1983 adieetivo
396 1935 424 1982 et
440 1927 530 1982 verbo
552 1913 619 1982 est:
642 1927 749 1982 video
771 1925 932 1999 iniquum
955 1925 1132 2000 patribus.

71 2032 171 2102 Addo,
192 2051 251 2088 non
266 2041 342 2088 recte
364 2030 524 2105 iniquum
547 2033 602 2090 diei
624 2031 806 2107 patribus,
828 2033 883 2088 hoe
904 2031 950 2087 vel
972 2031 1042 2087 illud
1063 2030 1133 2100 fieri,

70 2157 124 2212 pro
146 2155 193 2199 eo.
215 2138 294 2211 quod
315 2145 371 2194 est:
394 2137 554 2212 iniquum
578 2138 611 2195 in
634 2146 773 2213 patres;
804 2157 870 2194 nam
893 2137 1038 2211 iniquus
1068 2155 1133 2194 oum

70 2245 171 2300 dativo
194 2263 252 2300 non
274 2243 378 2300 dieitur
398 2243 454 2300 nisi
476 2244 511 2300 de
525 2261 650 2319 persona
672 2255 722 2300 aut
744 2245 779 2300 de
799 2263 830 2300 re
852 2253 940 2308 certa,
963 2262 1026 2317 quae
1049 2243 1134 2300 alicui

70 2347 182 2405 officiat
218 2349 263 2420 (ut
297 2349 378 2406 locus
405 2351 519 2424 iniquus
555 2349 639 2406 alieni
668 2359 712 2406 est
747 2359 798 2406 aut
826 2359 938 2426 tompus
970 2349 1132 2420 similiave).

72 2454 243 2510 Rectissime
265 2456 352 2530 igitur
372 2457 397 2513 P
420 2475 438 2512 a
458 2458 553 2532 prima
575 2473 671 2522 manu,
694 2455 802 2524 HlLl‚
830 2473 953 2528 quorum
977 2471 1133 2510 consensus

70 2561 98 2616 b.
115 2560 134 2615 1.
150 2561 352 2619 auctoritatem
364 2562 471 2619 codicis
487 2563 519 2620 M
537 2561 638 2630 vineit,
659 2561 804 2635 iniquos
823 2562 943 2618 habent:
966 2560 1034 2617 etsi
1051 2567 1132 2625 (eon-

70 2665 147 2724 sules
170 2667 235 2724 illos
264 2677 425 2725 vestrarum
448 2669 585 2744 partium)
617 2667 785 2743 patribus
820 2667 1030 2724 videbamus
1063 2665 1132 2724 ini-

70 2789 177 2846 quos,
206 2774 400 2847 patricium
428 2793 570 2849 quoque
599 2785 651 2832 oet.

156 2879 298 2936 Extremo
321 2880 416 2954 eapite
437 2881 506 2938 nihil
522 2899 559 2936 ex
573 2879 607 2936 iis
624 2879 740 2954 plaeere
761 2888 864 2954 potest,
887 2898 950 2953 quae
968 2879 1133 2955 excogitata

69 2983 198 3040 suntad
224 2985 298 3040 bane
320 2985 457 3043 orationis
479 2985 724 3062 perturbationem
747 2985 775 3040 in
798 2985 968 3042 brevissimo
991 2997 1019 3043 et
1048 3005 1131 3062 apor-

69 3089 183 3147 tissimo
207 3066 355 3146 sententiae
379 3091 488 3147 ambitu
510 3091 734 3148 defendendam:
778 3091 966 3166 Esquilias
987 3093 1130 3167 quidem

70 3195 114 3252 ab
137 3197 243 3252 hoste
273 3215 386 3272 prope
417 3205 545 3272 eaptus
579 3207 613 3253 et
640 3197 871 3254 scandentem
900 3198 934 3254 in
964 3215 1130 3272 aggerem

70 3301 247 3358 Volscum
270 3302 410 3360 hostem
435 3321 536 3359 nemo
561 3303 755 3372 submovit3
786 3323 839 3360 neo
861 3303 1023 3377 corrigendi
1044 3321 1131 3360 oona-

70 3419 117 3464 tus
139 3407 229 3464 ullam
253 3407 360 3466 habent
382 3409 623 3484 probabilitatem.
678 3408 797 3466 Excidit
824 3411 943 3466 verbum
971 3409 1088 3483 aliquod
1096 3405 1131 3483 ¹).

87 3691 109 3755 ¹)
142 3693 207 3760 Cap.
229 3699 275 3754 tr,
303 3699 315 3744 7
342 3696 366 3744 in
388 3696 438 3746 hia:
468 3694 580 3744 mirari
608 3709 652 3754 ao,
685 3709 821 3758 quonam
849 3711 937 3745 moro
966 3697 1129 3745 Ardeates

140 3787 352 3849 Ariciniqoe,
378 3789 470 3836 ouius
489 3789 559 3850 agri
579 3789 627 3838 ius
646 3802 807 3851 nunquam
827 3789 1064 3852 usurpaverint
1082 3789 1130 3836 in·

140 3880 260 3928 columi
282 3879 527 3938 Coriolanum,
547 3895 614 3930 enm
634 3896 666 3930 se
686 3907 717 3916 -
739 3908 769 3916 -
793 3883 1035 3946 intercepturos
1055 3898 1129 3946 spo-

139 3981 226 4026 rent,
257 3979 324 4020 recte
355 3971 480 4020 Kloclriue
511 3975 586 4022 scribi
615 3975 696 4024 voluit
723 3989 860 4036 quonam
887 3989 950 4024 ore.
1002 3974 1130 4035 Quaritnr

139 4071 222 4124 reete,
253 4077 364 4127 quonam
386 4079 455 4114 moro
474 4065 568 4128 aliquid
588 4066 646 4127 flat;
677 4081 786 4128 quonam
805 4083 876 4117 more
895 4067 986 4132 aliquia
1004 4069 1129 4132 intercep-
