2820 4646
242 227 299 277 Lib.
313 225 395 276 va.
747 227 807 283 608

243 419 280 468 et
303 451 331 470 ..
359 409 502 482 quidem
531 451 558 465 ..
587 409 642 478 etl
702 405 838 466 Efficitnr
870 407 951 464 binc:
984 409 1043 466 ubi
1075 421 1111 466 et
1136 406 1212 464 elie
1232 409 1308 481 qui·

243 514 323 570 dem
355 511 559 588 spectando
591 513 625 574 cl
660 512 756 582 vise3
795 513 921 570 lovem
961 513 1063 570 velut
1094 523 1309 587 presentem
1392 527 1393 542 ¹

242 618 388 674 intuens
410 625 525 672 motus
546 617 668 674 animo
691 625 760 684 est,
780 617 838 673 boc
859 627 916 673 est:
937 617 1048 672 etiem
1070 615 1145 673 elie
1165 617 1310 690 quidem

249 761 314 788 ...,
335 720 397 776 sed
424 729 546 778 temen
572 731 661 778 ente
691 721 813 777 omnis
841 721 969 777 Iovem
995 730 1050 778 cet
1103 721 1216 794 (Minus
1236 722 1312 778 dure

243 825 407 902 scripsisset
428 825 544 883 Livius:
584 868 613 886 ..
643 825 793 895 civiss;
827 837 993 882 ceterum
1026 826 1173 898 Iovem.)
1230 828 1313 884 Tune

244 929 392 1000 §dolim
414 929 555 986 edebatur
577 947 594 986 e
616 930 732 987 codice:
765 930 827 986 Ite
857 929 1226 1004 peregrsteGrsecie

242 1034 513 1092 Demetriadem
547 1051 626 1091 cum
663 1034 835 1104 revertit,
877 1034 912 1090 in
942 1033 1081 1091 itinere
1111 1036 1312 1094 sordidato

242 1141 351 1198 turbo
371 1135 574 1214 (codturbs
596 1139 651 1214 ne)
674 1139 881 1197 AEtolornm
903 1139 1076 1196 occurrit.
1119 1141 1313 1216 Kreyssigins

242 1255 272 1302 et
292 1243 556 1313 Weissenbornius,
588 1244 862 1301 Drakenborehium
894 1243 996 1313 secuti,
1027 1246 1233 1302 revertitur
1252 1265 1309 1321 po·

242 1359 374 1417 suerunt3
395 1347 447 1404 sed
467 1347 557 1404 nihilo
577 1349 674 1424 aptius
695 1349 726 1405 in
747 1349 803 1405 hee
824 1347 986 1404 occasionis
1005 1357 1035 1404 et
1054 1351 1194 1425 temporis
1214 1351 1310 1425 signi-

242 1453 377 1511 licetione
398 1469 525 1527 presens
546 1451 698 1509 indicativi
719 1463 834 1528 tempus
857 1453 1007 1528 perticnlre
1028 1473 1135 1529 quum
1157 1455 1308 1531 subiungi·

241 1569 289 1616 tur
312 1575 399 1632 quem
421 1555 592 1632 perfectum.
646 1557 752 1632 ltaque
782 1577 889 1631 quum
914 1568 1101 1633 repeteret
1121 1560 1308 1617 scribendum
1392 1549 1393 1552 ¹

241 1663 383 1730 arbitror,
420 1661 498 1736 quod
530 1659 644 1718 facilius
677 1680 764 1736 qnam
799 1671 1052 1720 reverteretur
1086 1665 1116 1720 in
1147 1666 1309 1722 revertit

241 1768 366 1826 transire
388 1767 517 1842 potuisse
538 1764 660 1824 videtur.
719 1767 874 1823 Postremo
896 1769 950 1836 §9
983 1767 1013 1824 in
1034 1769 1135 1826 codice
1156 1769 1307 1826 scribitur:

240 1891 316 1930 oum
347 1873 504 1929 Perseus
541 1869 684 1926 obviem
718 1871 867 1946 (AEmilio)
908 1873 1159 1948 Amphipolim
1196 1874 1308 1930 nimis

240 1977 375 2034 solutis
396 1974 503 2032 cuius
530 1975 703 2034 custodie
723 1977 988 2053 processissem
1017 1979 1201 2037 scribendum
1224 1980 1307 2036 vide·

240 2091 300 2139 tur:
323 2079 536 2155 Amphipoli
558 2080 653 2136 omni
676 2081 820 2138 solutus
843 2083 1015 2140 custodie
1041 2083 1308 2158 processisset;

240 2205 308 2244 nem
329 2172 435 2243 nimis
457 2183 584 2241 solute
606 2186 778 2242 custodie
798 2187 1021 2260 procedere,
1045 2207 1158 2258 vereor,
1188 2197 1222 2245 ut
1242 2209 1306 2246 rec·

240 2301 300 2347 tum
323 2291 372 2358 sit3
404 2301 433 2346 et
453 2290 578 2347 Perseus
601 2299 726 2364 vegetus
747 2309 800 2365 per
821 2291 1002 2365 provinciam
1024 2293 1136 2350 dicitnr.
1180 2292 1307 2364 (Cuius

240 2413 277 2451 ex
301 2394 397 2469 prime
416 2393 530 2470 syllaba
551 2393 632 2450 vocis
653 2395 822 2451 custodie
843 2395 967 2470 primum
992 2398 1068 2455 mele
1089 2397 1237 2456 intellecta
1258 2419 1306 2456 or

239 2509 299 2556 tum
322 2505 390 2566 eet.)
614 2485 616 2491 ’

323 2601 395 2678 Cep.
419 2605 468 2672 29,
491 2605 524 2659 2:
569 2603 748 2660 Adsuetis
779 2603 884 2678 regio
914 2604 1073 2678 imperio
1103 2617 1224 2662 temen
1246 2626 1306 2662 no-

240 2727 320 2765 vum
342 2707 521 2784 (codncvi
544 2706 594 2784 in)
608 2707 760 2765 formum
782 2707 984 2765 terribilem
1007 2710 1166 2783 praebuit
1187 2712 1305 2769 tribu-

239 2811 312 2881 nal,
336 2823 513 2869 summoto
536 2812 661 2870 editus
690 2811 768 2886 (cod.
791 2823 969 2869 summoto
991 2813 1148 2886 additu),
1170 2834 1305 2890 praeco,

239 2933 428 2984 accensus,
463 2917 614 2974 insuete
653 2915 774 2974 omnio
803 2917 922 2974 oculis
953 2917 1192 2994 auribusque,
1228 2941 1305 2996 quse

239 3019 298 3076 vel
319 3019 459 3090 socioe,
488 3021 614 3078 nedum
645 3022 772 3078 hostes
803 3023 937 3091 victos,
968 3033 1108 3080 terrere
1136 3037 1304 3098 possent.

238 3124 459 3183 Perversiseime
480 3125 522 3181 ite
542 3123 720 3181 divelluntur
742 3144 876 3182 novum
898 3137 927 3183 et
947 3128 1131 3198 tribunsl,
1161 3139 1304 3205 tunquam

237 3229 324 3306 plene
345 3227 491 3304 singulare
512 3229 627 3304 pondus
651 3230 824 3288 adiectivum
846 3232 955 3288 hebeat
974 3249 1080 3306 resque
1093 3233 1190 3307 positu
1214 3233 1306 3293 luerit

237 3337 267 3392 in
278 3334 431 3392 tribunalis
446 3334 621 3404 mutaticum
648 3335 714 3408 (etsi
736 3336 782 3392 vel
796 3336 838 3392 sic
856 3336 956 3394 Livius
971 3337 1146 3411 scripsisset:
1167 3357 1303 3397 novum

237 3439 404 3496 tribunal
425 3438 446 3499 f.
468 3449 490 3498 t.
516 3439 701 3514 praebuit;)
724 3449 847 3515 augetur
861 3439 972 3509 vitium,
994 3441 1083 3514 quod,
1105 3461 1192 3518 quum
1216 3445 1305 3519 plura

237 3544 412 3601 coniunctim
434 3553 644 3612 enumerentur,
674 3563 739 3618 qum
760 3541 917 3602 terribilem
938 3545 1018 3602 illem
1040 3546 1164 3604 sormam
1185 3550 1305 3622 prmbu·

238 3649 320 3718 erint,
341 3657 437 3705 temen
456 3649 485 3705 in
498 3667 556 3705 unc
577 3647 714 3706 tribunali
736 3649 852 3706 novitas
863 3659 1113 3710 commemoretur.
1156 3654 1306 3728 Apparet.

238 3753 296 3810 olio
319 3753 491 3810 adiectivum
513 3753 584 3809 illud
606 3753 766 3828 pertinere:
802 3753 983 3811 Adsuetis
1011 3755 1114 3829 regio
1146 3755 1305 3831 imperio

237 3869 357 3914 tamen
378 3875 507 3914 novum
529 3857 708 3931 (imperium)
730 3856 882 3914 formem
905 3859 1110 3916 terribilem
1134 3861 1303 3934 prsebuit.

336 3958 458 4014 *niverse
473 3960 569 4033 posito
588 3959 766 4036 adiungitur,
791 3979 855 4035 ques
877 3961 957 4019 illum
978 3972 1119 4020 terrorem
1138 3961 1303 4022 effecerint:
