2800 4646
209 393 225 424 Q

284 253 342 302 Lib.
362 253 427 302 xxi
751 256 810 312 226

250 437 310 506 sed,
332 456 390 512 quo
412 436 563 495 Hannibal
586 415 770 511 proficiebat,
793 437 924 510 ruebet‚)
947 455 1041 510 neque
1062 437 1206 494 ablativus
1231 454 1314 494 con-

251 544 339 602 silio
366 544 396 602 in
418 533 552 603 ab'soluto
584 545 640 602 hoc
662 541 807 618 participii
835 560 889 599 usu
912 542 1042 608 additum
1070 542 1246 616 omninoque
1268 542 1314 598 ed

250 650 474 707 destinatum
494 649 657 706 consilio
679 646 776 705 fecere
798 647 907 722 aliquid
929 667 983 724 pro
1005 667 1057 719 eo,
1088 647 1166 722 quod
1188 657 1232 704 est
1254 649 1315 704 de-

250 755 392 812 stinato
415 753 587 822 consilio,
603 724 722 828 prorsus
732 753 867 810 inusitate
878 751 990 809 dicitur.
1033 752 1115 810 Idem
1137 754 1199 810 aius
1222 752 1315 811 dubio

250 861 297 917 hic
319 879 401 917 error
422 869 555 916 versatus
580 858 843 932 est‚quilV‚25‚l
860 857 1023 914 consilia
1044 858 1088 914 ed
1108 858 1315 934 bellumpro

251 964 411 1022 consilia
434 964 476 1021 de
499 963 596 1022 bello
618 961 919 1038 effecit‚autproreus
929 963 1038 1020 similis.
1070 963 1148 1021 Nem
1163 982 1252 1038 quum
1262 965 1315 1022 Li-

249 1070 314 1127 vius
339 1069 513 1144 scripsisset:
549 1089 568 1126 a
589 1069 779 1126 destinato
801 1069 870 1124 iam
894 1077 977 1125 ante
998 1068 1158 1126 consilio
1180 1069 1316 1126 avidus

250 1174 480 1243 certaminis,
505 1193 558 1230 suo
582 1173 631 1230 illo
651 1173 863 1249 praepositionis
892 1175 935 1232 sb
965 1191 1017 1230 usu
1036 1174 1103 1249 (hoc
1124 1185 1186 1231 est:
1207 1175 1315 1232 avidus

250 1279 414 1339 certaminis
442 1289 562 1355 propter
589 1277 738 1336 consilium
768 1280 825 1336 iam
849 1288 917 1336 ante
938 1279 1142 1346 destinatum),
1163 1280 1315 1355 geminato

251 1385 399 1444 dlactum
421 1395 466 1442 est
487 1384 540 1453 ad,
566 1383 678 1453 deiude,
700 1401 770 1440 casu
793 1383 1030 1452 accommodato,
1052 1381 1315 1455 destinatum¹).
1394 1401 1395 1416 ¹

334 1490 406 1566 Cap.
431 1495 484 1558 55,
515 1495 531 1546 5
561 1489 601 1561 (in
624 1489 817 1565 descriptione
850 1489 953 1565 proelii
982 1489 1020 1546 ad
1041 1489 1209 1562 Trebiam):
1233 1491 1316 1565 qui-

251 1598 316 1654 bus
338 1595 536 1669 (Balearibus)
560 1614 667 1670 quum
690 1594 835 1652 maiore
867 1597 1005 1654 robore
1026 1595 1192 1669 legiones
1213 1595 1316 1652 obsi-

250 1709 402 1770 sterent,
425 1700 587 1758 deductae
609 1718 767 1775 propere
788 1701 822 1758 in
844 1719 980 1758 cornua
1001 1700 1102 1758 leves
1119 1709 1317 1758 armaturae

251 1815 344 1864 sunt.
400 1805 486 1862 Adeo
515 1805 562 1862 hie
594 1805 717 1880 pluralis
740 1805 854 1882 (leves
877 1813 1080 1874 armaturas)
1111 1805 1237 1862 insolens
1258 1817 1317 1876 est,

216 1943 222 1954 ·
251 1911 300 1986 qui
326 1930 363 1967 ne
383 1920 444 1968 tum
467 1909 582 1984 quidem
605 1911 738 1986 ponitur,
774 1930 863 1986 quum
893 1913 1016 1970 duorum
1039 1911 1215 1968 exercituum
1240 1908 1318 1966 levis

250 2025 405 2074 armaturae
434 2015 538 2072 milites
568 2015 653 2072 simul
675 2011 953 2088 commemorantum
986 2026 1097 2074 utnon
1119 2016 1245 2072 dubitem
1267 2033 1318 2072 rs-

250 2122 368 2179 stituere
390 2123 480 2197 (quod
503 2120 690 2178 Alschefskio
715 2122 744 2178 in
767 2131 890 2180 mentem
917 2123 1011 2192 venit,
1032 2122 1083 2179 ssd
1104 2121 1201 2178 stetim
1225 2121 1318 2178 omis·

250 2244 312 2284 eum
337 2227 407 2302 est):
435 2227 594 2284 diducta
626 2245 674 2300 pr.
702 2227 737 2284 iu
764 2245 789 2283 c.
813 2227 912 2285 levis
935 2227 988 2302 (sic
1007 2228 1045 2301 P)
1073 2236 1317 2296 armaturast;

251 2331 356 2388 erroris
378 2331 461 2406 origo
483 2351 520 2389 ex
543 2341 578 2388 st
600 2351 653 2406 pro
675 2341 758 2388 sunt
785 2341 904 2406 accepto
936 2331 980 2406 (ut
1006 2351 1082 2408 saepe
1113 2333 1142 2390 in
1164 2331 1316 2390 Ciceronis

251 2437 346 2505 libris)
377 2447 448 2494 nate
480 2447 532 2494 cst.
592 2437 762 2494 Diductae
791 2437 851 2492 iam
878 2438 1120 2496 Drakenborchio
1149 2438 1317 2514 placueret3

252 2543 346 2600 divisa
367 2543 442 2600 enim
464 2543 536 2601 levis
564 2552 713 2600 armatura
734 2541 827 2600 altera
848 2561 916 2618 pars
942 2543 971 2600 in
994 2545 1142 2614 dextrum,
1171 2543 1263 2601 altera
1284 2544 1318 2600 in

252 2648 398 2706 sinistrum
420 2667 511 2705 cornu
532 2648 660 2705 abducto
681 2655 732 2704 eet.

336 2753 409 2830 Cap.
435 2757 483 2822 56,
506 2755 523 2810 2
549 2754 599 2820 (ds
616 2753 757 2811 Romanis
778 2752 807 2809 in
825 2753 936 2827 proelio
952 2754 1169 2828 adTrebiam):
1193 2754 1317 2812 decem

252 2858 353 2916 milia
374 2857 488 2916 ferme
509 2858 757 2919 hominum...
786 2857 907 2916 media
929 2858 1103 2917 Afrorum
1125 2860 1216 2928 acis,
1239 2875 1320 2933 quae

272 3181 293 3248 ¹)
320 3186 399 3250 Apud
418 3183 571 3234 Ciceronem
590 3186 623 3234 ad
644 3187 698 3234 Διι.
718 3184 786 3244 ΧΙΙ,
811 3190 849 3244 18,
872 3191 882 3234 l
903 3201 950 3249 pro
969 3200 1008 3246 eo,
1029 3187 1097 3248 quod
1111 3186 1205 3234 editur:
1225 3185 1320 3235 relu-

323 3278 377 3341 gio
396 3293 411 3326 e
430 3286 460 3326 te
479 3279 697 3333 admonendo,
725 3277 852 3326 sententia
870 3278 1014 3328 neccssaria
1033 3277 1150 3342 requirit:
1181 3277 1321 3341 refugio

324 3371 353 3433 (e
371 3371 591 3419 recordationibus
613 3371 727 3420 dolorem
747 3369 928 3430 efficientibus)
949 3377 981 3418 at
1006 3369 1066 3432 (ad)
1085 3377 1114 3418 te
1141 3369 1320 3420 admouen-

324 3462 398 3510 dum
424 3460 470 3524 (de
489 3460 660 3510 leno'l'ulliae
684 3463 860 3524 exstruendo).
891 3461 992 3509 Mutata
1017 3461 1197 3526 propositione
1223 3461 1321 3511 litteras

324 3554 483 3602 detractione
502 3555 579 3602 etiem
604 3569 679 3604 casus
706 3561 818 3602 mutatus
837 3561 884 3602 cst.
938 3552 1062 3602 Extremo
1089 3555 1187 3618 capite,
1213 3555 1244 3603 de
1266 3571 1322 3620 quo

325 3646 388 3706 dlxi,
407 3645 433 3710 (ξ
453 3645 481 3707 9)
501 3645 594 3694 iniuria
612 3661 626 3694 e
645 3647 718 3695 codd.
737 3651 883 3694 revocatum
897 3653 947 3694 est:
965 3653 999 3694 ut
1016 3647 1073 3694 vix
1092 3661 1252 3696 armornm
1273 3654 1322 3696 ιε-

324 3739 505 3788 nendorum
525 3739 673 3801 potentie
693 3745 779 3786 esest
803 3753 851 3802 pro
881 3746 1001 3787 essent.
1037 3737 1103 3788 Nam
1130 3739 1322 3802 potentiam

325 3831 462 3880 tenendi
477 3830 628 3893 pruritibus
642 3831 673 3878 ed
693 3829 915 3879 tenendumusmo
925 3829 990 3879 Livii
1003 3831 1165 3890 ntatedixit3
1183 3845 1230 3880 nec
1249 3833 1323 3882 eius-

323 3924 379 3972 dem
404 3922 505 3984 genen's
525 3929 581 3981 eet,
600 3922 669 3985 quod
691 3921 790 3971 Seneca
808 3923 841 3970 ed
861 3923 984 3972 Marciam
1004 3939 1027 3974 c.
1047 3926 1060 3971 7
1091 3923 1156 3972 dixit
1183 3927 1322 3974 secandi

324 4015 508 4088 potentiam
531 3993 833 4084 (Schneidsvcrtudgen).
