2810 4644
562 273 620 330 rer
921 272 1086 324 cmxxiv.
1148 341 1150 346 Ι

60 453 232 514 Gronovius
268 454 470 530 rapacitati
506 455 593 514 scribi
628 456 733 526 voluit3
764 455 943 532 (pruritus
976 457 1045 533 quid
1075 458 1122 516 bic

62 571 142 635 eget
164 558 294 638 nescio);
315 561 365 619 scd
395 561 501 618 erroris
523 563 606 638 origo
627 563 833 638 perspicietur,
863 563 888 619 si
908 561 1122 639 scripserimus:

62 667 323 724 crudelitatem
356 669 653 744 quoquerapinae
686 669 840 726 addidit.
887 669 934 728 Ex
970 670 1122 745 rapinae

62 764 172 828 luctum
195 773 365 842 retained,
398 783 459 830 tum
484 775 720 850 gravitatem.
764 777 935 838 ,Postremo
966 779 1042 846 §ld
1064 795 1121 836 non

59 885 178 933 nectes
200 877 247 932 W.
269 897 323 954 pro
354 879 482 938 habita
514 881 666 958 primum
695 882 833 957 scriptum
861 893 905 940 est
935 883 1060 940 habite
1089 892 1122 942 st

61 983 215 1057 primum
248 983 288 1050 (Ρ
324 984 458 1042 habitu
499 987 677 1061 primumn
721 1007 814 1063 neque
850 989 926 1046 enirn
964 989 1121 1062 Hannibal,

63 1105 128 1162 quse
147 1086 288 1148 sententis
315 1099 349 1146 ct
366 1091 465 1148 addito
487 1089 620 1162 efficitur,
651 1103 828 1168 quantum
864 1095 942 1152 suri
964 1095 1121 1170 argenti-

62 1214 130 1269 que
152 1195 320 1252 relictum
342 1208 454 1268 esset,
487 1197 606 1254 omnia
634 1199 729 1256 satia
752 1199 939 1274 cognovit,
961 1201 1011 1256 sed
1034 1219 1121 1275 quse·

60 1301 219 1358 stionem
241 1302 378 1371 habuit,
401 1315 576 1377 quantum
600 1304 767 1362 relictum
790 1313 900 1374 esset,
933 1305 1122 1380 omnibusque

60 1405 186 1481 cognitis
208 1407 338 1465 homines
359 1409 490 1466 comburi
507 1410 599 1471 iussit.

147 1511 222 1588 Cap.
253 1519 307 1584 46,
343 1519 379 1572 5:
422 1517 542 1573 Imber
576 1562 603 1575 ..
645 1517 816 1574 custodes
840 1513 1049 1590 vigilesque
1087 1559 1114 1574 ..

61 1617 264 1694 subfugere
293 1619 328 1677 in
359 1631 456 1677 tecta
486 1622 609 1698 coegit
638 1624 833 1698 sonituque
866 1620 981 1696 primo
1012 1620 1120 1695 lurgi-

61 1724 138 1781 oris'
166 1725 338 1799 procellae
359 1727 552 1804 strepitum
585 1729 811 1786 molientium
842 1737 983 1804 portam
1014 1745 1121 1784 exeu-

59 1829 134 1888 diri
165 1831 372 1905 prohibuit,
403 1832 543 1892 lentior
580 1836 713 1894 deinde
742 1833 991 1909 aequeliorque
1030 1834 1120 1892 ecci-

59 1936 151 1993 deris
186 1937 337 1994 auribus
377 1958 539 2015 magnam
575 1951 714 2018 partem
754 1939 935 1999 hominum
974 1939 1121 2016 sopivit.

59 2042 162 2100 Imber
186 2042 304 2101 auribus
319 2063 377 2101 non
399 2046 503 2103 eccidit
524 2066 617 2122 neque
638 2047 732 2103 lentus
749 2063 843 2119 neque
863 2044 1006 2117 incitatus,
1028 2064 1122 2121 neque

60 2149 86 2206 is
110 2149 206 2206 sonitu
227 2149 360 2225 procella
382 2151 537 2227 quicquam
568 2153 671 2223 efficit,
701 2153 751 2210 sed
778 2152 834 2227 ipsi
856 2152 965 2210 sonitus
988 2151 1121 2228 procelle

63 2255 186 2312 imbrem
209 2256 371 2314 comitantis
395 2267 446 2315 eut
466 2260 668 2334 subsequentis
697 2257 847 2333 strepitum
879 2255 967 2316 ulium
990 2257 1123 2316 exaudiri

62 2362 201 2438 probibet
229 2373 258 2420 et
286 2363 403 2420 auribus
432 2365 552 2440 aequelis
579 2363 711 2422 accidens
744 2363 875 2420 homines
907 2365 992 2440 sopit.
1045 2363 1123 2422 Vera

62 2467 155 2542 igitur
185 2467 349 2526 coniectura
377 2469 407 2526 in
437 2479 575 2545 quattuor
602 2469 809 2528 recentioribus
832 2469 910 2543 apud
933 2469 1122 2528 Drakenbor-

62 2571 161 2629 chium
183 2573 330 2632 codicibus
357 2576 504 2634 scribitur:
541 2576 763 2651 sonitusque
794 2575 912 2651 primo
944 2575 1123 2651 largioris

62 2678 236 2754 procellae
258 2689 311 2738 cet.
356 2681 448 2758 Origo
470 2682 566 2740 mendi
589 2686 638 2755 (ex
661 2681 791 2758 primo)
817 2687 919 2756 aperte
941 2689 992 2738 ost.

149 2783 222 2860 Cep.
239 2790 288 2858 47,
308 2791 342 2845 15
365 2797 394 2844 et
421 2791 457 2846 ld
481 2787 530 2865 (de
548 2789 689 2858 incendio,
711 2787 789 2862 quod
809 2787 910 2845 Roma
933 2785 1012 2856 fuiti:
1034 2785 1122 2846 Solo

61 2899 208 2965 sequuta
229 2892 350 2950 omnia
371 2893 468 2950 inter
493 2893 645 2954 Selinus
674 2911 715 2951 ac
743 2902 889 2969 portam
914 2889 1123 2950 Carmenta·

63 2997 131 3053 lem
157 3015 233 3054 cum
253 2998 484 3073 AEquimoelio
517 3001 743 3076 Iugarioque
771 2999 863 3057 vico.
910 2997 951 3056 ln
973 2999 1123 3076 templis

63 3103 304 3162 Fortunaeuc
330 3106 460 3163 Matris
490 3101 639 3165 Metu'tae
668 3117 702 3164 et
732 3113 836 3162 extre
869 3115 1012 3182 portum
1048 3105 1124 3162 late

64 3219 224 3284 regatus
246 3197 341 3286 ignis¹
370 3229 477 3269 sacre
502 3212 737 3288 profanaque
769 3210 884 3268 multa
905 3208 1122 3287 absumpsit.

64 3311 115 3372 Sic
146 3314 241 3372 oratio
274 3317 311 3374 eb
341 3317 498 3375 editoribus
529 3319 750 3394 interpuugitnr.
812 3315 871 3377 Sed
901 3335 988 3394 quum
1015 3315 1125 3390 templa

64 3421 203 3478 Fortunts
224 3431 253 3478 et
274 3422 378 3480 Matris
399 3425 520 3483 Metutae
550 3445 608 3483 non
642 3435 726 3482 extre
753 3435 867 3500 portam
901 3420 1123 3492 Carmentalem,

64 3526 115 3582 sed
149 3526 224 3584 intro
255 3547 320 3586 cem
351 3528 441 3588 fuisse
470 3539 597 3602 constet,
633 3531 772 3588 retinetur
801 3530 839 3588 ab
862 3528 1011 3598 omnibus,
1046 3525 1124 3602 quod

64 3632 163 3690 nescio
186 3633 250 3707 quis
271 3643 353 3692 retus
375 3637 478 3708 editor,
499 3637 615 3694 nomine
637 3635 725 3713 Spei
748 3643 850 3694 contre
874 3633 988 3692 codices
1010 3631 1120 3702 addito,

65 3737 176 3796 effecit:
208 3739 248 3797 In
272 3741 419 3817 templis
441 3743 475 3800 F.
498 3753 532 3800 et
554 3743 594 3800 M.
617 3743 658 3800 M.
681 3750 715 3800 et
736 3741 825 3818 Spei
846 3749 950 3798 extra
978 3746 1124 3815 portem

63 3855 118 3902 cet.
161 3845 241 3902 Nam
268 3845 337 3924 Spei
363 3847 501 3924 tempium
531 3857 616 3906 extra
648 3857 763 3924 portam
793 3847 873 3906 illum
903 3846 991 3904 l'uisss
1012 3855 1042 3903 et
1062 3854 1123 3904 tum

65 3951 280 4026 conflagrasse,
302 3953 408 4012 scimus
428 3973 444 4010 e
465 3953 541 4012 libro
570 3954 680 4024 XXV,
714 3959 742 4014 7.
791 3953 851 4014 Sed
875 3953 925 4029 qui
951 3959 1073 4030 possunt
1094 3951 1124 4008 in

66 4057 120 4115 hac
143 4057 280 4133 copulatu
301 4061 516 4119 enumeratione
543 4060 601 4119 duo
631 4060 731 4136 priora
753 4058 863 4136 templu
892 4078 911 4117 a
932 4059 1016 4117 tertio
1038 4076 1124 4135 sepa·
