2822 4648
580 295 631 354 181
975 295 1033 345 uit.
1054 295 1101 346 XI.

66 489 141 528 esse.
193 473 413 531 Restituendum
443 475 546 550 igitur:
579 477 641 536 Set
670 477 1011 552 quoniamquidem
1034 481 1139 538 nobi·

68 577 121 635 les
143 578 311 636 homiues
335 576 436 653 eet.)¹)

153 681 229 759 Cap.
255 686 304 756 30,
324 689 360 744 3:
392 687 437 744 Et
458 687 526 744 duo
549 689 766 764 imperioso
788 707 883 745 enno
905 689 984 747 deri
1006 700 1139 766 coepte

68 807 132 864 per
153 790 345 865 populum,
373 803 534 868 utreque
569 793 795 870 pertinentia
822 794 866 850 ed
895 813 970 853 rem
998 796 1139 854 milite-

69 915 158 966 rem,
180 915 295 969 unnim,
317 907 353 955 ut
369 899 509 957 tribuni
530 899 682 955 rnilitum
705 899 783 955 seni
803 900 884 956 deni
906 899 940 956 in
963 908 1140 974 quettuor

69 1001 238 1076 legiones
253 1021 272 1059 e
285 1005 419 1081 populo
435 1013 771 1075 crearentur‚-——;
786 1004 951 1074 alterum,
968 1016 1005 1062 ut
1019 1005 1138 1063 duum-

66 1111 172 1168 viros
194 1111 345 1169 noveles
367 1110 501 1170 classis
523 1110 693 1168 ornandae
715 1107 1004 1184 reficiendaeque
1026 1129 1136 1169 ceusu

64 1218 164 1274 idern
186 1217 340 1293 populus
362 1217 513 1274 iuberet.
546 1215 670 1272 Miratus
688 1216 774 1273 credo
793 1216 869 1274 Livii
881 1216 1017 1291 aequales,
1036 1217 1060 1274 ei
1076 1219 1136 1276 haet

64 1323 110 1380 sio
133 1323 245 1398 scripte
265 1323 403 1397 legerunt,
426 1321 549 1397 primum
572 1320 695 1396 imperia
716 1321 858 1396 appellari
880 1322 1062 1379 tribunorum
1085 1323 1138 1381 rni-

66 1429 153 1486 litum
187 1429 217 1485 in
249 1427 411 1502 legionibus
443 1437 472 1484 et
505 1427 724 1485 duutnvirorutn
757 1428 922 1498 novellum,
956 1445 1029 1501 quos
1051 1447 1137 1485 neruo

63 1551 200 1608 unquam
224 1535 374 1591 Romanus
402 1532 555 1608 imperium
585 1533 694 1590 hebere
715 1533 804 1602 dixit,
832 1543 893 1592 tum
915 1534 1137 1591 commemorari

63 1651 212 1713 tanquam
239 1639 402 1714 singulare,
435 1657 534 1696 eorum
562 1639 750 1714 imperiorum
781 1648 935 1714 utrumqne
965 1639 1137 1715 pertinuisse
1177 1719 1179 1723 ,

64 1745 106 1800 nd
130 1763 192 1801 rem
215 1745 378 1816 militarem,
413 1745 551 1820 quonism
574 1744 604 1800 id
623 1744 738 1801 insitum
762 1755 825 1801 eret
846 1745 875 1802 in
897 1746 1010 1822 imperii
1031 1757 1138 1802 nature

61 1871 103 1908 ec
128 1851 264 1920 notione,
296 1861 327 1908 ut
354 1852 391 1908 ed
420 1871 479 1908 rern
513 1849 666 1906 militarem
694 1850 859 1924 pertineret.
903 1851 961 1910 Sed
983 1851 1054 1908 nihil
1078 1851 1137 1908 telo

64 1959 105 2014 eb
122 1957 159 2014 iis
174 1957 204 2012 h.
219 1955 237 2013 l.
252 1956 356 2013 leetunt
373 1975 445 2026 esse,
460 1955 485 2012 si
499 1975 545 2012 res
559 1956 625 2030 ipse
639 1955 724 2012 iidem
739 1975 797 2012 non
813 1955 894 2032 fecit,
912 1957 964 2032 (—
977 1966 1006 2014 et
1017 1967 1138 2032 quotus·

60 2063 194 2136 quisque
227 2071 279 2130 est,
316 2062 366 2135 qui
399 2081 434 2118 ee
466 2062 523 2119 fide
555 2073 633 2118 stete
655 2043 775 2118 firmiter
804 2061 930 2119 audeat?
962 2063 1014 2133 -)
1047 2061 1136 2120 vincit

61 2167 229 2225 auctoritas
253 2167 360 2225 codicis
392 2168 425 2226 M
448 2185 626 2243 quemquem
648 2167 783 2224 mendum
805 2167 904 2242 passi,
935 2167 965 2224 iu
996 2185 1056 2242 qno
1077 2165 1138 2242 pri·

61 2294 116 2331 me
142 2293 229 2330 mauu
251 2274 389 2349 scripturn
411 2283 468 2331 est:
502 2284 535 2331 et
561 2271 757 2330 duosferie
780 2291 820 2329 eo
843 2291 935 2330 enno
958 2283 1022 2344 oet„
1044 2273 1137 2331 altere

61 2381 186 2438 demum
209 2399 296 2437 manu
318 2380 363 2450 id,
392 2381 471 2455 quod
504 2380 590 2437 ceteri
614 2379 728 2437 eodiees
750 2379 867 2449 habent,
898 2386 1032 2455 (prorsus
1054 2389 1086 2436 ut
1108 2379 1136 2436 in

64 2487 159 2554 vul,
194 2487 243 2554 23,
281 2486 338 2561 10).
389 2487 423 2544 In
452 2487 589 2562 ambiguo
620 2485 669 2542 illo
701 2483 809 2542 codicis
841 2485 990 2560 archetypi
1022 2485 1137 2558 tuendo,

60 2591 150 2668 quod
173 2591 322 2648 Mediceus
346 2593 489 2662 servarit,
520 2611 578 2649 uon
611 2589 766 2666 imperis
793 2591 929 2660 suberat,
960 2591 1026 2661 sed,
1057 2591 1137 2665 quod

60 2716 158 2753 unum
181 2697 223 2752 rei
245 2707 344 2772 aptum
366 2707 425 2768 est,
458 2699 682 2760 utlnlsterlt.
736 2695 862 2752 Ministri
892 2696 966 2754 enim
994 2695 1025 2753 hi
1046 2697 1137 2772 impe-

63 2815 201 2860 ratorum
224 2813 254 2858 et
275 2803 316 2860 rei
331 2803 463 2860 militaris
486 2803 660 2860 instruendo
676 2801 968 2876 edittinistrentlaeque
990 2803 1138 2860 adiutores

59 2903 200 2978 oranti)

85 3141 111 3204 ι)
145 3143 282 3208 Superiore
300 3144 384 3206 cupite
403 3143 460 3205 (25,
480 3149 507 3206 5)
535 3143 623 3193 Livius
642 3159 694 3192 non
713 3143 825 3206 scripsit:
853 3143 975 3191 doeent
992 3157 1068 3192 euos
1088 3167 1139 3208 -,

142 3237 239 3286 simul
267 3237 304 3284 ed
332 3233 493 3284 Lautulas
521 3242 702 3298 pugnatum
731 3235 922 3293 audierunt,
959 3251 1015 3299 pro
1044 3235 1139 3285 vietis

142 3329 304 3377 Romanos
329 3327 504 3384 habuisse,
529 3334 558 3373 ut
576 3327 678 3374 codices
697 3337 723 3375 et
740 3327 865 3376 editiones
884 3327 990 3384 hebent,
1018 3327 1064 3375 sed
1082 3341 1140 3375 eu-

142 3423 273 3470 tlieriut.
316 3421 373 3469 Hoc
391 3429 492 3482 ternpus
518 3417 682 3482 (perfeetum)
707 3435 739 3468 ex
761 3421 877 3469 emtione
902 3429 970 3468 reete
990 3421 1015 3468 in
1035 3419 1140 3482 oblique

143 3523 268 3562 retentum
294 3515 321 3562 iu
340 3513 384 3562 teli
404 3511 530 3562 sententie
548 3526 674 3575 nusquam
698 3525 750 3560 uon
770 3513 877 3562 transite
896 3513 922 3562 in
941 3514 1140 3570 coniunctum,

143 3607 282 3656 ostendunt
300 3620 336 3653 ese
354 3605 489 3654 verborum
508 3604 605 3662 forense,
624 3617 681 3666 quet
699 3619 751 3652 nou
777 3619 828 3652 une
846 3604 931 3654 littere
953 3607 1056 3654 illstent.
1092 3604 1140 3653 Le-

143 3698 211 3760 gitur
229 3696 374 3747 huiusmodi
393 3698 457 3746 locis
475 3698 611 3760 aliquoties
630 3696 781 3746 iecerunt
798 3711 844 3760 pro
863 3695 876 3745 I
880 3698 1009 3746 ecerint
1025 3697 1140 3760 (impe-

144 3790 275 3838 tlieruut
304 3806 350 3854 pro
376 3790 587 3854 impedierint
617 3791 656 3850 11,
686 3795 727 3849 58,
757 3793 791 3848 5),
823 3803 948 3852 nusquam
978 3795 1055 3846 (certe
1077 3789 1140 3849 lide)

145 3882 228 3931 leeit
252 3897 299 3946 pro
326 3881 445 3932 feeerit
474 3891 519 3930 eut
544 3897 640 3944 quum
667 3882 825 3931 bellatum
845 3891 896 3931 est
914 3897 960 3946 pro
979 3881 1140 3930 belletum

143 3975 186 4024 sit
204 3973 370 4040 (XXXVIII,
390 3979 415 4033 8,
436 3973 472 4038 7).
512 3973 575 4034 cte,
596 3990 653 4038 quse
671 3975 788 4024 dleeutur
808 3975 840 4023 ed
859 3975 973 4034 XXXV,
995 3981 1034 4034 te,
1057 3975 1095 4024 13.

80 4063 112 4132 ⁸)
143 4064 207 4132 Cep.
226 4071 268 4128 29,
290 4073 321 4116 10
340 4067 408 4131 quod
427 4066 557 4117 scribitur:
586 4067 745 4116 Traditur
771 4068 847 4116 iutle
876 4067 1141 4118 diotumirebile
