2810 4644
571 293 629 348 3⁰7
931 295 1100 349 simvl.

66 472 203 540 tnr‚hoc
225 479 278 540 est,
299 471 556 546 interpraesentes.
589 473 816 545 Linxxvnt,
830 479 876 546 rt,
889 479 922 538 8:
944 479 1136 548 firmandae

66 576 243 634 amicitior
264 574 373 634 iidem
398 595 465 634 nec
487 578 578 636 dare
599 597 663 638 nec
685 579 856 656 accipere
883 584 956 642 nisi
981 605 1057 644 cum
1078 589 1134 664 ip-

65 701 105 740 so
134 701 255 740 coram
290 682 576 754 duceRoman03
609 685 739 756 XXXI,
768 688 823 752 28,
857 693 889 746 5:
916 687 986 749 'ubi
1012 711 1132 752 coram

63 791 318 864 disceptantes
340 789 526 847 consulem
553 799 587 848 et
608 800 803 866 praetorem
826 793 1028 856 audissent.

151 893 224 970 Cap.
249 896 297 964 ts,
320 897 354 950 4:
382 894 611 954 Postremum
634 917 675 954 eo
699 898 890 956 decursum
913 911 984 971 est,
1013 914 1050 961 ut
1071 923 1133 980 po·

64 1001 173 1076 pulns
194 999 409 1076 proconsuli
430 1003 588 1059 creando
610 1003 880 1078 inHispaniam
902 1007 1052 1066 comitia
1072 1011 1133 1068 ha·

65 1109 179 1164 beret.
230 1106 356 1162 Prorsus
377 1105 537 1164 inauditum
560 1117 619 1178 est,
653 1108 793 1185 populum
817 1111 935 1168 comitia
953 1113 1061 1172 habere
1082 1129 1133 1177 aut

63 1227 242 1286 quemquam
270 1209 325 1266 nisi
351 1229 416 1267 eum
446 1211 665 1286 magistratum,
698 1215 749 1288 qni
775 1216 914 1292 populum
937 1229 1130 1280 convocatum

63 1325 162 1391 roget3
183 1315 263 1372 nulla
283 1313 404 1372 minima
426 1325 477 1372 aut
499 1316 529 1374 in
551 1318 607 1375 hac
628 1329 679 1376 aut
701 1319 731 1380 in
754 1331 881 1396 cognata
901 1325 1066 1383 contionem
1078 1328 1130 1386 ha·

64 1420 153 1478 bendi
175 1419 370 1496 appellatione
390 1421 585 1479 inconstantia
604 1431 658 1484 est.
708 1426 815 1502 Populi
837 1445 942 1486 nomen
957 1439 1051 1488 ortum
1067 1449 1130 1490 esse

63 1537 137 1603 puto
159 1545 196 1583 ex
216 1545 281 1602 pro
303 1536 332 1583 et
353 1528 390 1584 ad
413 1528 442 1585 id
464 1529 716 1586 accommodatum
738 1531 911 1602 heberet,
941 1553 1029 1609 quum
1052 1547 1130 1595 recte

61 1633 203 1708 scriptum
228 1630 342 1690 fuisset:
371 1676 399 1693 ..
427 1642 465 1691 ut
486 1635 702 1709 proconsuli
725 1637 889 1694 creando
921 1683 949 1698 ..
977 1641 1129 1698 comitis

62 1739 300 1796 haberentur.
395 1738 507 1796 Eodem
548 1739 643 1815 capite
679 1744 694 1809 5
732 1743 767 1797 10
801 1742 837 1798 de
877 1743 1039 1802 animorum
1076 1747 1128 1804 ha·

62 1846 126 1902 bitu
147 1853 216 1920 post
238 1845 274 1901 P.
297 1843 462 1920 Scipionem
484 1845 686 1920 proconsulem
702 1846 732 1902 in
744 1847 919 1923 Hispaniam
942 1858 1070 1907 creatum
1088 1851 1129 1908 sic

59 1949 199 2007 scribitur
219 1950 248 2006 in
270 1950 431 2008 codicibus:
462 1948 631 2007 Ceterum
663 1961 751 2026 post
770 1973 840 2010 rem
864 1963 984 2012 actam
1090 1956 1128 2013 si·

59 2056 213 2113 lentium
235 2057 358 2114 subito
380 2065 496 2113 ortum
519 2065 553 2113 et
574 2055 691 2114 tacita
718 2058 922 2133 cogitatio,
956 2061 1127 2134 quidnam

59 2161 228 2236 egissent
249 2161 333 2218 novi
353 2161 459 2218 favor
480 2161 564 2236 plus
585 2161 773 2219 valuisset
795 2182 901 2237 quem
922 2165 1031 2221 ratio.
1062 2167 1128 2224 Pri·

55 2285 138 2324 mum
163 2267 223 2340 qui,
244 2287 281 2325 ne
301 2267 471 2336 erraverint,
493 2267 603 2337 timent,
627 2286 697 2341 non,
719 2267 790 2342 quid
809 2270 877 2326 novi
900 2270 1019 2345 egerint,
1040 2271 1129 2330 inter·

55 2381 174 2448 rogant,
196 2373 247 2431 sed
272 2373 341 2448 quid
363 2372 475 2448 egerint
496 2372 589 2444 (Was
610 2374 710 2430 haben
732 2374 787 2431 wir
808 2373 884 2431 denn
905 2377 1056 2451 getheum
1079 2377 1129 2436 de·

56 2479 126 2536 inde
158 2478 188 2535 iu
219 2479 312 2537 altera
342 2479 497 2554 negatione
523 2497 617 2552 neque
646 2497 726 2536 num
754 2479 824 2555 poni
846 2488 956 2554 potest,
991 2484 1128 2556 quoniam

56 2583 192 2640 homiues
219 2586 403 2662 suspicantur
431 2584 474 2641 ita
504 2601 584 2654 esse,
614 2603 708 2658 neque
734 2603 868 2656 annon,
906 2587 984 2660 quod
1008 2588 1128 2663 antiquo

56 2686 197 2762 loquendi
227 2707 280 2746 usu
301 2708 450 2765 nunquam
477 2689 736 2766 (quemadmodum
762 2690 817 2765 aa)
847 2692 875 2747 in
902 2690 1128 2768 interrogatione

56 2791 257 2868 superioribus
280 2795 461 2852 adnectenda
482 2794 614 2871 ponitur;
636 2796 691 2853 etsi
712 2815 750 2853 ne
772 2815 815 2853 an
840 2796 955 2870 quidem
978 2799 1006 2856 h.
1018 2799 1037 2856 1.
1050 2809 1127 2858 reete

56 2909 224 2972 poneretur.
259 2899 456 2975 Relinquitur:
478 2901 599 2958 tacita
623 2899 815 2976 cogitatio,
842 2902 1013 2976 quidnam
1036 2907 1127 2981 egis·

57 3017 156 3074 sant3
173 3025 294 3068 nassa
315 3005 518 3083 favorplus
534 3005 722 3062 valuisset
746 3023 852 3078 quam
875 3008 987 3079 rati03
1010 3013 1127 3084 (exhac

58 3119 138 3168 rocta
148 3110 348 3186 interrogandi
359 3111 467 3170 forma:
484 3109 632 3186 Quidnam
646 3109 780 3184 egimus?
801 3111 908 3169 Nonne
925 3157 975 3174 ...
994 3115 1127 3187 valuit?).

141 3215 217 3292 Cap.
242 3218 296 3284 22,
319 3221 334 3274 7
360 3218 401 3286 (in
424 3219 461 3276 T.
491 3215 595 3276 Manlii
616 3213 799 3272 consulatum
829 3220 989 3278 recusantis
1011 3223 1050 3279 ad
1072 3221 1125 3280 On.

58 3321 207 3390 Fulvium,
229 3321 279 3396 qui
304 3323 422 3380 comitis
442 3323 579 3392 habebat,
603 3321 765 3395 oratione):
787 3323 957 3396 proinde,
979 3325 1009 3382 si
1028 3326 1124 3384 vide-

58 3437 179 3495 retur,
201 3435 236 3483 et
266 3426 386 3484 redire
413 3425 447 3484 in
477 3427 700 3503 suffragium
728 3428 920 3486 Veturiam
942 3430 1124 3490 iuniorum

58 3533 204 3590 iuberet
225 3541 259 3589 at
279 3533 506 3592 meminisset
531 3535 566 3591 in
595 3533 810 3590 consulibus
833 3534 1005 3591 creandis
1028 3536 1125 3606 belli,

58 3639 156 3712 quod
180 3638 215 3695 in
237 3638 352 3695 Italia
381 3639 428 3696 sit
460 3649 513 3696 cet.
565 3639 634 3696 Non
670 3635 724 3696 Cn.
748 3637 870 3694 Fulvius
898 3640 1064 3698 meminisse
1096 3644 1124 3700 id

59 3743 194 3814 debebat,
216 3744 268 3800 sed
291 3745 340 3818 qui
361 3743 502 3820 suffragia
523 3745 670 3811 ferebant3
693 3743 792 3817 itaque
813 3753 890 3820 reete
912 3745 1036 3804 editores
1058 3750 1125 3807 ante

58 3847 171 3906 Aldum
193 3850 401 3908 meminisse
427 3859 586 3926 posuerant
615 3847 748 3921 (redire
776 3894 803 3908 ..
832 3859 866 3906 et
891 3852 1125 3927 meminisse);

58 3953 195 4011 librarius
225 3956 281 4014 hoc
302 3959 422 4016 verbum
445 3957 522 4015 male
549 3956 587 4014 ad
609 3955 757 4022 iuberet
786 3958 1028 4018 accommodavit.
1078 3960 1124 4018 Eo

60 4059 154 4134 magis
181 4071 322 4136 apparet,
350 4081 487 4139 perverse
514 4063 576 4120 haec
604 4071 745 4137 tanquam
769 4060 828 4116 dno
854 4060 928 4120 inter
948 4083 979 4122 se
1001 4065 1126 4140 aqualia

873 4188 924 4238 20⁸
