2800 4646
241 259 298 310 Lib.
311 259 439 314 xxxvt.
743 265 804 322 416

240 445 386 520 placuit.
435 445 493 520 Qui
513 444 623 521 primus
652 447 714 506 hsec
735 447 790 506 sibi
812 447 937 505 obscure
958 455 987 504 et
1007 446 1096 505 dubie
1116 447 1208 506 videri
1230 467 1303 508 con-

241 549 334 610 fessus
355 561 407 622 est,
429 550 591 624 Creverius,
613 552 690 612 idern
711 555 753 612 itu
777 571 913 612 suerrus
933 561 1055 612 conatus
1075 563 1127 625 est,
1148 565 1181 612 ut
1202 555 1245 613 ed
1265 555 1302 612 id

240 665 330 714 esset:
367 675 461 733 usque
484 657 522 716 ud
546 658 576 716 id
598 670 686 736 ceput
707 660 832 730 decreti,
867 677 926 733 quo
946 658 1092 730 finiretur,
1121 677 1185 734 quse
1206 661 1302 718 cuius·

241 781 296 837 que
319 763 470 840 provincio
491 775 576 825 esset.
630 763 689 824 Sed
720 784 814 840 neque
847 765 890 822 sd
911 764 945 822 id
979 765 1020 822 sic
1042 765 1098 822 dici
1118 775 1215 840 potest
1238 785 1301 839 nec,

240 886 304 942 quae
344 867 482 944 cuiusque
513 871 665 946 provincie
700 881 785 942 esset,
821 890 840 928 e
872 881 973 930 senatu
1001 871 1217 942 decernebatur,
1247 874 1301 930 sed

239 983 325 1044 sorte,
341 985 373 1032 ut
396 975 505 1034 nullum
527 977 562 1034 de
586 996 622 1035 ee
643 997 674 1035 re
698 977 826 1054 caputio
847 977 1097 1036 senatusconsulto
1110 986 1200 1046 esset3
1215 997 1300 1036 seuu-

240 1091 294 1150 tus,
317 1080 394 1156 quod
416 1081 477 1140 eius
500 1092 571 1154 erut,
593 1091 747 1158 utromque
772 1084 952 1142 consulerem
968 1083 1148 1160 provinciam
1170 1103 1301 1142 commu·

238 1187 313 1244 niter
335 1187 394 1246 iem
419 1188 597 1250 decreverat.
657 1188 847 1264 Perspicuum
869 1199 929 1258 est,
962 1189 1076 1248 Livium
1109 1189 1165 1248 hoo
1195 1189 1300 1262 dicere,

238 1313 283 1364 es,
305 1313 369 1370 quse
392 1293 526 1370 exposite
556 1296 694 1354 hacteuus
721 1295 795 1366 siut,
828 1295 858 1352 in
884 1296 1023 1354 incertum
1056 1295 1143 1354 sortis
1164 1305 1299 1356 eventurn

238 1401 353 1458 decretu
374 1419 446 1470 esse,
468 1401 549 1458 utin
573 1401 748 1460 instruendis
769 1402 925 1480 provinciis
953 1401 1023 1458 nihil
1043 1411 1143 1477 posset
1164 1403 1300 1475 consulis,

238 1507 288 1583 qui
309 1507 413 1582 cuique
433 1506 609 1582 prael'uturus
631 1517 725 1578 esset,
745 1506 842 1582 gretie
864 1515 915 1564 eut
936 1504 1029 1563 feror.
1077 1504 1190 1581 Opinor
1210 1507 1301 1584 igitur

239 1614 352 1672 Liviutir
381 1613 545 1688 scripsisse:
593 1613 658 1670 His
690 1613 744 1670 itu
785 1614 819 1670 in
859 1621 987 1670 senatu
1021 1611 1117 1674 used
1160 1613 1203 1670 od
1244 1613 1300 1684 id,

238 1739 313 1796 quse
341 1719 444 1778 cuius
473 1718 668 1794 provincie
700 1717 812 1790 foret,
844 1717 1004 1775 decretis
1028 1719 1116 1788 (ohne
1137 1719 1299 1778 Ruclrsicbt

237 1823 358 1895 dursui,
393 1824 500 1882 welche
531 1824 659 1882 Provinu
688 1824 781 1882 iedem
802 1823 855 1882 der
876 1822 1005 1882 Consuln
1026 1822 1151 1882 uuisllen
1174 1825 1298 1898 warde).

237 1931 314 1988 Nem
337 1929 492 1988 violentum
516 1938 572 1987 est:
610 1929 644 1986 in
666 1941 795 1988 senatu
817 1931 860 1987 ab
882 1929 1039 2005 ignaris,
1077 1931 1299 2006 quecuius-

237 2055 303 2112 que
326 2047 379 2094 cet
423 2036 519 2110 Quam
541 2035 625 2094 facile
655 2036 752 2094 bend
776 2035 826 2094 illo
847 2035 912 2092 loco
934 2035 1066 2092 excidere
1087 2039 1223 2112 punierit,
1244 2057 1299 2114 ep·

236 2152 327 2220 peret
831 2137 835 2146 ’

322 2247 394 2326 Cup.
429 2253 457 2320 d,
493 2251 522 2304 l:
554 2247 626 2308 Sub
648 2247 905 2322 idemtempus
941 2247 1058 2323 legati
1092 2248 1136 2304 sb
1158 2247 1300 2306 duobus

238 2353 402 2428 regibus,
424 2353 598 2430 Philippo
623 2353 845 2411 Macedonite
867 2363 901 2411 et
923 2353 1122 2412 Ptolemaeo
1144 2355 1299 2430 AEgypti

238 2477 330 2536 rege,
351 2460 499 2516 Romam
520 2469 713 2530 venerunt,
742 2459 966 2536 pollicentes
991 2460 1037 2516 ud
1061 2458 1191 2517 bellurn
1214 2479 1300 2517 erix-

237 2565 302 2622 ilia
322 2575 357 2622 et
377 2564 565 2641 pecuniam
590 2573 625 2621 et
647 2563 882 2634 frumentum
905 2566 948 2624 eb
968 2564 1167 2623 Ptolemaeo
1189 2565 1298 2622 etiarn

236 2671 333 2730 mille
354 2671 474 2747 pondo
507 2670 606 2742 euri,
643 2671 778 2746 viginti
798 2670 901 2728 milis
921 2671 1042 2747 pondo
1064 2671 1208 2745 argenti
1230 2671 1298 2727 ud-

237 2777 319 2834 letu.
360 2778 432 2834 lloec
454 2795 512 2834 non
533 2777 611 2834 iteu
633 2777 719 2834 Livio
741 2777 849 2854 scripte
873 2795 944 2847 esse,
966 2774 1096 2834 nonnihil
1118 2777 1204 2834 etiem
1228 2796 1299 2834 ore-

237 2883 322 2940 tionis
345 2881 440 2940 formu
462 2883 573 2958 arguit,
600 2881 629 2938 in
663 2883 785 2958 repetito
807 2893 874 2959 post
895 2883 1045 2959 regibus
1075 2883 1190 2940 numine
1211 2902 1299 2958 rege

236 2988 349 3058 vitiosa,
370 2989 422 3046 sed
443 2989 533 3046 multo
556 2988 649 3064 magis
671 2989 801 3060 codices,
834 3009 853 3047 u
874 2987 978 3064 quibus
999 2988 1141 3056 omnibus,
1175 2999 1299 3063 excepto

236 3114 293 3152 uno
314 3094 568 3171 interpolatissimo
591 3093 669 3170 apud
692 3093 877 3166 crevenum,
910 3095 992 3152 ubest
1015 3093 1240 3152 Macedoniae
1262 3099 1300 3161 (e

236 3201 370 3260 Betium
392 3210 443 3272 et,
472 3212 504 3257 ut
529 3201 685 3258 scribatur:
711 3201 887 3277 Philippo
919 3201 1114 3260 Ptolemaeo
1144 3200 1299 3277 AEgypti

234 3308 345 3384 rege).
372 3309 477 3384 Iteque
497 3297 677 3378 Gronovius,
699 3325 787 3382 quum
810 3307 910 3364 autin
933 3315 1056 3381 utroquo
1077 3313 1128 3362 eut
1152 3304 1182 3360 in
1192 3313 1299 3361 neutro

234 3413 316 3488 regni
337 3431 443 3470 nomeu
464 3412 628 3470 addendum
658 3423 752 3484 esset,
780 3411 866 3470 scribi
890 3411 1021 3469 volebat:
1125 3409 1299 3486 regibus,

235 3519 407 3594 Philippo
431 3528 465 3576 et
486 3517 694 3590 Ptolemaeo,
718 3519 864 3577 Romam
888 3525 1069 3574 venerunt.
1114 3515 1172 3574 Sed
1193 3517 1222 3572 in
1245 3533 1298 3573 co-

234 3625 296 3684 dice
317 3626 403 3702 longe
424 3625 553 3701 optimo,
582 3625 629 3698 M,
654 3633 795 3701 praeteree
824 3642 878 3700 pro
908 3620 1132 3699 pollicentes
1162 3621 1300 3679 scribitur

234 3731 408 3807 Philippo
429 3731 650 3808 pollicente,
681 3750 739 3806 quo
760 3732 825 3788 loco
845 3747 930 3788 uerno
952 3737 1003 3784 eut
1023 3727 1299 3784 intervenerunt

233 3845 262 3893 et
282 3836 508 3913 pollicentes
530 3837 682 3896 additurus
702 3837 877 3914 Philippo
901 3843 963 3892 erut
982 3834 1019 3891 de
1040 3851 1093 3890 suo
1117 3841 1168 3891 unt
1188 3832 1298 3910 polli-

234 3951 365 4000 centes
387 3953 557 4003 muteturus.
611 3945 761 4020 Apparet,
784 3943 905 4020 opinor,
929 3951 995 4014 eut,
1018 3941 1130 3998 adscite
1150 3937 1296 3998 Gronovii

234 4045 406 4116 coniectura,
417 4048 458 4104 sic
471 4048 652 4104 scribendum
669 4066 744 4105 esse:
766 4047 882 4123 leguti
905 4049 950 4105 ub
972 4047 1111 4105 duobus
1135 4045 1297 4122 regibus,
