2800 4646
600 296 658 352 379
975 293 1033 346 Lib.
1044 292 1158 342 XXXII.

99 476 175 534 rium
204 476 322 534 vanimos
358 478 414 536 sibi
448 473 601 536 conciliare
638 475 795 551 studenti):
826 477 870 535 Et
902 497 979 536 cum
1010 479 1160 536 Achaeis

102 581 247 656 quidem
269 600 332 657 per
353 582 427 639 baec
450 581 665 640 societatem
686 581 871 642 firmabat.
914 584 1158 642 Macedonum

102 687 245 745 animos
283 705 358 744 cum
389 687 623 745 Heracliden
653 689 805 746 amicum
836 689 991 747 maxime
1012 689 1159 746 invidie

101 793 177 851 sibi
198 810 279 850 esse
300 801 482 864 cerneret,
511 793 637 851 multis
668 793 886 852 criminibus
914 803 1099 852 oneratum
1121 795 1159 852 in

101 898 227 956 vincla
255 898 430 969 coniecit,
464 899 609 974 ingenti
642 899 881 975 popularium
911 900 1055 975 gaudio.
1111 900 1160 961 Sic

102 1005 166 1062 sine
197 1003 256 1060 ulls
277 1003 365 1063 liture
396 1006 528 1081 spetiove
552 1024 646 1062 vecuo
667 1005 697 1063 in
718 1005 746 1063 B
768 1005 910 1074 scribitur,
932 1026 969 1064 ex
990 1025 1049 1082 qua
1070 1006 1160 1082 scrip·

102 1119 170 1166 tura
192 1129 280 1184 quem
301 1109 380 1168 facili
401 1121 429 1168 et
451 1119 531 1168 certe
552 1109 753 1168 emendatione
775 1129 875 1167 verum
897 1122 1043 1182 oreretur,
1079 1113 1160 1170 cuius

101 1215 228 1291 vestigia
249 1216 278 1274 in
300 1216 401 1276 ceteris
423 1217 569 1276 codicibus
598 1215 671 1273 mire
703 1215 895 1291 interpolsndi
918 1217 1034 1274 dcentie
1055 1218 1159 1276 obscu-

103 1330 170 1380 rata
191 1331 289 1393 erant,
311 1323 372 1380 dixi
392 1323 451 1380 iem
473 1341 499 1381 a.
528 1324 619 1392 1829;
653 1322 725 1391 (vid.
748 1319 856 1396 Opusc.
880 1323 976 1382 Aced.
998 1323 1030 1380 II
1047 1343 1076 1399 p.
1100 1325 1158 1380 363

103 1431 193 1503 sqq.).
241 1427 320 1486 Nem
343 1427 496 1504 geminatis
520 1428 632 1485 duabus
653 1427 790 1485 extremis
811 1427 912 1486 litteris
934 1428 1015 1486 verbi
1037 1429 1120 1486 firm
1129 1449 1160 1485 a·

103 1534 175 1603 bst,
203 1534 250 1590 bt:
280 1536 328 1592 At
356 1534 423 1606 (hoc
445 1543 501 1590 est:
532 1534 588 1608 ad)
618 1532 854 1591 Macedonum
882 1533 1021 1590 animos
1052 1551 1159 1608 quum

102 1638 331 1698 Heracliden
360 1640 512 1698 amicum
534 1637 689 1696 maxime
717 1638 863 1695 invidiae
884 1639 954 1696 sibi
977 1657 1057 1696 csse
1081 1658 1160 1696 cer·

103 1753 224 1814 neret,
255 1747 410 1804 merim.
434 1765 530 1804 ouer.
559 1744 593 1801 in
615 1744 737 1802 vincla
758 1744 938 1816 coniecit,
960 1754 1013 1802 cet.
1059 1744 1161 1820 Aptis-

102 1848 177 1908 sime
194 1849 296 1907 Livius
323 1851 365 1908 sic
394 1851 431 1908 eb
453 1850 569 1909 Acbseis
597 1849 635 1906 ed
659 1849 834 1908 Macedones
854 1851 974 1922 transit,
1006 1859 1057 1920 ut,
1093 1849 1161 1925 quid

75 1965 80 1974 '
103 1954 171 2012 illos
193 1955 319 2013 maxime
339 1956 369 2012 in
392 1955 528 2031 Philippo
550 1952 720 2028 offenderit,
746 1956 842 2028 dicet,
875 1957 978 2014 deinde
999 1956 1029 2013 id
1051 1955 1161 2030 Philip·

103 2079 175 2137 pum
197 2062 345 2120 sustulisse
365 2070 472 2120 narret.
521 2061 561 2118 Et
581 2061 728 2118 invidiae
749 2063 864 2137 quidem
887 2062 999 2120 alicui
1027 2079 1091 2118 esse
1111 2071 1163 2118 eut

103 2167 264 2225 invisum
286 2185 365 2226 esse
387 2167 439 2236 ad,
461 2167 517 2224 boc
538 2174 596 2235 est,
620 2167 713 2242 epud
746 2168 908 2243 aliquem
939 2186 1026 2242 quem
1057 2166 1162 2224 usitate

104 2273 229 2342 dicetur,
251 2273 400 2330 declarent
420 2272 608 2349 ipeiue⁸Livii
630 2273 763 2348 exempla
779 2273 847 2330 olim
870 2293 888 2330 a
910 2291 955 2331 me
976 2273 1081 2348 posite,
1103 2272 1160 2342 III,

106 2379 142 2435 31
171 2377 331 2451 (incidite
357 2389 479 2436 temen
498 2397 557 2434 res
587 2377 631 2434 ad
654 2381 857 2438 exercitum
879 2380 961 2452 fuit)
992 2389 1021 2435 et
1042 2378 1162 2448 XXIV,

107 2483 394 2557 succubitura
414 2502 526 2559 genus
547 2502 652 2540 omne
672 2496 887 2561 partemque
908 2503 1071 2560 magnam
1089 2484 1162 2559 ple·

106 2589 162 2648 bis
191 2589 348 2648 invisum
380 2608 459 2648 esse
488 2607 618 2646 nomen
640 2589 852 2662 Romanum)
885 2600 914 2646 ct
937 2589 1085 2648 Ciceronis
1107 2589 1162 2668 (ud

105 2695 198 2754 Attic.
225 2696 311 2766 VIII,
335 2695 613 2754 &invidiosum
634 2695 678 2750 sd
702 2695 846 2770 bonos),
876 2707 908 2752 ut
934 2695 1004 2752 nihil
1031 2714 1105 2772 opus
1126 2697 1163 2753 ait

105 2801 319 2878 praepositionis
339 2801 385 2858 ad
406 2801 506 2859 eodem
531 2800 693 2874 significatu
717 2799 795 2876 apud
816 2799 921 2857 similia
938 2803 1028 2858 verbe
1042 2802 1164 2860 locutio-

107 2925 196 2964 ncsve
218 2907 464 2983 poeitaeexemplc
487 2905 610 2964 Liviana
626 2905 733 2962 addere
756 2905 846 2978 (velut
868 2906 906 2976 V,
919 2909 947 2976 6,
971 2911 1006 2964 6:
1029 2906 1162 2965 famam

107 3013 152 3072 ad
173 3023 316 3070 ceteros
337 3013 494 3089 populos
520 3030 689 3087 quaerere,
712 3011 834 3080 XXIX,
862 3016 907 3082 ll,
930 3017 965 3069 4:
988 3023 1096 3084 terre,
1119 3015 1164 3072 ad

107 3137 198 3194 quas
226 3119 461 3178 concilianda
492 3117 668 3174 maiestas
701 3118 836 3175 nomini
863 3119 1026 3176 Romano
1056 3133 1165 3190 esset,

107 3227 166 3284 ibd.
188 3227 237 3290 22,
260 3227 289 3296 8,
312 3225 464 3294 XXXVI,
481 3225 509 3292 8,
533 3227 564 3281 t:
587 3223 765 3298 quaerenti
786 3223 863 3280 sibi
884 3225 1164 3282 commendatio·

106 3349 184 3388 nem
206 3330 249 3388 ad
270 3330 507 3388 Macedonum
529 3337 672 3403 gentem
695 3339 728 3386 et
756 3329 933 3386 invidiam
959 3329 1052 3404 regi,
1082 3339 1111 3386 et
1133 3334 1165 3386 5:

106 3434 247 3492 nullam
275 3435 430 3510 gretiam
457 3433 501 3490 sd
531 3435 764 3504 Macedones,
805 3433 923 3490 odium
957 3433 1086 3509 ingens
1122 3435 1165 3492 ad

107 3540 317 3617 Philippum
355 3540 490 3612 movit).
550 3539 636 3613 Quod
677 3549 773 3596 autem
807 3539 1059 3596 Weissenbornius
1090 3541 1166 3598 hunc

107 3645 337 3704 emendationem
359 3645 541 3722 prebendam
563 3643 654 3702 videri
676 3645 804 3722 potuisse
824 3644 949 3714 iudicat,
979 3645 1004 3702 si
1025 3653 1101 3702 esset
1122 3645 1165 3702 sd

106 3751 341 3823 Macedones,
364 3771 399 3809 ea
419 3771 490 3809 vcro
506 3751 650 3808 distinctio
665 3749 746 3808 nulla
760 3759 813 3822 est,
837 3749 975 3825 quoniam
989 3767 1047 3806 non
1071 3748 1165 3806 minus

106 3858 221 3916 animos
241 3857 389 3916 hominum
401 3855 573 3914 offendimus
585 3875 673 3932 quem
682 3857 762 3932 ipsos
771 3856 901 3914 homiues
912 3873 965 3912 nec
986 3855 1079 3912 minus
1089 3855 1166 3932 epud

106 3965 221 4024 animos
247 3963 334 4022 invisi
356 3981 455 4022 sumus
477 3982 565 4039 quem
596 3964 674 4040 apud
696 3963 840 4034 bomines3
868 3961 971 4020 meluit
999 3972 1095 4018 sutem
1125 3961 1167 4020 sic

107 4071 209 4130 Livius
230 4069 373 4140 scribere,
403 4069 480 4144 qued
503 4069 540 4126 ab
562 4069 643 4127 initio
665 4069 822 4140 sententiae,
849 4068 975 4126 nondum
998 4069 1094 4144 posito
1117 4067 1167 4126 illo
