2800 4646
777 271 836 327 204

277 465 309 512 ut
331 455 489 512 certissime
520 473 585 511 cum
613 473 648 511 eo
675 453 818 529 copulent.
866 452 952 526 Quod
981 461 1079 509 autem
1111 461 1139 508 et
1162 451 1229 508 libri
1257 451 1339 508 XXI

278 564 315 620 eb
340 561 421 618 initio
445 569 474 617 et
493 560 560 619 libri
571 561 668 618 XXX
680 558 801 617 extremi
823 576 892 634 pers
914 559 1013 632 aIIqua
1034 558 1063 614 in
1084 556 1134 614 illo
1156 558 1246 624 deest,
1275 575 1341 630 qure

277 667 307 724 iu
329 666 431 724 ceteris
457 665 604 722 codicibus
626 675 670 722 est
695 663 760 740 (etsi
784 665 870 722 etiam
898 665 976 724 Med.
1005 664 1034 720 iu
1056 665 1112 720 fine
1134 663 1251 720 mutilus
1273 665 1341 734 est),

279 780 402 848 apparet
429 779 495 846 post
526 771 640 828 codices
665 770 739 827 elios
767 771 834 828 inde
861 770 1021 845 descriptos
1042 769 1138 844 prima
1159 778 1188 826 et
1209 777 1343 824 extrema

277 877 365 948 folia,
397 885 429 934 ut
449 877 497 946 fit,
527 893 596 932 casu
626 884 655 933 et
682 875 858 952 negligentia
879 885 929 932 aut
957 875 987 932 vi
1009 874 1132 949 denique
1152 873 1343 931 intercidisse

279 985 399 1058 Itaque,
427 982 473 1040 his
499 981 631 1056 partibus
654 982 796 1056 exceptis,
826 982 991 1056 ubIcunque
1011 981 1047 1038 de
1068 979 1175 1037 codicis
1197 979 1343 1036 Puteenei

280 1089 423 1164 scriptura
445 1096 576 1157 constat,
606 1088 644 1144 ad
672 1106 736 1144 eum
764 1105 862 1156 unum,
889 1087 992 1144 ceteris
1015 1086 1157 1153 omnibus,
1178 1083 1265 1141 etiam
1290 1103 1344 1140 an·

279 1195 366 1271 tiquis
396 1202 425 1250 et
454 1192 630 1267 reliquorum
662 1193 755 1249 turboe
780 1192 867 1267 longe
896 1192 1120 1267 praestantibus,
1156 1190 1344 1265 posthabitis,

280 1301 374 1359 omnis
396 1317 473 1357 verse
500 1297 649 1372 scripture
678 1297 852 1354 existimatio
881 1307 909 1354 et
936 1296 1090 1372 exquisitio
1119 1294 1272 1353 referenda
1300 1307 1345 1352 est

282 1407 353 1477 (nisi
374 1405 449 1464 torte
472 1406 541 1480 qnid
562 1405 630 1462 olim
655 1405 684 1460 iu
706 1422 742 1460 eo
764 1403 946 1478 perspicuum
985 1420 1060 1460 nrrnc
1081 1402 1220 1474 evanuit).
1263 1402 1345 1460 Usus

280 1521 324 1570 est
347 1520 442 1569 autem
475 1511 585 1586 primus
614 1529 649 1567 eo
679 1509 779 1566 codice
805 1511 849 1567 Io.
872 1511 922 1566 Fr.
945 1507 1114 1568 Gronovius
1141 1526 1205 1564 cum
1226 1525 1345 1564 summo

281 1617 358 1676 Livii
379 1616 491 1687 fructu,
524 1616 653 1674 adhibito
684 1615 789 1689 ingenii
820 1615 969 1684 acumine,
1006 1615 1055 1672 sed
1086 1614 1243 1688 scripturas
1266 1611 1346 1669 illius

281 1723 375 1780 aetetis
397 1741 477 1778 more
500 1725 602 1796 (quum
618 1722 689 1798 ipsc,
712 1721 792 1778 utin
814 1721 984 1797 praefatione
1006 1729 1136 1788 testetur,
1152 1718 1261 1775 nullum
1284 1737 1346 1774 uon

282 1829 393 1904 apicem
422 1837 590 1902 persecutus
618 1830 712 1899 esset)
743 1835 854 1884 tantum
887 1807 1060 1900 excerptas,
1093 1843 1109 1880 e
1144 1823 1246 1898 quibus
1279 1823 1346 1899 ipse

282 1933 498 1992 emendationes
515 1931 750 2006 suspicionesque
772 1933 904 2002 duxerat,
926 1930 1082 2006 evulgavit.
1126 1929 1248 1986 Addidit
1269 1947 1346 2004 pau-

282 2058 332 2096 cas
356 2037 614 2096 Drakenborchius
635 2057 653 2093 a
680 2037 803 2095 Sallcrio
831 2036 1077 2102 subministratae,
1108 2019 1249 2108 quasdam
1272 2033 1345 2090 Cre·

283 2145 388 2214 verius,
413 2153 513 2200 neuter
534 2143 595 2199 sine
617 2142 772 2200 erroribus.
821 2145 931 2202 Nostro
955 2150 1050 2198 autem
1075 2149 1206 2215 tempore
1227 2158 1344 2196 ornnem

283 2251 431 2326 scripturae
452 2249 623 2306 varietatem
646 2248 674 2304 in
697 2249 788 2305 tribus
811 2249 911 2323 primis
944 2247 1025 2304 libris
1047 2244 1249 2304 Alsclreiskius
1273 2263 1292 2301 a
1314 2262 1345 2300 se

283 2367 429 2414 enotatam
462 2355 551 2412 edidit
583 2353 671 2424 (setis
705 2351 829 2410 molesta
858 2352 978 2422 forma),
1010 2352 1038 2408 in
1070 2369 1123 2407 sex
1148 2351 1291 2426 proximis
1314 2352 1345 2424 (a

283 2463 393 2520 XXIV
417 2463 454 2518 ad
476 2461 612 2532 XXIX),
635 2457 706 2516 eG.
719 2457 851 2514 Beckero
873 2458 1025 2532 diligenter
1047 2456 1230 2530 descriptam,
1248 2456 1344 2512 Weis-

283 2567 468 2638 senbornius,
501 2567 550 2640 qui
574 2565 636 2621 iure
657 2565 733 2620 hunc
755 2563 894 2632 codicem,
919 2573 1058 2637 quantum
1080 2561 1186 2631 liceret,
1214 2561 1269 2618 sibi
1291 2581 1344 2618 ex-

282 2673 462 2748 primendum
485 2671 652 2746 proposuit;
673 2669 702 2724 in
724 2669 798 2726 libro
820 2670 917 2727 XXX
933 2663 1146 2736 Alsckestius‚
1169 2685 1258 2741 quum
1278 2687 1343 2725 eum

283 2780 386 2836 librum
409 2777 566 2853 separatim
589 2777 702 2844 ederet,
739 2793 807 2832 usus
843 2787 906 2832 eret
938 2776 1088 2852 scripturis
1110 2775 1148 2830 ab
1169 2774 1205 2830 E.
1228 2773 1345 2830 Millero

234 2911 240 2924 ι
283 2883 408 2940 enotatis
432 2901 538 2957 easque
561 2881 824 2939 incommodissime
846 2882 1006 2958 discerptas
1030 2901 1088 2938 non
1117 2897 1218 2937 omncs
1246 2879 1346 2943 edidit,

283 2988 427 3062 supplevit
450 2998 545 3045 autem
569 2997 671 3064 postca
693 2989 755 3063 ipse
779 2987 910 3063 quiedam
940 2997 968 3054 et
989 2987 1131 3055 correxit,
1159 3003 1224 3059 quae
1248 2985 1346 3042 Weis-

283 3093 453 3150 senbornius
474 3093 515 3150 ita
540 3095 716 3169 composuit,
740 3103 772 3150 ut
799 3105 895 3150 tamon
924 3093 1033 3168 aliquid
1066 3093 1094 3150 in
1122 3094 1178 3150 hoc
1206 3090 1280 3147 libro
1307 3091 1346 3147 ad

283 3198 398 3273 plenam
422 3199 615 3274 cognitionem
640 3199 721 3256 desit.

367 3305 481 3362 Desunt
501 3323 591 3374 nunc,
619 3305 731 3360 utiam
753 3303 823 3372 dixi,
845 3303 952 3360 codicis
976 3304 1117 3361 Puteanei
1139 3303 1211 3361 folia
1233 3303 1347 3376 aliquot

282 3410 312 3466 in
335 3410 416 3467 initio
439 3421 468 3468 et
489 3412 554 3480 fine,
575 3409 605 3466 ia
628 3411 731 3484 quibus
754 3419 836 3466 erant
856 3409 922 3466 libri
944 3409 1026 3467 XXI
1046 3409 1200 3486 capitato
1225 3417 1253 3466 ct
1274 3426 1346 3484 pars

283 3517 499 3590 quadragesimi
527 3516 611 3592 primi
644 3515 713 3583 (nisi
741 3514 819 3590 quod
850 3515 907 3572 duo
939 3515 1010 3572 Iolia
1036 3523 1251 3580 remanserunt,
1280 3533 1347 3588 quse

282 3621 430 3678 continent
451 3640 475 3678 c.
499 3623 554 3691 20,
583 3624 600 3680 8
627 3623 664 3679 ad
688 3624 743 3690 21,
780 3623 813 3678 13
837 3631 866 3676 et
890 3639 914 3680 c.
938 3621 994 3688 29,
1020 3623 1037 3676 6
1062 3619 1098 3676 ad
1123 3623 1172 3688 30,
1199 3623 1259 3690 tt),
1279 3618 1346 3677 libri

283 3735 379 3782 autem
402 3727 498 3784 XXX
520 3747 589 3803 pars
611 3727 671 3786 fere
693 3727 779 3784 tertie
801 3747 819 3784 a
840 3745 864 3784 c.
888 3729 937 3796 30,
963 3729 1009 3796 tt,
1031 3724 1086 3782 nisi
1108 3725 1186 3799 quod
1208 3723 1255 3781 hic
1274 3741 1345 3796 quo-

283 3851 339 3906 que
362 3833 466 3889 mansit
489 3832 589 3891 folium
615 3853 702 3891 unrtm
726 3833 875 3890 continens
897 3851 921 3890 c.
945 3835 999 3902 37,
1032 3833 1049 3889 3
1081 3831 1118 3888 ed
1149 3833 1204 3900 38,
1238 3832 1265 3889 3.
1311 3831 1344 3887 In

282 3935 327 3992 his
354 3936 442 4011 igit-ur
469 3939 598 4012 partibus
627 3959 726 3997 eorum
756 3939 886 3996 codicum
920 3939 1093 3995 auctoritate
1124 3935 1260 3993 standum
1293 3945 1345 4002 est,

282 4042 331 4116 qui
353 4042 393 4098 illi
416 4044 540 4118 proximi
563 4055 645 4114 sunt,
677 4063 692 4101 e
722 4045 826 4118 quibus
855 4062 945 4120 supra
969 4053 1081 4101 ceteros
1104 4041 1229 4100 eminent
1251 4041 1345 4099 Medi·
