2822 4648
581 263 636 319 143
979 263 1036 312 Lib.
1056 263 1115 312 VII.

155 442 270 499 Eodem
293 443 388 518 capite
409 444 437 514 (ξ
451 441 495 519 9),
518 444 567 501 ubi
589 443 696 501 editur:
719 443 819 501 forte
840 443 893 500 ita
915 445 1001 502 tulit
1022 464 1139 516 casus,

69 555 107 602 ut
130 545 321 606 Genucius
349 550 392 606 ad
413 551 539 606 hostes
568 538 705 622 magno
735 558 868 606 conatu
890 549 1083 624 proiectus
1104 554 1138 610 in

70 651 232 708 insidias
253 655 566 730 praecipitaretur,
588 653 802 728 legionibus
824 656 1053 730 necopinato
1080 676 1138 732 pa·

69 775 161 813 vore
197 757 294 815 fusis
324 759 451 816 consul
479 760 752 816 circumventus
785 761 828 816 ab
855 760 1003 830 insciis,
1037 780 1138 835 quem

70 861 368 935 interfecissent,
388 865 583 936 occideret,
599 864 724 940 primum
747 871 888 921 retentum
903 866 1040 939 oportuit,
1051 868 1138 942 quod,

69 968 195 1024 anero
217 968 371 1038 suadente,
397 969 656 1027 Drakenborchius
686 971 756 1026 eM
780 979 936 1046 posuerat,
967 974 1138 1048 praecipi-

70 1081 181 1132 taret.
230 1073 346 1131 Livium
368 1075 443 1131 enim
466 1075 502 1132 de
529 1076 582 1145 ils,
614 1075 664 1149 qui
694 1074 723 1130 in
753 1073 874 1131 iusidias
904 1075 1008 1133 locave
1039 1076 1139 1151 iniqua

71 1176 202 1234 incident
228 1177 301 1257 (ipsi
329 1198 475 1254 casuque,
511 1201 570 1239 non
603 1183 640 1237 ab
669 1179 734 1236 aliis
761 1180 942 1252 trudantur),
971 1199 1029 1238 nou
1051 1183 1138 1239 modo

72 1283 245 1357 plerumque
266 1285 318 1340 sad
339 1303 453 1361 semper
475 1287 570 1344 acuto
581 1305 666 1344 usum
681 1303 745 1343 esse
760 1285 1026 1360 precipitandi
1047 1288 1137 1344 verbo

72 1407 125 1461 pro
146 1389 342 1460 intransitive,
364 1401 473 1450 certum
497 1393 620 1461 videtur,
642 1409 700 1447 non
722 1389 839 1447 miniure
861 1391 899 1447 ob
924 1409 989 1448 eam
1004 1409 1138 1462 causam,

73 1494 151 1568 quod
174 1495 204 1550 in
226 1493 262 1550 iis
289 1495 371 1552 verbi
392 1496 509 1567 formis,
538 1515 659 1571 quarum
691 1493 836 1553 difficilior
863 1505 926 1553 erat
954 1497 1137 1571 permutatio,

72 1617 188 1673 semper
209 1599 335 1657 activum
358 1601 472 1659 codices
499 1613 605 1660 tenent.
661 1601 781 1676 Legitur
810 1611 906 1658 autem
939 1603 1064 1658 astitum
1093 1602 1137 1658 his

72 1703 159 1761 locis:
183 1705 232 1772 II,
256 1709 311 1776 51,
335 1711 351 1762 5
376 1707 674 1782 (praecipitavere
694 1708 729 1763 in
751 1707 938 1781 iusidias),
971 1708 1015 1772 V,
1041 1709 1095 1778 18,
1119 1712 1134 1764 7

71 1810 190 1882 (eadem
212 1811 320 1880 verba,
341 1812 396 1868 etsi
425 1813 465 1869 ibi
489 1813 580 1870 MPH
587 1817 621 1880 1,
644 1812 801 1869 deteriores
824 1813 939 1870 codices
960 1821 1027 1887 post
1047 1832 1137 1887 prae·

70 1915 278 1990 cipitavere
298 1917 409 1974 addunt
430 1935 481 1988 se;
504 1937 591 1992 quam
613 1937 720 1993 prave,
742 1917 803 1973 dixi
826 1935 916 1991 supra
938 1937 966 1993 p.
992 1917 1060 1993 32),
1081 1919 1136 1990 VI,

71 2023 121 2088 30,
146 2027 164 2077 4
189 2018 304 2096 (eadem
325 2024 445 2095 verba),
476 2023 589 2094 XXV,
615 2027 667 2089 ll,
700 2023 903 2099 ilplurimi
930 2023 968 2079 in
1001 2023 1136 2084 fossam

70 2127 379 2201 praecipitavere),
401 2128 524 2200 XLIII,
548 2130 603 2198 23,
626 2131 643 2185 6
668 2127 716 2200 (iu
739 2128 874 2185 vallem
899 2129 942 2184 ab
964 2131 1136 2188 hostibus

70 2233 256 2288 insessam
281 2232 527 2308 praecipitant3
560 2235 590 2290 in
621 2233 719 2290 codice
746 2235 813 2291 huic
839 2235 930 2290 verbo
953 2235 1136 2294 adheserunt

70 2357 120 2406 ea,
150 2355 216 2411 quse
246 2346 419 2411 sequuntur,
450 2337 491 2394 sic
527 2347 677 2413 corrupta:
709 2339 1135 2414 precipitantibusidem

69 2443 228 2514 occisis).
272 2442 367 2500 Paulo
391 2443 449 2500 alia
470 2443 680 2518 significatione
693 2445 839 2514 XXVII,
862 2451 912 2514 tu,
937 2447 953 2500 3
977 2445 1020 2502 ad
1042 2445 1135 2503 Can·

70 2567 134 2604 nas
158 2547 415 2624 praecipitasse
437 2550 603 2606 Romana
624 2566 681 2605 res
704 2549 823 2618 dicitur,
846 2551 1094 2624 quemadmodum
1117 2571 1136 2610 a

69 2652 213 2711 Cicerone
234 2671 288 2728 pro
311 2651 392 2712 Sulla
418 2656 452 2710 31
481 2653 693 2728 respublica
715 2655 965 2730 praecipitans.
1010 2657 1136 2718 Passiva

69 2759 168 2816 forma
189 2759 271 2816 verbi
292 2757 522 2833 impersonaliter
545 2768 577 2815 ut
597 2759 771 2817 intransitIvi
793 2760 910 2835 ponitur
930 2761 997 2830 111,
1028 2764 1082 2833 43,
1107 2767 1135 2837 5,

69 2865 121 2938 qui
143 2863 225 2920 locus
246 2881 322 2919 nnnc
343 2873 421 2920 recte
442 2863 654 2939 interpungitur
677 2864 962 2942 (precipitatum
993 2869 1028 2924 in
1049 2869 1135 2928 iusi·

69 2971 152 3026 dias
174 2987 267 3036 esse3
293 2967 450 3026 Siccium
472 3001 513 3012 —
535 2970 747 3046 militesque
770 2972 947 3046 quosdam
969 3007 1009 3017 -
1031 2975 1134 3032 amis·

69 3077 152 3146 sos).
195 3073 362 3142 Dubitatur,
382 3083 488 3149 praeter
510 3094 585 3142 eum,
609 3077 647 3134 ad
659 3096 744 3151 quem
760 3079 822 3135 haee
833 3078 1018 3149 adnotantur,
1029 3080 1136 3152 locum,

70 3183 99 3238 iu
126 3181 253 3238 duobus:
275 3180 365 3250 XXI,
388 3182 438 3250 25,
459 3182 490 3235 9:
512 3180 579 3252 ibi,
604 3183 849 3258 lnexplorato
871 3185 1081 3258 profectus,
1100 3187 1135 3244 In

70 3286 231 3344 iusidias
252 3285 507 3360 precipitatus
540 3288 728 3361 multaque
759 3307 836 3344 cum
869 3291 962 3346 coede
986 3309 1133 3350 suorum

71 3411 167 3467 egre
196 3393 231 3448 in
261 3399 410 3466 apertos
443 3408 589 3465 campos
611 3394 771 3452 emersit.
826 3393 923 3452 Sensit
956 3395 1134 3476 Gronovius,

72 3515 163 3574 prave
184 3497 332 3572 coniungi:
353 3496 609 3572 praecipitatus
632 3497 820 3572 multaque
841 3501 1053 3558 -emersit
1072 3503 1134 3574 (ne-

72 3621 130 3677 que
151 3601 225 3659 enim
246 3600 439 3676 participium,
464 3601 572 3659 omisso
594 3611 657 3670 est,
680 3620 744 3660 cum
766 3605 857 3661 verbo
879 3606 960 3664 finito
983 3605 1024 3664 sie
1045 3625 1134 3684 copu-

73 3707 158 3778 latur,
179 3707 214 3764 de
237 3726 295 3782 quo
318 3706 412 3764 dicam
435 3707 533 3776 alibi);
555 3709 655 3782 itaque
677 3727 748 3784 que
769 3709 831 3766 tolli
854 3710 985 3784 volebat3
1007 3714 1134 3772 scriben-

72 3815 141 3870 dum
162 3823 218 3870 est:
240 3813 449 3889 precipitat
469 3814 656 3888 multaque
674 3815 859 3888 etc.;XXV,
877 3822 921 3888 16,
947 3824 1000 3876 15:
1017 3819 1134 3878 Grac·

71 3921 168 3990 chus,
191 3919 358 3976 fraudem
382 3927 416 3975 et
437 3919 596 3976 sermoni
619 3930 653 3976 et
674 3921 726 3977 rei
749 3923 880 3980 abesse
903 3932 1006 3980 ratus
1028 3941 1068 3980 ac
1088 3925 1134 3980 si·

71 4023 279 4082 militudine
311 4025 388 4082 veri
413 4034 559 4098 eaptus,
593 4044 668 4083 cum
705 4026 902 4086 lictoribus
941 4047 985 4086 ae
1018 4039 1134 4088 turma
