2800 4646
263 253 460 306 nin'xxxtx.
762 256 820 312 458

263 441 396 498 docere
418 437 578 496 dilucide
611 455 674 494 nec
705 454 742 494 se
764 435 857 493 setis
879 435 1023 512 liquido
1044 437 1189 496 discere
1210 439 1254 496 ub
1276 457 1318 496 eo

263 555 409 604 senetue
440 561 542 620 quum
572 551 738 600 cerneret
756 559 878 618 posse,
909 541 1015 599 simul
1047 552 1100 600 etc.
1156 544 1191 601 In
1226 544 1320 602 nihil

263 651 385 708 horum
406 647 561 706 resumitur
581 647 745 722 sententia.)

345 754 418 831 Cep.
444 757 492 824 ts,
516 755 532 811 2
556 762 586 810 et
606 755 640 812 3:
670 753 792 812 Multte
820 759 857 809 et
876 769 1001 826 parvae
1021 752 1322 829 disceptationes

263 863 498 921 iactabantur
522 859 572 934 (ab
594 859 697 935 legetis
720 858 947 940 Lacedtemoniis
968 859 998 916 in
1018 869 1149 916 senatum
1172 861 1321 919 introduc·

262 969 321 1046 tis),
342 967 403 1026 sed
426 983 500 1041 ques
522 965 676 1024 maxime
697 985 767 1022 rem
790 965 1036 1046 continerent,
1056 976 1180 1036 eraut,
1202 977 1319 1024 utrum

262 1073 563 1136 restituerentur,
601 1089 690 1144 quos
728 1069 852 1128 Achaei
885 1069 1165 1141 damnaverant,
1197 1091 1321 1140 necne,

262 1181 387 1254 inique
409 1197 453 1234 on
475 1177 554 1235 iure
575 1176 810 1246 occidissent,
834 1195 924 1251 quos
946 1176 1174 1246 occideraut;
1200 1191 1320 1236 verte-

261 1287 370 1344 batur
390 1293 441 1352 et,
462 1291 579 1340 utrum
600 1289 788 1340 manerent
817 1281 853 1338 in
873 1282 1037 1341 Achaico
1068 1281 1228 1340 concilio
1250 1285 1319 1342 La·

262 1389 554 1456 cedremoniien,
575 1397 718 1445 utente
739 1386 881 1454 fuerat,
911 1397 1092 1446 secretum
1114 1387 1191 1445 eiue
1212 1389 1319 1447 unius

166 1507 170 1518 “
261 1499 298 1556 iu
320 1493 765 1571 Peloponuesocivitotis
786 1494 841 1550 ius
863 1504 968 1554 esset.
1020 1495 1055 1552 In
1086 1495 1159 1552 duas
1181 1494 1321 1553 dividitur

263 1601 502 1677 disceptationes,
533 1599 610 1674 quod
632 1609 736 1675 postea
764 1617 822 1656 una
843 1599 957 1658 videtur
981 1601 1185 1676 comprehendi
1205 1613 1236 1658 et
1255 1613 1320 1660 tan·

263 1727 349 1783 quam
378 1725 466 1764 unum
500 1705 621 1764 iudicari
652 1705 811 1777 (restitui
847 1705 1059 1781 iudiciaque
1094 1705 1195 1764 faeta
1237 1708 1320 1766 tolli

261 1811 434 1890 placuit),
468 1811 604 1886 quodque
640 1811 788 1870 molestius
813 1821 875 1882 est,
897 1831 934 1870 ex
955 1831 1055 1869 earum
1077 1811 1318 1888 disceptationum

262 1937 391 1988 numero,
414 1936 478 1991 ques
498 1935 559 1974 rem
581 1917 780 1986 continuerint,
802 1917 965 1976 excluditur
985 1929 1014 1976 et
1035 1919 1065 1976 in
1088 1918 1256 1993 appendicis
1276 1919 1318 1975 lo·

262 2043 325 2082 cum
348 2022 497 2080 coniicitur
523 2024 751 2107 (vertebatur
772 2025 833 2096 et),
866 2041 930 2098 ques
964 2022 1053 2080 multo
1085 2022 1215 2080 maxima
1247 2035 1318 2092 erat,

263 2139 357 2187 utrum
387 2129 432 2186 eni
458 2129 528 2187 iuris
558 2129 748 2186 Lacedaemon
778 2139 854 2187 eseet
883 2146 920 2185 an
942 2129 1059 2186 Achaeis
1081 2129 1317 2188 contribueretur.

260 2237 363 2310 ltaque
384 2235 546 2293 necessario
568 2235 744 2292 restituenda
765 2243 817 2304 eet,
840 2253 904 2308 quas
925 2234 994 2292 olim
1014 2235 1043 2291 in
1057 2235 1231 2293 editionibus
1245 2247 1316 2304 eret,

259 2341 459 2418 interpunctio,
479 2341 530 2398 sed
551 2341 636 2398 simul
657 2321 820 2398 addetidum
838 2339 1022 2410 vocabulum,
1044 2342 1122 2414 quod
1143 2353 1204 2400 tum
1216 2342 1315 2400 deesse

259 2447 370 2522 nequit:
474 2447 546 2517 sed,
571 2465 646 2522 qne
667 2445 821 2504 maxime
842 2463 914 2502 rem
936 2445 1179 2516 continerent,
1200 2447 1314 2518 hesst,

259 2554 288 2610 id
312 2563 374 2624 cst,
406 2552 511 2626 duel)
545 2564 664 2611 erant:
698 2554 830 2612 Utrum
858 2593 930 2612 ....
958 2550 1192 2622 occidissent,
1224 2571 1314 2628 quoe

259 2658 481 2726 occiderant,
503 2660 774 2728 vertebatur,et
797 2669 914 2715 utrum
935 2667 1192 2718 manerentete.
1229 2659 1313 2734 Quod

259 2764 391 2820 universe
422 2763 612 2838 significatum
637 2774 714 2834 eret,
749 2764 906 2840 seperatim
938 2762 1102 2820 dederetur
1121 2765 1213 2821 verbo
1234 2783 1312 2822 rer·

258 2868 415 2926 tebatur.
473 2869 533 2928 Sed
568 2871 604 2928 de
635 2871 691 2928 hoc
722 2870 786 2946 ipso
822 2870 911 2927 verbo
935 2887 993 2926 nou
1017 2869 1110 2926 solum
1131 2869 1313 2927 vehementer

258 2973 367 3040 dubito,
388 2975 439 3031 sed
459 2994 578 3050 prorsus
600 2995 675 3050 nego
697 2976 802 3034 Latine
823 2975 894 3034 dici:
920 2973 1096 3040 Vertitur,
1110 2985 1227 3034 utrum
1246 2977 1312 3034 hoe

258 3097 301 3135 eu
321 3079 412 3135 illud
433 3077 568 3138 fectum
592 3081 640 3138 sit
662 3081 775 3158 (fiat),
795 3091 827 3138 ut
848 3082 900 3139 eit:
930 3081 958 3138 iu
987 3082 1185 3139 controversia
1211 3094 1240 3140 et
1264 3082 1311 3139 lite

258 3194 309 3241 eet.
353 3185 454 3260 Longe
474 3185 549 3243 euim
571 3187 715 3245 diversum
737 3198 789 3258 est,
813 3189 843 3246 iu
865 3189 963 3264 eliqua
983 3207 1016 3245 re
1037 3187 1119 3258 verti,
1141 3197 1236 3245 utrum
1257 3190 1311 3246 hoc

258 3310 296 3347 an
317 3291 387 3348 illud
408 3293 460 3348 liat
482 3291 525 3366 (es
545 3293 654 3350 beruhe
675 3295 728 3352 auf
747 3273 874 3368 etwas),
910 3295 1010 3352 Livius
1034 3295 1096 3352 sine
1117 3294 1205 3350 dubio
1222 3295 1310 3370 scrip·

258 3398 307 3455 sit:
329 3399 551 3456 certabatur.

340 3502 412 3580 Cep.
435 3509 483 3575 55,
505 3509 536 3561 5:
558 3505 599 3566 M.
622 3504 798 3564 Claudius
820 3505 966 3575 consul,
1004 3505 1127 3567 Gallis
1161 3527 1206 3568 ex
1228 3529 1309 3586 pro·

257 3609 377 3668 vincia
397 3611 554 3681 exectis,
579 3611 754 3670 Istricum
776 3612 911 3670 bellum
939 3611 1063 3670 moliri
1089 3614 1229 3690 coepit,
1255 3615 1308 3671 lit·

256 3717 344 3774 teris
366 3717 408 3773 ad
429 3727 595 3775 senatum
617 3719 797 3788 missie,ut
819 3719 889 3778 sibi
910 3717 1308 3778 inIstriamtraducere

256 3823 420 3898 legiones
435 3823 579 3884 liceret.
609 3825 806 3884 ldsenatui
821 3824 970 3901 placuit.
999 3825 1306 3903 Brevihuicsigoitica·

256 3928 326 3986 tioui
357 3929 537 4004 comprobati
559 3930 684 3988 consulis
715 3931 835 3994 consilii,
857 3930 913 4006 ipsi
931 3930 1001 3989 eatis
1022 3930 1144 3989 insolitae
1162 3933 1216 4007 (-
1242 3951 1305 3989 nam

257 4030 444 4103 plecuitde
459 4033 589 4106 decretis,
599 4035 702 4110 quibus
721 4035 783 4111 ipse
804 4047 921 4094 senatus
930 4037 1038 4112 aliquid
1053 4037 1116 4096 fleri
1125 4037 1219 4108 iubet,
1240 4038 1305 4094 diei-
