2810 4644
603 301 662 358 329
960 301 1143 356 tiaxxvn.

189 481 260 558 Cep.
284 487 333 552 50,
358 487 388 541 1:
415 485 512 543 Nero
541 499 583 538 aa
603 491 725 554 nocte,
753 503 829 560 quae
850 495 978 544 secuta
1002 496 1055 545 est
1075 507 1161 565 pug-

108 607 197 658 nam,
220 590 523 665 citatiora‚quem
539 589 803 652 indevenerat.
826 590 967 666 agmine
987 593 1161 654 dieaexto

108 695 149 752 ed
170 696 311 753 stativa
334 715 398 754 sua
429 706 537 772 atque
558 696 701 753 hostem
723 697 904 770 pervenit.
952 697 1061 758 Omnes
1081 701 1161 758 taciti

106 811 287 875 praetereunt.
329 803 369 860 Et
389 813 486 860 tamen
508 802 577 876 quid
599 801 753 859 absurdius
775 805 952 878 nugaciusve
981 806 1036 864 dici
1058 807 1161 882 potuit,

107 923 194 980 quam
215 909 362 966 Neronem
395 927 438 966 ea
468 917 577 966 nocte
680 919 785 966 sexto
819 909 874 967 die
906 911 945 968 ad
976 913 1083 970 stativa
1109 932 1161 972 sue

107 1013 291 1088 pervenisse?
337 1013 524 1072 Manifestum
549 1024 607 1082 est,
640 1015 781 1072 excidisse
811 1017 993 1092 participium
1017 1028 1046 1076 et
1064 1019 1161 1078 huius·

107 1119 185 1176 modi
205 1118 294 1178 fuisse
314 1140 412 1178 veram
437 1121 576 1179 orationis
596 1119 735 1178 formam:
757 1121 788 1178 N
794 1141 854 1179 ero
877 1142 917 1180 ea
938 1133 1058 1197 nocte,
1082 1145 1161 1201 qua

106 1235 233 1283 secuta
253 1237 307 1284 est
325 1245 493 1302 pugnam,
511 1224 727 1301 [regressus]
743 1225 929 1299 citatiore,
955 1249 1058 1304 quem
1079 1232 1161 1290 inde

107 1343 274 1404 venerat,
297 1333 453 1409 agmine,
475 1332 532 1388 die
553 1343 658 1388 sexto
686 1327 780 1406 cet.¹)

189 1438 262 1516 Cap.
296 1443 345 1508 51,
384 1442 435 1496 10:
477 1437 620 1498 Statum
653 1455 796 1512 quoque
831 1439 999 1497 civitatis
1032 1461 1073 1499 ea
1110 1441 1162 1519 (ad

106 1543 270 1602 Metaurum
285 1545 403 1618 flumen)
418 1541 593 1620 victori[a
614 1542 784 1600 firmavit
805 1546 852 1618 ut]
874 1545 943 1603 iam
964 1545 1047 1603 inde
1068 1548 1161 1605 haud

105 1665 210 1706 secus
243 1668 348 1724 quam
381 1652 418 1708 in
450 1669 538 1727 pace
569 1667 629 1706 res
660 1650 819 1708 interse
841 1652 1060 1710 contrahere
1081 1673 1161 1710 ven·

106 1755 237 1825 dendo,
259 1765 445 1832 argentum
469 1755 646 1813 creditum
669 1754 846 1813 solvendo
868 1758 1051 1816 auderent.
1095 1757 1161 1816 Tri·

107 1863 159 1918 bus
184 1862 330 1920 minimum
353 1881 449 1920 rernm
472 1870 686 1919 contractarum
719 1863 859 1938 exemplis
889 1865 1043 1922 nominatis
1069 1873 1161 1922 totum

105 1985 196 2044 genus
217 1969 317 2026 Livius
339 1968 526 2044 significavit.
559 1984 616 2023 non
641 1965 686 2022 his
708 1965 821 2023 duobus
844 1977 903 2026 tam
926 1970 1058 2028 diiunctis
1080 1975 1160 2036 tuam

106 2075 257 2132 coniuncta
279 2084 346 2132 sunt
368 2075 537 2138 vendere,
573 2073 718 2144 emere),
752 2081 811 2129 tam
842 2073 1021 2148 inaequaliter
1057 2076 1161 2149 (altero

105 2199 173 2248 rma,
196 2181 287 2239 altero
308 2182 400 2238 tribus
424 2179 555 2254 vocibus)
578 2187 607 2236 et
618 2166 806 2248 α’συνδέτως
826 2182 1003 2256 compositis.
1033 2181 1092 2241 Sed
1112 2182 1160 2257 qui

107 2285 215 2344 factum
239 2287 342 2356 dicam,
363 2295 396 2342 ut
417 2302 516 2342 omnes
536 2285 661 2342 editores
682 2295 798 2343 taceant
819 2287 855 2343 de
877 2297 1025 2362 argento
1047 2288 1162 2346 credi·

106 2401 143 2448 to
165 2411 219 2467 pro
240 2393 362 2468 pecunia
389 2391 499 2449 credita
528 2391 605 2448 dieto
629 2401 730 2448 contra
759 2391 886 2448 omnium
909 2392 1012 2449 Latine
1034 2392 1162 2449 scriben-

107 2497 178 2553 tium
200 2515 293 2566 usum,
324 2497 379 2554 nisi
409 2497 487 2571 quod
509 2497 662 2554 Terentius
688 2498 718 2554 in
740 2497 852 2556 Graeeis
873 2498 1018 2554 vertendis
1039 2517 1162 2573 ergen-

107 2613 178 2659 tum
201 2592 388 2685 (ιῖργύριον)
421 2603 572 2679 aliquoties
605 2623 659 2680 pro
691 2603 814 2679 pecunia
846 2601 920 2658 dixit
953 2601 1161 2678 Sallustiusque

108 2728 126 2765 a
148 2709 260 2767 Seneca
281 2709 376 2784 (epist.
393 2712 464 2782 114)
480 2709 635 2766 adnotatur
650 2709 772 2768 dixisse:
795 2708 988 2766 exercitum
1011 2719 1161 2784 argento

107 2813 214 2872 fecit?
263 2815 414 2888 (Extrema
428 2825 512 2872 aetate
535 2815 576 2872 sio
599 2815 654 2872 dici
677 2815 706 2871 in
730 2815 898 2890 quotidiano
921 2833 1052 2872 sermone
1073 2834 1161 2892 coep-

107 2932 167 2978 tum
190 2921 314 2978 ostendit
334 2923 523 2979 recentiorum
553 2922 715 2997 linguarum
745 2939 761 2976 e
792 2921 899 2978 Latina
920 2931 1049 2978 orterum
1072 2921 1161 2997 usus.)

107 3027 212 3101 ltaque
246 3027 429 3086 manifestum
462 3027 595 3084 mendum
630 3036 682 3096 est,
717 3026 880 3084 emendatio
911 3026 1032 3091 incerta:
1064 3027 1162 3084 eudax

108 3211 304 3219 -——-—-

125 3338 147 3404 ¹)
173 3343 219 3392 Bis
237 3344 262 3392 in
282 3343 330 3392 hoo
349 3343 430 3406 capite
448 3341 673 3390 Weissenbomius
697 3339 832 3390 manifesta
859 3339 952 3388 menda
977 3339 1072 3388 codicis
1091 3353 1162 3389 aeon·

177 3443 219 3486 tus
237 3445 282 3494 est,
302 3439 319 3494 β
338 3439 362 3492 5,
382 3435 425 3482 ubi
444 3433 615 3498 supplices
634 3433 789 3495 votisque
806 3432 953 3495 tetigere
973 3432 1051 3480 deos
1068 3431 1162 3495 posuit,

178 3543 233 3592 quer
253 3526 364 3592 copulari
384 3535 505 3589 tanquam
523 3526 595 3589 paria
613 3535 752 3588 nequeunt,
777 3533 801 3572 et
818 3524 870 3586 58,
889 3524 940 3576 nbi.
959 3523 1008 3572 nisi
1026 3523 1162 3586 typothette

178 3633 248 3668 error
266 3627 311 3677 est,
331 3619 432 3684 scripsit
450 3619 586 3682 (tauquam
607 3616 685 3679 eP):
704 3615 827 3664 litterae
845 3616 962 3664 deinde
980 3615 1015 3662 de
1033 3615 1062 3663 L.
1076 3613 1163 3662 Man*

177 3711 224 3760 lio
251 3711 397 3761 Acidino
415 3713 521 3761 misse
546 3725 584 3759 ex
609 3709 727 3758 castris
752 3705 954 3757 adseruntur.
997 3707 1039 3756 Ab
1064 3707 1162 3755 Manlio

177 3803 234 3854 illas
251 3805 348 3853 litteras
367 3805 459 3854 allatas
478 3818 546 3858 esse.
569 3802 630 3852 setis
653 3809 739 3866 patet;
766 3801 798 3850 de
816 3799 916 3849 Manlio
933 3798 997 3848 nihil
1015 3808 1076 3860 erat,
1095 3801 1162 3864 qnod

178 3897 342 3956 scribentum
359 3911 442 3960 neque
460 3897 596 3946 litteras
609 3897 644 3944 de
663 3895 777 3958 aliquo
795 3909 842 3958 pro
861 3891 1031 3956 abaliquo
1050 3894 1162 3942 missas

178 3989 312 4052 quiequam
341 3990 413 4040 dixit.
463 3989 542 4038 Error
567 3987 601 4052 (ai
628 3988 724 4037 codicia
747 3986 796 4050 est)
822 3995 892 4036 ortus
925 3995 964 4036 eat
993 3986 1163 4048 geminatione

178 4091 347 4132 extremarum
359 4081 506 4132 iitterarum
526 4081 595 4132 roois
613 4081 740 4130 deinde.
