<?xml version="1.0" encoding="UTF-8"?>
<!DOCTYPE html PUBLIC "-//W3C//DTD XHTML 1.0 Transitional//EN"
    "http://www.w3.org/TR/xhtml1/DTD/xhtml1-transitional.dtd">
<html xmlns="http://www.w3.org/1999/xhtml" xml:lang="en" lang="en">
 <head>
  <title>
</title>
<meta http-equiv="Content-Type" content="text/html;charset=utf-8" />
  <meta name='ocr-system' content='tesseract 3.04.00' />
  <meta name='ocr-capabilities' content='ocr_page ocr_carea ocr_par ocr_line ocrx_word'/>
</head>
<body>
  <div class='ocr_page' id='page_1' title='image "./emendationesliv02madvgoog_0517.png"; bbox 0 0 2826 4640; ppageno 0'>
   <div class='ocr_carea' id='block_1_1' title="bbox 239 279 799 340">
    <p class='ocr_par' dir='ltr' id='par_1_1' title="bbox 239 279 799 340">
     <span class='ocr_line' id='line_1_1' title="bbox 239 279 799 340; baseline 0 -10"><span class='ocrx_word' id='word_1_1' title='bbox 239 279 294 330; x_wconf 86' lang='lat' dir='ltr'>Lib.</span> <span class='ocrx_word' id='word_1_2' title='bbox 310 279 380 330; x_wconf 87' lang='lat' dir='ltr'>XLI.</span> <span class='ocrx_word' id='word_1_3' title='bbox 740 283 799 340; x_wconf 82' lang='lat'>508</span> 
     </span>
    </p>
   </div>
   <div class='ocr_carea' id='block_1_2' title="bbox 237 463 1299 2662">
    <p class='ocr_par' dir='ltr' id='par_1_2' title="bbox 238 463 1299 1176">
     <span class='ocr_line' id='line_1_2' title="bbox 238 463 1299 542; baseline 0.002 -20"><span class='ocrx_word' id='word_1_4' title='bbox 238 484 306 523; x_wconf 83' lang='lat' dir='ltr'>vum</span> <span class='ocrx_word' id='word_1_5' title='bbox 331 463 435 524; x_wconf 78' lang='lat' dir='ltr'>effecit.</span> <span class='ocrx_word' id='word_1_6' title='bbox 478 466 582 541; x_wconf 86' lang='lat' dir='ltr'>Neque</span> <span class='ocrx_word' id='word_1_7' title='bbox 606 465 762 541; x_wconf 80' lang='lat' dir='ltr'>quicquum</span> <span class='ocrx_word' id='word_1_8' title='bbox 794 475 935 542; x_wconf 73' lang='lat' dir='ltr'>pretereo</span> <span class='ocrx_word' id='word_1_9' title='bbox 967 467 1137 526; x_wconf 75' lang='lat' dir='ltr'>molendum</span> <span class='ocrx_word' id='word_1_10' title='bbox 1170 478 1215 526; x_wconf 78' lang='lat' dir='ltr'>est</span> <span class='ocrx_word' id='word_1_11' title='bbox 1245 479 1299 526; x_wconf 84' lang='lat' dir='ltr'>unt</span> 
     </span>
     <span class='ocr_line' id='line_1_3' title="bbox 240 571 1297 648; baseline 0 -18"><span class='ocrx_word' id='word_1_12' title='bbox 240 571 409 630; x_wconf 77' lang='lat' dir='ltr'><strong>Gronovius</strong></span> <span class='ocrx_word' id='word_1_13' title='bbox 432 571 538 630; x_wconf 82' lang='lat' dir='ltr'>mutari</span> <span class='ocrx_word' id='word_1_14' title='bbox 565 571 673 640; x_wconf 80' lang='lat' dir='ltr'>voluit;</span> <span class='ocrx_word' id='word_1_15' title='bbox 709 591 791 630; x_wconf 82' lang='lat' dir='ltr'>nem:</span> <span class='ocrx_word' id='word_1_16' title='bbox 813 592 832 630; x_wconf 87' lang='grc' dir='ltr'>ιι</span> <span class='ocrx_word' id='word_1_17' title='bbox 859 572 992 648; x_wconf 88' lang='lat' dir='ltr'>quibus</span> <span class='ocrx_word' id='word_1_18' title='bbox 1016 581 1104 631; x_wconf 81' lang='lat' dir='ltr'>nntee</span> <span class='ocrx_word' id='word_1_19' title='bbox 1123 583 1297 642; x_wconf 68' lang='lat' dir='ltr'>tentaverat,</span> 
     </span>
     <span class='ocr_line' id='line_1_4' title="bbox 239 675 1296 755; baseline 0.002 -20"><span class='ocrx_word' id='word_1_20' title='bbox 239 678 367 737; x_wconf 86' lang='lat' dir='ltr'>nondum</span> <span class='ocrx_word' id='word_1_21' title='bbox 388 678 505 736; x_wconf 74' lang='lat' dir='ltr'>invenio</span> <span class='ocrx_word' id='word_1_22' title='bbox 529 677 704 738; x_wconf 79' lang='lat' dir='ltr'>hostium.</span> <span class='ocrx_word' id='word_1_23' title='bbox 748 677 886 754; x_wconf 82' lang='lat' dir='ltr'>Sequilur</span> <span class='ocrx_word' id='word_1_24' title='bbox 906 678 942 736; x_wconf 85' lang='lat' dir='ltr'>de</span> <span class='ocrx_word' id='word_1_25' title='bbox 962 677 1046 736; x_wconf 81' lang='lat' dir='ltr'>vietis</span> <span class='ocrx_word' id='word_1_26' title='bbox 1054 675 1205 738; x_wconf 71' lang='lat' dir='ltr'>Celtiberis</span> <span class='ocrx_word' id='word_1_27' title='bbox 1218 681 1245 752; x_wconf 71' lang='grc' dir='ltr'>(ξ</span> <span class='ocrx_word' id='word_1_28' title='bbox 1263 679 1296 755; x_wconf 81' lang='lat'>5)</span> 
     </span>
     <span class='ocr_line' id='line_1_5' title="bbox 239 783 1298 862; baseline 0.002 -22"><span class='ocrx_word' id='word_1_29' title='bbox 239 783 268 840; x_wconf 92' lang='lat' dir='ltr'>in</span> <span class='ocrx_word' id='word_1_30' title='bbox 291 783 406 841; x_wconf 79' lang='lat' dir='ltr'>codiee:</span> <span class='ocrx_word' id='word_1_31' title='bbox 428 783 550 842; x_wconf 78' lang='lat' dir='ltr'>edXV</span> <span class='ocrx_word' id='word_1_32' title='bbox 572 783 677 841; x_wconf 83' lang='lat' dir='ltr'>milia</span> <span class='ocrx_word' id='word_1_33' title='bbox 699 795 807 861; x_wconf 78' lang='lat' dir='ltr'>euple</span> <span class='ocrx_word' id='word_1_34' title='bbox 827 785 932 862; x_wconf 82' lang='lat' dir='ltr'>signe</span> <span class='ocrx_word' id='word_1_35' title='bbox 956 783 1115 861; x_wconf 76' lang='lat' dir='ltr'><strong>adempti</strong></span> <span class='ocrx_word' id='word_1_36' title='bbox 1135 785 1205 860; x_wconf 85' lang='lat' dir='ltr'>(sie)</span> <span class='ocrx_word' id='word_1_37' title='bbox 1227 785 1298 843; x_wconf 84' lang='lat' dir='ltr'>duo</span> 
     </span>
     <span class='ocr_line' id='line_1_6' title="bbox 239 890 1298 968; baseline 0 -20"><span class='ocrx_word' id='word_1_38' title='bbox 239 901 274 948; x_wconf 81' lang='lat' dir='ltr'>et</span> <span class='ocrx_word' id='word_1_39' title='bbox 294 890 413 948; x_wconf 86' lang='lat' dir='ltr'>XXX.</span> <span class='ocrx_word' id='word_1_40' title='bbox 456 890 525 948; x_wconf 91' lang='lat' dir='ltr'>Non</span> <span class='ocrx_word' id='word_1_41' title='bbox 547 907 640 947; x_wconf 72' lang='lat' dir='ltr'>omre</span> <span class='ocrx_word' id='word_1_42' title='bbox 661 899 722 948; x_wconf 83' lang='lat' dir='ltr'>eut</span> <span class='ocrx_word' id='word_1_43' title='bbox 744 891 1057 968; x_wconf 68' lang='lat' dir='ltr'>superscribendum</span> <span class='ocrx_word' id='word_1_44' title='bbox 1079 901 1151 962; x_wconf 79' lang='lat' dir='ltr'>eret,</span> <span class='ocrx_word' id='word_1_45' title='bbox 1165 890 1231 948; x_wconf 84' lang='lat' dir='ltr'>sed:</span> <span class='ocrx_word' id='word_1_46' title='bbox 1253 890 1298 948; x_wconf 76' lang='lat' dir='ltr'>erl</span> 
     </span>
     <span class='ocr_line' id='line_1_7' title="bbox 238 993 1296 1074; baseline 0 -20"><span class='ocrx_word' id='word_1_47' title='bbox 238 995 307 1054; x_wconf 88' lang='lat' dir='ltr'>XV</span> <span class='ocrx_word' id='word_1_48' title='bbox 339 995 446 1053; x_wconf 81' lang='lat' dir='ltr'>milio</span> <span class='ocrx_word' id='word_1_49' title='bbox 479 994 598 1074; x_wconf 53' lang='lat' dir='ltr'>[erese</span> <span class='ocrx_word' id='word_1_50' title='bbox 620 993 654 1074; x_wconf 75' lang='grc' dir='ltr'>ι]</span> <span class='ocrx_word' id='word_1_51' title='bbox 681 1006 801 1073; x_wconf 82' lang='lat' dir='ltr'>nepte.</span> <span class='ocrx_word' id='word_1_52' title='bbox 853 997 971 1056; x_wconf 78' lang='lat' dir='ltr'><strong>Excidit</strong></span> <span class='ocrx_word' id='word_1_53' title='bbox 1006 996 1083 1054; x_wconf 90' lang='lat' dir='ltr'>enim</span> <span class='ocrx_word' id='word_1_54' title='bbox 1115 995 1296 1072; x_wconf 79' lang='lat' dir='ltr'>captivorum</span> 
     </span>
     <span class='ocr_line' id='line_1_8' title="bbox 240 1101 551 1176; baseline 0 -17"><span class='ocrx_word' id='word_1_55' title='bbox 240 1101 385 1176; x_wconf 86' lang='lat' dir='ltr'>(millium)</span> <span class='ocrx_word' id='word_1_56' title='bbox 407 1119 551 1161; x_wconf 87' lang='lat' dir='ltr'>numerus.</span> 
     </span>
    </p>

    <p class='ocr_par' dir='ltr' id='par_1_3' title="bbox 237 1207 1299 2662">
     <span class='ocr_line' id='line_1_9' title="bbox 322 1207 1299 1284; baseline -0.001 -18"><span class='ocrx_word' id='word_1_57' title='bbox 322 1207 394 1284; x_wconf 85' lang='lat' dir='ltr'>Cep.</span> <span class='ocrx_word' id='word_1_58' title='bbox 417 1210 466 1279; x_wconf 81' lang='lat'>27,</span> <span class='ocrx_word' id='word_1_59' title='bbox 489 1211 521 1266; x_wconf 78' lang='lat'>³:</span> <span class='ocrx_word' id='word_1_60' title='bbox 554 1208 736 1268; x_wconf 76' lang='lat' dir='ltr'>Consules</span> <span class='ocrx_word' id='word_1_61' title='bbox 773 1213 813 1280; x_wconf 88' lang='lat' dir='ltr'>(e.</span> <span class='ocrx_word' id='word_1_62' title='bbox 840 1211 896 1267; x_wconf 77' lang='lat'>174</span> <span class='ocrx_word' id='word_1_63' title='bbox 918 1227 946 1266; x_wconf 80' lang='lat' dir='ltr'>e.</span> <span class='ocrx_word' id='word_1_64' title='bbox 967 1207 1051 1282; x_wconf 85' lang='lat' dir='ltr'><strong>Chr.)</strong></span> <span class='ocrx_word' id='word_1_65' title='bbox 1103 1257 1108 1265; x_wconf 92' lang='lat'>.</span> <span class='ocrx_word' id='word_1_66' title='bbox 1149 1207 1184 1265; x_wconf 90' lang='lat' dir='ltr'>iu</span> <span class='ocrx_word' id='word_1_67' title='bbox 1212 1227 1299 1284; x_wconf 90' lang='lat' dir='ltr'>pro·</span> 
     </span>
     <span class='ocr_line' id='line_1_10' title="bbox 238 1313 1298 1390; baseline -0.002 -18"><span class='ocrx_word' id='word_1_68' title='bbox 238 1315 381 1372; x_wconf 82' lang='lat' dir='ltr'>vincins</span> <span class='ocrx_word' id='word_1_69' title='bbox 402 1313 563 1390; x_wconf 79' lang='lat' dir='ltr'>profecti</span> <span class='ocrx_word' id='word_1_70' title='bbox 584 1327 674 1374; x_wconf 84' lang='lat' dir='ltr'>sunt.</span> <span class='ocrx_word' id='word_1_71' title='bbox 734 1315 787 1373; x_wconf 85' lang='lat' dir='ltr'>Ex</span> <span class='ocrx_word' id='word_1_72' title='bbox 819 1313 866 1372; x_wconf 92' lang='lat' dir='ltr'>iis</span> <span class='ocrx_word' id='word_1_73' title='bbox 897 1315 939 1372; x_wconf 89' lang='lat' dir='ltr'>M.</span> <span class='ocrx_word' id='word_1_74' title='bbox 969 1313 1118 1374; x_wconf 82' lang='lat' dir='ltr'>AEmilio</span> <span class='ocrx_word' id='word_1_75' title='bbox 1148 1325 1298 1371; x_wconf 77' lang='lat' dir='ltr'>senetur</span> 
     </span>
     <span class='ocr_line' id='line_1_11' title="bbox 238 1419 1299 1496; baseline -0.002 -18"><span class='ocrx_word' id='word_1_76' title='bbox 238 1420 424 1496; x_wconf 78' lang='lat' dir='ltr'>negotium</span> <span class='ocrx_word' id='word_1_77' title='bbox 448 1421 561 1492; x_wconf 81' lang='lat' dir='ltr'><strong>dedit,</strong></span> <span class='ocrx_word' id='word_1_78' title='bbox 592 1435 630 1479; x_wconf 80' lang='lat' dir='ltr'>un</span> <span class='ocrx_word' id='word_1_79' title='bbox 650 1419 913 1480; x_wconf 69' lang='lat' dir='ltr'>Perusinorum</span> <span class='ocrx_word' id='word_1_80' title='bbox 943 1419 978 1477; x_wconf 90' lang='lat' dir='ltr'>iu</span> <span class='ocrx_word' id='word_1_81' title='bbox 1010 1419 1171 1478; x_wconf 77' lang='lat' dir='ltr'>Venetia</span> <span class='ocrx_word' id='word_1_82' title='bbox 1197 1419 1299 1476; x_wconf 85' lang='lat' dir='ltr'>sedi-</span> 
     </span>
     <span class='ocr_line' id='line_1_12' title="bbox 238 1524 1296 1603; baseline -0.003 -19"><span class='ocrx_word' id='word_1_83' title='bbox 238 1527 374 1584; x_wconf 78' lang='lat' dir='ltr'>tionem</span> <span class='ocrx_word' id='word_1_84' title='bbox 396 1527 662 1603; x_wconf 83' lang='lat' dir='ltr'>comprimeret.</span> <span class='ocrx_word' id='word_1_85' title='bbox 704 1527 835 1584; x_wconf 85' lang='lat' dir='ltr'>Prerum</span> <span class='ocrx_word' id='word_1_86' title='bbox 856 1527 912 1583; x_wconf 89' lang='lat' dir='ltr'>hoo</span> <span class='ocrx_word' id='word_1_87' title='bbox 933 1543 1014 1588; x_wconf 83' lang='lat' dir='ltr'>esse.</span> <span class='ocrx_word' id='word_1_88' title='bbox 1041 1525 1178 1602; x_wconf 82' lang='lat' dir='ltr'>Sigonius</span> <span class='ocrx_word' id='word_1_89' title='bbox 1201 1524 1296 1582; x_wconf 80' lang='lat' dir='ltr'>enim-</span> 
     </span>
     <span class='ocr_line' id='line_1_13' title="bbox 239 1630 1296 1709; baseline -0.002 -19"><span class='ocrx_word' id='word_1_90' title='bbox 239 1633 377 1703; x_wconf 78' lang='lat' dir='ltr'>ndverlit3</span> <span class='ocrx_word' id='word_1_91' title='bbox 399 1651 467 1692; x_wconf 80' lang='lat' dir='ltr'>num</span> <span class='ocrx_word' id='word_1_92' title='bbox 491 1633 531 1693; x_wconf 90' lang='lat' dir='ltr'>M.</span> <span class='ocrx_word' id='word_1_93' title='bbox 564 1633 717 1691; x_wconf 87' lang='lat' dir='ltr'>AEmilinm</span> <span class='ocrx_word' id='word_1_94' title='bbox 748 1633 897 1709; x_wconf 77' lang='lat' dir='ltr'>superiore</span> <span class='ocrx_word' id='word_1_95' title='bbox 925 1651 1001 1690; x_wconf 81' lang='lat' dir='ltr'>enno</span> <span class='ocrx_word' id='word_1_96' title='bbox 1030 1631 1176 1690; x_wconf 84' lang='lat' dir='ltr'>consulem</span> <span class='ocrx_word' id='word_1_97' title='bbox 1199 1630 1296 1700; x_wconf 74' lang='lat' dir='ltr'>finisse,</span> 
     </span>
     <span class='ocr_line' id='line_1_14' title="bbox 238 1736 1297 1814; baseline -0.002 -18"><span class='ocrx_word' id='word_1_98' title='bbox 238 1739 293 1797; x_wconf 88' lang='lat' dir='ltr'>hoo</span> <span class='ocrx_word' id='word_1_99' title='bbox 315 1757 391 1796; x_wconf 88' lang='lat' dir='ltr'>enno</span> <span class='ocrx_word' id='word_1_100' title='bbox 414 1739 466 1814; x_wconf 89' lang='lat' dir='ltr'>Sp.</span> <span class='ocrx_word' id='word_1_101' title='bbox 488 1737 678 1804; x_wconf 81' lang='lat' dir='ltr'>Postumium,</span> <span class='ocrx_word' id='word_1_102' title='bbox 701 1738 737 1811; x_wconf 81' lang='lat' dir='ltr'>Q.</span> <span class='ocrx_word' id='word_1_103' title='bbox 753 1737 891 1796; x_wconf 85' lang='lat' dir='ltr'>Mucium.</span> <span class='ocrx_word' id='word_1_104' title='bbox 937 1739 1042 1813; x_wconf 72' lang='lat' dir='ltr'>lisque</span> <span class='ocrx_word' id='word_1_105' title='bbox 1056 1736 1297 1796; x_wconf 77' lang='lat' dir='ltr'>Drakenborehio</span> 
     </span>
     <span class='ocr_line' id='line_1_15' title="bbox 238 1843 1296 1919; baseline -0.003 -17"><span class='ocrx_word' id='word_1_106' title='bbox 238 1845 268 1902; x_wconf 90' lang='lat' dir='ltr'>in</span> <span class='ocrx_word' id='word_1_107' title='bbox 290 1853 414 1902; x_wconf 79' lang='lat' dir='ltr'>mentem</span> <span class='ocrx_word' id='word_1_108' title='bbox 435 1845 530 1902; x_wconf 81' lang='lat' dir='ltr'>venit:</span> <span class='ocrx_word' id='word_1_109' title='bbox 554 1845 646 1902; x_wconf 81' lang='lat' dir='ltr'>Exin</span> <span class='ocrx_word' id='word_1_110' title='bbox 669 1845 708 1902; x_wconf 92' lang='lat' dir='ltr'>M.</span> <span class='ocrx_word' id='word_1_111' title='bbox 724 1843 884 1914; x_wconf 82' lang='lat' dir='ltr'>AEmilio,</span> <span class='ocrx_word' id='word_1_112' title='bbox 910 1843 989 1919; x_wconf 91' lang='lat' dir='ltr'>quod</span> <span class='ocrx_word' id='word_1_113' title='bbox 1009 1854 1123 1902; x_wconf 80' lang='lat' dir='ltr'>secutus</span> <span class='ocrx_word' id='word_1_114' title='bbox 1145 1843 1296 1900; x_wconf 80' lang='lat' dir='ltr'>estWeis·</span> 
     </span>
     <span class='ocr_line' id='line_1_16' title="bbox 239 1949 1296 2027; baseline 0 -21"><span class='ocrx_word' id='word_1_115' title='bbox 239 1949 418 2008; x_wconf 86' lang='lat' dir='ltr'>senbornius.</span> <span class='ocrx_word' id='word_1_116' title='bbox 472 1950 530 2009; x_wconf 89' lang='lat' dir='ltr'>Sed</span> <span class='ocrx_word' id='word_1_117' title='bbox 561 1960 755 2026; x_wconf 79' lang='lat' dir='ltr'>preterquam</span> <span class='ocrx_word' id='word_1_118' title='bbox 793 1951 871 2024; x_wconf 90' lang='lat' dir='ltr'>quod</span> <span class='ocrx_word' id='word_1_119' title='bbox 901 1970 1004 2027; x_wconf 86' lang='lat' dir='ltr'>perum</span> <span class='ocrx_word' id='word_1_120' title='bbox 1048 1957 1118 2025; x_wconf 76' lang='lat' dir='ltr'>epte</span> <span class='ocrx_word' id='word_1_121' title='bbox 1153 1958 1197 2006; x_wconf 79' lang='lat' dir='ltr'>est</span> <span class='ocrx_word' id='word_1_122' title='bbox 1231 1949 1296 2023; x_wconf 82' lang='lat' dir='ltr'>ipsa</span> 
     </span>
     <span class='ocr_line' id='line_1_17' title="bbox 237 2053 1296 2126; baseline -0.003 -12"><span class='ocrx_word' id='word_1_123' title='bbox 237 2058 299 2114; x_wconf 80' lang='lat' dir='ltr'>haeo</span> <span class='ocrx_word' id='word_1_124' title='bbox 320 2075 380 2113; x_wconf 87' lang='lat' dir='ltr'>vox</span> <span class='ocrx_word' id='word_1_125' title='bbox 402 2056 503 2125; x_wconf 75' lang='lat' dir='ltr'>exin,</span> <span class='ocrx_word' id='word_1_126' title='bbox 533 2067 610 2114; x_wconf 79' lang='lat' dir='ltr'>rente</span> <span class='ocrx_word' id='word_1_127' title='bbox 632 2053 888 2112; x_wconf 77' lang='lat' dir='ltr'>Drakenborobius</span> <span class='ocrx_word' id='word_1_128' title='bbox 910 2055 1038 2126; x_wconf 75' lang='lat' dir='ltr'>viderat,</span> <span class='ocrx_word' id='word_1_129' title='bbox 1070 2055 1234 2112; x_wconf 78' lang='lat' dir='ltr'>necessario</span> <span class='ocrx_word' id='word_1_130' title='bbox 1258 2054 1296 2110; x_wconf 88' lang='lat' dir='ltr'>si-</span> 
     </span>
     <span class='ocr_line' id='line_1_18' title="bbox 238 2159 1295 2237; baseline -0.005 -17"><span class='ocrx_word' id='word_1_131' title='bbox 238 2163 297 2220; x_wconf 87' lang='lat' dir='ltr'>mul</span> <span class='ocrx_word' id='word_1_132' title='bbox 318 2167 332 2234; x_wconf 68' lang='grc' dir='ltr'>ς</span> <span class='ocrx_word' id='word_1_133' title='bbox 356 2167 373 2220; x_wconf 81' lang='lat'>4</span> <span class='ocrx_word' id='word_1_134' title='bbox 398 2161 578 2220; x_wconf 80' lang='lat' dir='ltr'>scribendum</span> <span class='ocrx_word' id='word_1_135' title='bbox 602 2179 665 2218; x_wconf 87' lang='lat' dir='ltr'>esse</span> <span class='ocrx_word' id='word_1_136' title='bbox 687 2159 925 2237; x_wconf 75' lang='lat' dir='ltr'>proconsulis</span> <span class='ocrx_word' id='word_1_137' title='bbox 946 2181 1000 2237; x_wconf 93' lang='lat' dir='ltr'>pro</span> <span class='ocrx_word' id='word_1_138' title='bbox 1023 2160 1194 2230; x_wconf 78' lang='lat' dir='ltr'>consulis,</span> <span class='ocrx_word' id='word_1_139' title='bbox 1217 2159 1295 2235; x_wconf 87' lang='lat' dir='ltr'>quod</span> 
     </span>
     <span class='ocr_line' id='line_1_19' title="bbox 237 2264 1293 2344; baseline -0.001 -20"><span class='ocrx_word' id='word_1_140' title='bbox 237 2271 286 2328; x_wconf 90' lang='lat' dir='ltr'>W.</span> <span class='ocrx_word' id='word_1_141' title='bbox 309 2288 367 2327; x_wconf 91' lang='lat' dir='ltr'>non</span> <span class='ocrx_word' id='word_1_142' title='bbox 386 2268 463 2326; x_wconf 77' lang='lat' dir='ltr'>lenit.</span> <span class='ocrx_word' id='word_1_143' title='bbox 506 2269 546 2326; x_wconf 83' lang='grc' dir='ltr'>Ει</span> <span class='ocrx_word' id='word_1_144' title='bbox 569 2285 632 2342; x_wconf 74' lang='lat' dir='ltr'>que</span> <span class='ocrx_word' id='word_1_145' title='bbox 653 2265 693 2324; x_wconf 91' lang='lat' dir='ltr'>ibi</span> <span class='ocrx_word' id='word_1_146' title='bbox 715 2266 888 2324; x_wconf 79' lang='lat' dir='ltr'>adiiciuntur</span> <span class='ocrx_word' id='word_1_147' title='bbox 909 2267 1042 2344; x_wconf 88' lang='lat' dir='ltr'>(neque</span> <span class='ocrx_word' id='word_1_148' title='bbox 1064 2264 1172 2336; x_wconf 78' lang='lat' dir='ltr'>eliud,</span> <span class='ocrx_word' id='word_1_149' title='bbox 1196 2267 1293 2343; x_wconf 86' lang='lat' dir='ltr'>quod</span> 
     </span>
     <span class='ocr_line' id='line_1_20' title="bbox 238 2372 1294 2452; baseline -0.004 -18"><span class='ocrx_word' id='word_1_150' title='bbox 238 2385 378 2452; x_wconf 72' lang='lat' dir='ltr'>egeret,</span> <span class='ocrx_word' id='word_1_151' title='bbox 400 2375 434 2431; x_wconf 93' lang='lat' dir='ltr'>in</span> <span class='ocrx_word' id='word_1_152' title='bbox 456 2373 654 2450; x_wconf 84' lang='lat' dir='ltr'>provincie</span> <span class='ocrx_word' id='word_1_153' title='bbox 675 2391 778 2447; x_wconf 89' lang='lat' dir='ltr'>quum</span> <span class='ocrx_word' id='word_1_154' title='bbox 800 2372 1294 2446; x_wconf 64' lang='lat' dir='ltr'>habuissenliomnmrediit)</span> 
     </span>
     <span class='ocr_line' id='line_1_21' title="bbox 237 2478 1294 2554; baseline -0.003 -15"><span class='ocrx_word' id='word_1_155' title='bbox 237 2482 275 2538; x_wconf 87' lang='lat' dir='ltr'>ed</span> <span class='ocrx_word' id='word_1_156' title='bbox 298 2480 442 2538; x_wconf 84' lang='lat' dir='ltr'>consulem</span> <span class='ocrx_word' id='word_1_157' title='bbox 466 2479 496 2536; x_wconf 92' lang='lat' dir='ltr'>in</span> <span class='ocrx_word' id='word_1_158' title='bbox 526 2478 705 2554; x_wconf 78' lang='lat' dir='ltr'>provinciam</span> <span class='ocrx_word' id='word_1_159' title='bbox 731 2479 892 2554; x_wconf 73' lang='lat' dir='ltr'>profectum</span> <span class='ocrx_word' id='word_1_160' title='bbox 921 2479 1035 2554; x_wconf 77' lang='lat' dir='ltr'>aptiora</span> <span class='ocrx_word' id='word_1_161' title='bbox 1055 2489 1121 2536; x_wconf 80' lang='lat' dir='ltr'>sunt</span> <span class='ocrx_word' id='word_1_162' title='bbox 1142 2499 1230 2554; x_wconf 79' lang='lat' dir='ltr'>quam</span> <span class='ocrx_word' id='word_1_163' title='bbox 1257 2479 1294 2536; x_wconf 80' lang='lat' dir='ltr'>ad</span> 
     </span>
     <span class='ocr_line' id='line_1_22' title="bbox 237 2584 1294 2662; baseline -0.004 -16"><span class='ocrx_word' id='word_1_164' title='bbox 237 2587 389 2648; x_wconf 82' lang='lat' dir='ltr'>AEmilium</span> <span class='ocrx_word' id='word_1_165' title='bbox 412 2585 495 2643; x_wconf 90' lang='lat' dir='ltr'>unius</span> <span class='ocrx_word' id='word_1_166' title='bbox 516 2585 558 2642; x_wconf 89' lang='lat' dir='ltr'>rei</span> <span class='ocrx_word' id='word_1_167' title='bbox 580 2603 668 2642; x_wconf 83' lang='lat' dir='ltr'>censa</span> <span class='ocrx_word' id='word_1_168' title='bbox 691 2584 818 2642; x_wconf 88' lang='lat' dir='ltr'>missum.</span> <span class='ocrx_word' id='word_1_169' title='bbox 873 2585 978 2660; x_wconf 71' lang='lat' dir='ltr'>Itaque</span> <span class='ocrx_word' id='word_1_170' title='bbox 1000 2594 1051 2642; x_wconf 80' lang='lat' dir='ltr'>eut</span> <span class='ocrx_word' id='word_1_171' title='bbox 1072 2585 1187 2654; x_wconf 84' lang='lat' dir='ltr'>Livius,</span> <span class='ocrx_word' id='word_1_172' title='bbox 1215 2588 1294 2662; x_wconf 89' lang='lat' dir='ltr'>quod</span> 
     </span>
    </p>
   </div>
   <div class='ocr_carea' id='block_1_3' title="bbox 235 2691 1294 2873">
    <p class='ocr_par' dir='ltr' id='par_1_4' title="bbox 235 2691 1294 2873">
     <span class='ocr_line' id='line_1_23' title="bbox 235 2691 1293 2770; baseline 0 -20"><span class='ocrx_word' id='word_1_173' title='bbox 235 2711 354 2770; x_wconf 88' lang='lat' dir='ltr'>prorsus</span> <span class='ocrx_word' id='word_1_174' title='bbox 375 2691 510 2749; x_wconf 79' lang='lat' dir='ltr'>credibile</span> <span class='ocrx_word' id='word_1_175' title='bbox 541 2699 585 2748; x_wconf 88' lang='lat' dir='ltr'>est</span> <span class='ocrx_word' id='word_1_176' title='bbox 605 2701 634 2748; x_wconf 80' lang='lat' dir='ltr'>et</span> <span class='ocrx_word' id='word_1_177' title='bbox 664 2691 744 2760; x_wconf 78' lang='lat' dir='ltr'>aliis,</span> <span class='ocrx_word' id='word_1_178' title='bbox 767 2709 831 2765; x_wconf 75' lang='lat' dir='ltr'>qne</span> <span class='ocrx_word' id='word_1_179' title='bbox 850 2691 877 2749; x_wconf 89' lang='lat' dir='ltr'>ei</span> <span class='ocrx_word' id='word_1_180' title='bbox 905 2691 1079 2760; x_wconf 78' lang='lat' dir='ltr'>oeciderunt,</span> <span class='ocrx_word' id='word_1_181' title='bbox 1102 2691 1206 2763; x_wconf 83' lang='lat' dir='ltr'>simile,</span> <span class='ocrx_word' id='word_1_182' title='bbox 1231 2712 1293 2750; x_wconf 88' lang='lat' dir='ltr'>rem</span> 
     </span>
     <span class='ocr_line' id='line_1_24' title="bbox 236 2796 1294 2873; baseline 0 -18"><span class='ocrx_word' id='word_1_183' title='bbox 236 2797 361 2856; x_wconf 74' lang='lat' dir='ltr'>fortusse</span> <span class='ocrx_word' id='word_1_184' title='bbox 382 2817 440 2855; x_wconf 90' lang='lat' dir='ltr'>non</span> <span class='ocrx_word' id='word_1_185' title='bbox 463 2817 499 2855; x_wconf 90' lang='lat' dir='ltr'>ex</span> <span class='ocrx_word' id='word_1_186' title='bbox 520 2797 556 2854; x_wconf 90' lang='lat' dir='ltr'>iis</span> <span class='ocrx_word' id='word_1_187' title='bbox 578 2796 738 2866; x_wconf 73' lang='lat' dir='ltr'>ennulibus,</span> <span class='ocrx_word' id='word_1_188' title='bbox 761 2813 835 2871; x_wconf 85' lang='lat' dir='ltr'>quos</span> <span class='ocrx_word' id='word_1_189' title='bbox 856 2797 886 2854; x_wconf 90' lang='lat' dir='ltr'>in</span> <span class='ocrx_word' id='word_1_190' title='bbox 907 2797 1009 2854; x_wconf 85' lang='lat' dir='ltr'>ceteris</span> <span class='ocrx_word' id='word_1_191' title='bbox 1030 2796 1115 2854; x_wconf 87' lang='lat' dir='ltr'>huius</span> <span class='ocrx_word' id='word_1_192' title='bbox 1135 2797 1228 2873; x_wconf 79' lang='lat' dir='ltr'>pertis</span> <span class='ocrx_word' id='word_1_193' title='bbox 1249 2817 1294 2855; x_wconf 87' lang='lat' dir='ltr'>re·</span> 
     </span>
    </p>
   </div>
   <div class='ocr_carea' id='block_1_4' title="bbox 234 2902 1295 3720">
    <p class='ocr_par' dir='ltr' id='par_1_5' title="bbox 234 2902 1295 3720">
     <span class='ocr_line' id='line_1_25' title="bbox 238 2902 1294 2983; baseline -0.001 -22"><span class='ocrx_word' id='word_1_194' title='bbox 238 2905 292 2962; x_wconf 91' lang='lat' dir='ltr'>bus</span> <span class='ocrx_word' id='word_1_195' title='bbox 314 2904 497 2978; x_wconf 72' lang='lat' dir='ltr'>sequebatur,</span> <span class='ocrx_word' id='word_1_196' title='bbox 519 2914 673 2978; x_wconf 72' lang='lat' dir='ltr'>sumptam,</span> <span class='ocrx_word' id='word_1_197' title='bbox 696 2902 796 2959; x_wconf 86' lang='lat' dir='ltr'>sodex</span> <span class='ocrx_word' id='word_1_198' title='bbox 820 2903 922 2978; x_wconf 75' lang='lat' dir='ltr'>patrie</span> <span class='ocrx_word' id='word_1_199' title='bbox 944 2903 1022 2961; x_wconf 86' lang='lat' dir='ltr'>urbis</span> <span class='ocrx_word' id='word_1_200' title='bbox 1044 2902 1186 2960; x_wconf 77' lang='lat' dir='ltr'>memoris</span> <span class='ocrx_word' id='word_1_201' title='bbox 1207 2921 1294 2983; x_wconf 87' lang='lat' dir='ltr'>repe-</span> 
     </span>
     <span class='ocr_line' id='line_1_26' title="bbox 237 3007 1289 3078; baseline 0 -12"><span class='ocrx_word' id='word_1_202' title='bbox 237 3011 329 3078; x_wconf 75' lang='lat' dir='ltr'>ritem,</span> <span class='ocrx_word' id='word_1_203' title='bbox 353 3027 450 3066; x_wconf 85' lang='lat' dir='ltr'>errore</span> <span class='ocrx_word' id='word_1_204' title='bbox 474 3008 520 3064; x_wconf 88' lang='lat' dir='ltr'>hio</span> <span class='ocrx_word' id='word_1_205' title='bbox 542 3007 670 3074; x_wconf 80' lang='lat' dir='ltr'>inseruit,</span> <span class='ocrx_word' id='word_1_206' title='bbox 692 3025 726 3063; x_wconf 90' lang='lat' dir='ltr'>eo</span> <span class='ocrx_word' id='word_1_207' title='bbox 748 3007 861 3064; x_wconf 79' lang='lat' dir='ltr'>lucilius</span> <span class='ocrx_word' id='word_1_208' title='bbox 883 3009 1003 3065; x_wconf 87' lang='lat' dir='ltr'>duorum</span> <span class='ocrx_word' id='word_1_209' title='bbox 1022 3025 1163 3065; x_wconf 79' lang='lat' dir='ltr'>annorum</span> <span class='ocrx_word' id='word_1_210' title='bbox 1185 3026 1289 3066; x_wconf 85' lang='lat' dir='ltr'>oonsu-</span> 
     </span>
     <span class='ocr_line' id='line_1_27' title="bbox 236 3113 1295 3192; baseline 0 -19"><span class='ocrx_word' id='word_1_211' title='bbox 236 3117 311 3173; x_wconf 88' lang='lat' dir='ltr'>libus</span> <span class='ocrx_word' id='word_1_212' title='bbox 333 3114 471 3182; x_wconf 83' lang='lat' dir='ltr'>conlusio,</span> <span class='ocrx_word' id='word_1_213' title='bbox 493 3113 580 3187; x_wconf 84' lang='lat' dir='ltr'>quod,</span> <span class='ocrx_word' id='word_1_214' title='bbox 603 3113 652 3187; x_wconf 91' lang='lat' dir='ltr'>qui</span> <span class='ocrx_word' id='word_1_215' title='bbox 673 3115 728 3171; x_wconf 89' lang='lat' dir='ltr'>hoo</span> <span class='ocrx_word' id='word_1_216' title='bbox 750 3133 825 3171; x_wconf 88' lang='lat' dir='ltr'>enno</span> <span class='ocrx_word' id='word_1_217' title='bbox 847 3113 971 3182; x_wconf 79' lang='lat' dir='ltr'>fuerunt,</span> <span class='ocrx_word' id='word_1_218' title='bbox 993 3113 1063 3170; x_wconf 92' lang='lat' dir='ltr'>nihil</span> <span class='ocrx_word' id='word_1_219' title='bbox 1081 3114 1215 3172; x_wconf 83' lang='lat' dir='ltr'>videntur</span> <span class='ocrx_word' id='word_1_220' title='bbox 1229 3135 1295 3192; x_wconf 84' lang='lat' dir='ltr'>ges·</span> 
     </span>
     <span class='ocr_line' id='line_1_28' title="bbox 237 3219 1294 3294; baseline 0.001 -17"><span class='ocrx_word' id='word_1_221' title='bbox 237 3222 308 3279; x_wconf 82' lang='lat' dir='ltr'>sisse</span> <span class='ocrx_word' id='word_1_222' title='bbox 331 3219 518 3278; x_wconf 80' lang='lat' dir='ltr'>memorabile</span> <span class='ocrx_word' id='word_1_223' title='bbox 554 3229 583 3276; x_wconf 83' lang='lat' dir='ltr'>ot</span> <span class='ocrx_word' id='word_1_224' title='bbox 619 3221 696 3293; x_wconf 87' lang='lat' dir='ltr'>quod</span> <span class='ocrx_word' id='word_1_225' title='bbox 729 3227 851 3294; x_wconf 81' lang='lat' dir='ltr'>uterque</span> <span class='ocrx_word' id='word_1_226' title='bbox 882 3235 974 3276; x_wconf 84' lang='lat' dir='ltr'>eunus</span> <span class='ocrx_word' id='word_1_227' title='bbox 996 3219 1124 3278; x_wconf 86' lang='lat' dir='ltr'>Munium</span> <span class='ocrx_word' id='word_1_228' title='bbox 1147 3221 1294 3278; x_wconf 81' lang='lat' dir='ltr'>consulem</span> 
     </span>
     <span class='ocr_line' id='line_1_29' title="bbox 237 3323 1295 3401; baseline 0.005 -21"><span class='ocrx_word' id='word_1_229' title='bbox 237 3323 353 3392; x_wconf 79' lang='lat' dir='ltr'>hebuit,</span> <span class='ocrx_word' id='word_1_230' title='bbox 375 3335 426 3381; x_wconf 84' lang='lat' dir='ltr'>out</span> <span class='ocrx_word' id='word_1_231' title='bbox 454 3333 521 3401; x_wconf 79' lang='lat' dir='ltr'>post</span> <span class='ocrx_word' id='word_1_232' title='bbox 540 3325 691 3383; x_wconf 73' lang='lat' dir='ltr'>AEmilio</span> <span class='ocrx_word' id='word_1_233' title='bbox 713 3325 881 3382; x_wconf 79' lang='lat' dir='ltr'>exciderunt</span> <span class='ocrx_word' id='word_1_234' title='bbox 902 3323 1051 3399; x_wconf 74' lang='lat' dir='ltr'>quedem,</span> <span class='ocrx_word' id='word_1_235' title='bbox 1085 3343 1172 3401; x_wconf 88' lang='lat' dir='ltr'>quum</span> <span class='ocrx_word' id='word_1_236' title='bbox 1196 3327 1295 3384; x_wconf 88' lang='lat' dir='ltr'>huius·</span> 
     </span>
     <span class='ocr_line' id='line_1_30' title="bbox 237 3429 1293 3506; baseline 0.002 -20"><span class='ocrx_word' id='word_1_237' title='bbox 237 3429 315 3486; x_wconf 92' lang='lat' dir='ltr'>modi</span> <span class='ocrx_word' id='word_1_238' title='bbox 344 3429 405 3488; x_wconf 84' lang='lat' dir='ltr'>sere</span> <span class='ocrx_word' id='word_1_239' title='bbox 441 3430 542 3488; x_wconf 80' lang='lat' dir='ltr'>fuisset</span> <span class='ocrx_word' id='word_1_240' title='bbox 564 3431 702 3489; x_wconf 74' lang='lat' dir='ltr'>orationis</span> <span class='ocrx_word' id='word_1_241' title='bbox 733 3429 842 3488; x_wconf 83' lang='lat' dir='ltr'>forme:</span> <span class='ocrx_word' id='word_1_242' title='bbox 864 3431 918 3488; x_wconf 79' lang='lat' dir='ltr'>Ex</span> <span class='ocrx_word' id='word_1_243' title='bbox 939 3429 984 3487; x_wconf 88' lang='lat' dir='ltr'>iis</span> <span class='ocrx_word' id='word_1_244' title='bbox 1005 3431 1048 3491; x_wconf 88' lang='lat' dir='ltr'>M.</span> <span class='ocrx_word' id='word_1_245' title='bbox 1070 3431 1221 3490; x_wconf 86' lang='lat' dir='ltr'>AEmilio</span> <span class='ocrx_word' id='word_1_246' title='bbox 1246 3433 1293 3506; x_wconf 86' lang='lat' dir='ltr'>[Q.</span> 
     </span>
     <span class='ocr_line' id='line_1_31' title="bbox 236 3535 1295 3612; baseline 0.003 -19"><span class='ocrx_word' id='word_1_247' title='bbox 236 3535 377 3594; x_wconf 86' lang='lat' dir='ltr'>Munius</span> <span class='ocrx_word' id='word_1_248' title='bbox 398 3535 592 3608; x_wconf 73' lang='lat' dir='ltr'>suecessit,</span> <span class='ocrx_word' id='word_1_249' title='bbox 625 3537 660 3594; x_wconf 91' lang='lat' dir='ltr'>P.</span> <span class='ocrx_word' id='word_1_250' title='bbox 682 3536 802 3594; x_wconf 81' lang='lat' dir='ltr'>Mucio</span> <span class='ocrx_word' id='word_1_251' title='bbox 825 3537 880 3612; x_wconf 90' lang='lat' dir='ltr'>Sp.</span> <span class='ocrx_word' id='word_1_252' title='bbox 904 3537 1131 3596; x_wconf 81' lang='lat' dir='ltr'>Postumius.</span> <span class='ocrx_word' id='word_1_253' title='bbox 1162 3537 1199 3611; x_wconf 85' lang='lat' dir='ltr'>Q.</span> <span class='ocrx_word' id='word_1_254' title='bbox 1223 3539 1295 3596; x_wconf 84' lang='lat' dir='ltr'>Mu-</span> 
     </span>
     <span class='ocr_line' id='line_1_32' title="bbox 234 3638 1146 3720; baseline 0.003 -22"><span class='ocrx_word' id='word_1_255' title='bbox 234 3638 310 3718; x_wconf 90' lang='lat' dir='ltr'>oio]</span> <span class='ocrx_word' id='word_1_256' title='bbox 333 3654 484 3700; x_wconf 79' lang='lat' dir='ltr'>senatus</span> <span class='ocrx_word' id='word_1_257' title='bbox 507 3653 560 3701; x_wconf 85' lang='lat' dir='ltr'>oet.</span> <span class='ocrx_word' id='word_1_258' title='bbox 610 3643 668 3702; x_wconf 86' lang='lat' dir='ltr'>Sed</span> <span class='ocrx_word' id='word_1_259' title='bbox 690 3642 781 3700; x_wconf 85' lang='lat' dir='ltr'>multo</span> <span class='ocrx_word' id='word_1_260' title='bbox 802 3641 872 3700; x_wconf 81' lang='lat' dir='ltr'>illud</span> <span class='ocrx_word' id='word_1_261' title='bbox 894 3643 1073 3720; x_wconf 79' lang='lat' dir='ltr'>probabilius</span> <span class='ocrx_word' id='word_1_262' title='bbox 1095 3651 1146 3701; x_wconf 70' lang='lat' dir='ltr'>esu</span> 
     </span>
    </p>
   </div>
   <div class='ocr_carea' id='block_1_5' title="bbox 0 0 1418 4640">
    <p class='ocr_par' dir='ltr' id='par_1_6' title="bbox 0 0 1418 4640">
     <span class='ocr_line' id='line_1_33' title="bbox 0 0 1418 4640; baseline 0 1"><span class='ocrx_word' id='word_1_263' title='bbox 0 0 1418 4640; x_wconf 95' lang='lat' dir='ltr'> </span> 
     </span>
    </p>
   </div>
  </div>
 </body>
</html>
