2810 4644
302 271 465 326 LMXVI.
768 275 827 334 308

262 456 400 534 distingui
421 465 457 514 et
476 455 639 532 geminato:
661 464 696 516 et
716 455 838 514 redire
866 499 895 520 ..
924 467 960 516 et
980 457 1207 527 meminisse,
1228 475 1339 532 quern·

264 581 354 638 quem
374 561 451 622 idern
473 569 537 620 eret
560 561 664 622 vitium
685 562 715 620 in
738 561 796 618 bec
817 559 1007 620 diiunctione:
1027 572 1063 620 et
1083 563 1207 620 redire
1234 562 1338 622 iube·

265 677 319 728 ret
340 667 630 728 etmeminisset.
673 665 865 726 Scribendum
886 675 944 725 est:
965 667 1140 744 proinde,
1174 668 1338 726 sivide-

264 781 367 832 retur
389 773 433 844 ci,
454 773 578 832 redire
598 773 634 832 in
656 771 879 848 suffragium
986 773 1130 830 iuberet
1158 781 1193 830 et
1214 773 1337 830 merni-

264 879 362 936 nisse
383 887 437 936 cet.
486 877 629 954 Legitime
650 877 680 936 in
702 878 758 936 hee
780 877 1034 954 comitsrrognndi
1048 877 1338 952 iubendiqueforme

263 983 394 1042 dativum
417 983 496 1054 uddi,
517 984 671 1060 sppurebit
689 983 853 1062 inspicienti
872 983 916 1055 li,
940 987 991 1054 26,
1018 987 1064 1056 tt,
1085 983 1208 1053 XXVI,
1235 987 1281 1054 ts,
1306 988 1336 1053 -t,

266 1088 390 1158 XXXI,
412 1092 441 1160 4,
464 1090 495 1159 2,
515 1090 670 1161 XXXIV,
692 1093 743 1159 46,
766 1091 784 1146 5
807 1089 972 1164 multosque
993 1089 1067 1148 elios
1079 1088 1157 1147 Livii
1170 1097 1201 1146 et
1211 1086 1335 1146 Cicero·

264 1193 308 1252 nis
329 1193 420 1266 iocos,
442 1195 491 1270 qui
512 1195 543 1254 in
563 1195 665 1254 lexicis
689 1196 729 1274 (v.
752 1193 884 1266 videri)
907 1205 936 1252 et
957 1195 1027 1254 nlibi
1049 1195 1142 1269 (velut
1162 1194 1242 1269 npud
1256 1195 1333 1252 Bec-

263 1299 365 1358 kernm
388 1301 512 1376 Antiqq.
536 1303 623 1365 Rorn
653 1302 704 1372 11,
735 1301 805 1375 2p.
837 1301 909 1374 tet)
932 1301 1044 1359 collecti
1076 1309 1152 1359 sunt.
1216 1299 1332 1358 Eadem

264 1406 440 1482 permutetio
463 1412 515 1476 (—
536 1415 581 1465 eet
601 1407 676 1464 enim
697 1413 860 1482 pervugste
880 1405 935 1479 υ)
971 1404 1052 1464 fecte
1083 1415 1128 1462 est
1150 1405 1280 1482 proximi
1298 1405 1333 1462 li·

264 1511 308 1568 bri
330 1511 485 1588 (XXVII)
508 1529 533 1570 c.
556 1515 585 1584 8,
608 1514 637 1584 8,
658 1511 708 1569 ubi
729 1507 881 1568 scribitur:
903 1519 1086 1570 vetustum
1118 1511 1176 1568 ius
1205 1529 1331 1568 secer-

264 1616 360 1676 dotii
391 1615 441 1690 (C.
463 1617 601 1675 veterius
623 1617 729 1676 flumen
755 1611 863 1689 Dialis)
895 1616 1109 1690 repetsbst3
1142 1617 1267 1674 datum
1297 1617 1333 1674 itl

264 1740 342 1780 eum
366 1731 456 1797 toga
479 1733 666 1799 prsetextn
687 1731 723 1780 et
742 1720 837 1778 selle
859 1719 979 1776 curuli
1001 1729 1036 1778 et
1057 1721 1225 1780 fluminio
1241 1741 1332 1780 esse.

264 1825 465 1886 vitioserum
487 1828 644 1888 sacerdotii
667 1824 845 1886 ornamentis
867 1825 952 1882 tertio
974 1825 1039 1884 loco
1062 1828 1215 1902 copuletur
1234 1829 1332 1906 ipsum

265 1932 476 2002 secerdotium
507 1934 604 2010 egitur
632 1933 669 1992 de
690 1932 781 2008 ipsius
804 1930 959 1988 sacerdotii
979 1931 1055 2002 iure;
1082 1934 1265 1992 scribendum
1288 1945 1333 1992 est

265 2037 366 2112 igitur:
401 2039 525 2098 dotum
564 2039 599 2098 id
634 2057 710 2098 cum
746 2045 766 2096 t.
790 2056 840 2112 pr.
864 2045 892 2095 et
920 2037 1083 2094 sensuli
1108 2040 1140 2100 ei
1163 2033 1334 2098 flaminio

264 2161 355 2202 esse.
416 2144 526 2216 (Plura
556 2145 632 2204 enim
670 2151 753 2201 erunt
794 2141 945 2217 fluminis)
1003 2142 1109 2218 Neque
1138 2144 1233 2202 minus
1266 2163 1332 2220 per·

265 2249 396 2326 spiceum
427 2259 471 2308 est
493 2250 621 2308 eiusdem
644 2249 710 2308 libri
730 2267 755 2308 e.
784 2253 830 2318 tt,
857 2252 889 2306 tt
924 2257 1003 2306 reete
1037 2249 1209 2308 Rbensnum
1243 2251 1332 2308 scribi

265 2355 406 2414 voluisse:
429 2356 486 2414 cui
507 2355 543 2414 di
563 2363 700 2414 sortem
725 2353 870 2431 legendi
893 2353 1098 2424 dedissent,
1128 2355 1163 2416 ci
1193 2356 1262 2432 (pro
1283 2356 1331 2423 et]

266 2461 322 2520 ius
343 2461 499 2520 liberum
521 2461 670 2520 eosdem
694 2461 781 2519 deos
803 2453 989 2534 dedisee1)

348 2567 421 2644 Cup.
445 2570 495 2639 25,
518 2569 536 2626 8
560 2567 609 2644 (de
629 2566 769 2642 Philippo
782 2564 944 2622 Macedone
972 2575 1001 2624 et
1021 2565 1136 2624 Maedis
1157 2565 1186 2623 in
1208 2585 1331 2642 regnum

264 2670 326 2730 eins
346 2673 502 2746 incurrere,
525 2693 614 2749 quum
637 2673 707 2732 olibi
729 2679 889 2748 occupatus
909 2679 995 2740 esset,
1006 2671 1125 2746 solitis):
1147 2673 1332 2748 Frangen-

265 2777 331 2836 dss
358 2777 476 2852 igitur
497 2790 648 2838 vestnre
678 2795 788 2854 egros
816 2786 851 2836 et
870 2776 993 2834 urbem
1017 2777 1332 2855 Tornphoryneur,

265 2892 375 2958 ceput
406 2903 598 2960 arcemque
628 2883 823 2954 Meedieae,
852 2901 1065 2959 oppugnare
1095 2885 1222 2960 coepit.
1266 2885 1331 2944 sic.

264 2988 395 3063 exceptis
419 2988 573 3048 levissimis
595 2991 743 3048 erroribus
765 2989 794 3046 in
816 2987 953 3046 extremis
967 2987 1064 3045 verbis
1075 2989 1171 3057 (velut
1192 3009 1231 3047 nr
1238 3009 1329 3065 gern-

265 3090 344 3168 que]
367 3093 393 3150 P
416 3095 561 3170 ceterique
583 3097 698 3154 codices
720 3095 809 3172 patrio
830 3095 974 3154 meliores.
1030 3095 1116 3167 Quod
1137 3113 1230 3172 nuper
1250 3096 1330 3170 posi-

263 3207 324 3256 tum
346 3206 390 3256 est
412 3199 532 3272 (etiem
555 3203 633 3277 npud
657 3200 930 3260 Drakenborchium
954 3218 970 3256 e
997 3199 1089 3258 tribus
1113 3200 1262 3259 codicibus
1283 3219 1329 3258 re·

262 3303 392 3362 centibus
415 3305 601 3378 adnotetur)=
626 3307 682 3364 Ad
705 3305 933 3380 frangendos
954 3304 1083 3380 igitur,
1114 3325 1149 3364 eo
1171 3305 1266 3364 minus
1287 3307 1329 3364 sie

262 3409 318 3468 dici
342 3411 451 3468 omisso
474 3411 646 3485 pronomine
670 3413 763 3484 (eos)
785 3412 888 3488 potuit,
911 3411 988 3486 quod
1011 3431 1096 3486 gens
1118 3431 1158 3470 ee
1172 3414 1329 3488 precessit.

261 3571 458 3582 *unm-*M

280 3685 303 3753 ¹)
326 3693 448 3742 Proxime
466 3696 491 3758 (ς
511 3694 538 3762 8)
557 3697 599 3745 ubi
620 3697 645 3746 in
666 3699 687 3748 P
706 3706 758 3746 cst:
778 3701 930 3748 usserint
952 3713 1052 3764 prope
1072 3701 1196 3750 moenie
1216 3700 1328 3748 Romu-

333 3799 388 3848 nn,
404 3801 491 3836 uerum
511 3803 563 3837 non
583 3797 622 3838 cst
639 3791 797 3838 urserint.
834 3789 903 3840 Urbs
922 3790 1012 3839 erdere
1024 3801 1109 3856 potest
1121 3792 1241 3850 tumultu,
1260 3807 1326 3840 moe·

330 3878 581 3942 nisnonpossunt;
609 3895 711 3946 prope
734 3881 850 3930 orders
881 3883 1021 3932 tumultu
1049 3885 1111 3934 nihii
1138 3893 1236 3950 potest;
1269 3901 1325 3933 nom

330 3970 417 4032 imego
436 3969 541 4031 tollitur,
560 3973 650 4023 nddito
668 3987 781 4038 prope.
818 3973 923 4024 Fuitne:
942 3977 1018 4040 quoi
1038 3977 1098 4040 (pro
1117 3983 1193 4038 quo)
1264 3991 1326 4026 crs·

332 4063 440 4116 serint
458 4077 562 4125 prope
583 4067 714 4116 moenie
733 4066 897 4118 Romane?
