2826 4650
592 276 625 333 81
977 271 1032 321 Lib.
1057 270 1106 320 III.

70 473 151 520 sunt.
203 460 283 517 Nem
308 458 386 533 qnod
408 459 522 532 magis
545 458 639 514 omitti
662 454 781 525 dicitur,
805 453 914 514 frustra
947 476 1073 532 quoerns,
1094 459 1143 515 ubi

73 567 181 624 Livius
213 566 244 622 in
271 565 321 621 tuli
346 564 484 621 orationis
517 562 613 620 forma
640 561 800 638 (adiunctis
826 561 960 636 proxime
989 563 1142 640 adipsum

71 672 255 728 adiectivum
290 671 376 727 rebus
399 667 587 744 comparatis)
620 669 662 726 ita
702 668 822 736 dixerit3
855 669 944 726 hebet
976 669 1051 726 enim
1083 671 1144 728 haec

72 759 196 836 licentis
229 795 297 834 suas
331 793 454 846 causes,
489 793 558 831 suos
584 775 665 834 fines.
723 774 866 849 Equidem
896 793 933 830 ue
962 775 998 832 de
1029 777 1144 835 XXIII

73 885 197 959 quidem
241 885 297 952 43,
335 884 370 939 13
409 891 459 937 aut
489 879 650 950 XXVIII,
682 883 742 950 rt,
773 883 790 938 9
823 881 1014 956 suspicionem
1045 885 1142 941 exclu-

74 993 127 1050 do.
196 991 350 1048 Postremo
388 985 551 1063 (subeunda
582 987 669 1056 enim,
693 986 816 1044 veritate
837 997 972 1062 cogente,
1015 990 1144 1048 audacie

74 1096 267 1172 reprehensio
302 1094 359 1169 est)
392 1099 406 1163 ξ
437 1097 453 1149 5
492 1111 592 1149 verum
625 1109 689 1149 esse
716 1111 804 1168 posse
839 1111 929 1168 nego,
962 1096 1041 1170 quod
1072 1097 1143 1154 scri-

76 1205 173 1262 bitur:
203 1221 308 1276 quum
330 1199 447 1268 a'liud,
472 1207 714 1273 preterquam
745 1187 786 1254 de
811 1201 1144 1273 quorettnlissent,

77 1306 282 1366 decemviri
312 1306 436 1362 dicere
464 1304 725 1379 prohiberent,
749 1302 939 1364 Claudium
968 1307 1144 1384 interpel-

78 1414 182 1472 landi
208 1411 432 1470 verecundia
467 1409 551 1478 fuit3
579 1411 639 1468 hoec
673 1411 746 1468 enirn
771 1411 812 1468 sic
835 1413 976 1483 dicuntur,
1005 1423 1143 1488 tunquam

77 1522 176 1596 ipsum
207 1517 361 1576 Claudium
395 1517 444 1590 (de
467 1535 501 1572 eo
524 1517 599 1574 enIm
622 1517 730 1592 agitur)
754 1518 954 1592 prohibuerint
978 1521 1031 1576 nisi
1056 1521 1144 1578 dere

76 1626 174 1684 relatu
197 1625 301 1683 dicero.
353 1623 431 1680 Nem
455 1621 533 1698 quod
555 1622 930 1682 adscribiturGermonice:
952 1637 1063 1690 soust,
1086 1628 1144 1685 bei

76 1735 147 1790 den
172 1731 338 1805 ubrigon,
368 1749 425 1786 nou
460 1737 556 1804 potest
577 1727 671 1784 omitti
693 1729 742 1800 id,
779 1730 889 1805 inquo
917 1731 981 1806 ipse
1003 1734 1144 1792 sententie

77 1839 213 1898 vertitur.
258 1835 414 1894 Manifesta
435 1834 583 1892 sententies
606 1817 680 1890 retio
703 1845 732 1891 et·
754 1836 964 1894 contrariorum
986 1840 1143 1916 figure-po-

78 1944 180 2014 stulet,
195 1953 227 1999 nt
241 1943 397 2000 scribetur:
420 1959 526 2016 quum
549 1941 654 2012 ulios,
676 1951 919 2016 preterquam
936 1944 976 2000 de
992 1963 1060 2019 quo
1077 1957 1143 2004 ret·

78 2049 270 2116 tulissent,
293 2048 491 2106 decemviri
512 2046 634 2102 dicere
666 2047 923 2120 prohiberent,
953 2049 1143 2110 Claudium

79 2153 346 2228 interpellandi
376 2152 600 2212 verecundia
621 2146 727 2228 fuit.¹)

173 2257 244 2334 Gap.
269 2263 317 2328 50,
343 2263 378 2316 10
402 2257 464 2334 (ubi
485 2259 521 2316 de
542 2259 649 2333 togatis
671 2258 776 2332 egitur,
799 2259 848 2334 qui
869 2271 936 2334 post
958 2261 1064 2320 caedem
1079 2263 1146 2320 Vir·

80 2367 168 2440 giniae
191 2383 228 2422 ex
249 2365 321 2422 urbe
341 2365 371 2422 in
388 2374 485 2422 castra
502 2368 666 2437 venerent):
690 2365 814 2422 eedem
836 2365 906 2422 ille
927 2367 1003 2440 (quie
1024 2367 1053 2424 in
1077 2369 1147 2424 urbe

81 2469 267 2536 accidissent)
291 2471 478 2543 querendo
512 2469 766 2544 docendoque,
789 2479 924 2544 quanto
947 2473 1147 2546 visaquom

82 2575 647 2652 ariditeindigniorepotuerint
667 2577 799 2634 videri.
829 2578 923 2651 Quum
938 2588 1147 2649 remetrocem,

82 2682 129 2738 cui
151 2681 206 2757 ipsi
228 2679 418 2752 interfuimus,
443 2681 507 2738 eliis
529 2701 697 2752 narremus,
723 2683 860 2740 docemus
882 2702 946 2742 eum
969 2683 1058 2740 oculis
1080 2685 1148 2742 sub·

82 2788 187 2844 iectem
210 2805 298 2862 quarn
321 2788 449 2845 auditam
472 2788 663 2862 indigniorem
686 2799 737 2844 aut
760 2789 852 2846 visam
875 2803 1010 2847 essesut
1032 2809 1148 2848 necesso

83 2893 173 2950 fuisse
195 2893 302 2962 videri3
323 2894 488 2969 potuisse
511 2894 601 2952 videri
621 2894 826 2970 indigniorem,
848 2895 918 2952 nihil
933 2907 985 2967 est,
1008 2897 1148 2972 quoddo-

82 3017 219 3068 ceemus,
243 2999 380 3072 quonism
402 2999 432 3057 id
454 3000 491 3057 nd
514 3019 574 3057 rem
598 3001 667 3058 nihil
692 3001 818 3076 pertinet
839 3011 868 3058 et
888 3021 942 3077 per
964 3021 995 3059 se
1016 3002 1148 3079 intelligi-

116 3159 282 3168 -a———..

102 3244 126 3313 ¹)
156 3244 220 3309 Cup.
241 3249 291 3303 44,
324 3249 429 3292 erecte
455 3243 624 3306 Ingerrlevius
644 3247 792 3295 orationem
810 3245 846 3294 sic
864 3246 1009 3310 descripsit:
1042 3247 1148 3297 Vocat

153 3337 297 3402 puellam
316 3337 348 3384 in
366 3336 422 3384 ine.
459 3338 673 3398 Auctoribus,
690 3339 743 3404 qni
764 3339 912 3397 ederant,
928 3349 961 3388 nt
979 3355 1148 3404 sequeren-

154 3441 214 3488 tur,
234 3429 271 3478 sd
291 3428 436 3476 tribunal
457 3431 554 3494 Appii
576 3439 778 3494 perventum
797 3439 855 3482 cet.
893 3431 1013 3482 Postulat
1026 3443 1148 3496 essenon

154 3520 354 3572 concedentibus
365 3521 644 3586 edversnriir,fit,quod
654 3523 810 3589 postulerat.
849 3523 911 3588 Cep.
926 3529 968 3584 49,
981 3529 995 3573 6
1009 3526 1076 3588 quod
1096 3526 1149 3590 ipse

153 3613 318 3663 scribendum
337 3613 507 3662 coniecerant:
526 3615 686 3678 Agitetue
714 3616 834 3664 deiude
853 3617 1014 3676 consiliis,
1033 3616 1066 3670 td
1087 3635 1150 3687 que

153 3721 191 3754 cx
215 3705 298 3754 omni
330 3713 423 3768 parte
448 3706 671 3758 adsentiendo
700 3709 814 3757 multis
838 3711 1026 3760 auctoribus
1050 3713 1149 3776 trepi-

152 3799 299 3856 daverat,
320 3803 470 3847 senatum
489 3801 607 3850 vocari
625 3811 794 3866 postremo
812 3801 919 3862 iussit,
938 3815 1028 3868 postea
1045 3821 1060 3852 e
1078 3805 1150 3854 Stro-

154 3889 208 3938 tIdo
227 3897 377 3954 occupatum
387 3889 448 3943 vidi.
475 3889 507 3939 Iu
520 3893 637 3942 codicum
655 3897 780 3959 scriptura
793 3895 852 3953 (etsi
872 3904 904 3943 et
922 3910 982 3959 que
1001 3911 1088 3961 reapse
1099 3913 1149 3947 uon

152 3977 239 4030 differt
261 3982 294 4030 ab
322 3981 360 4029 ed
378 3985 459 4045 qun)
484 3963 680 4047 perversissime
704 3995 743 4037 est
766 3987 887 4036 oret-ionis
911 3989 1071 4052 progressio,
1092 4005 1150 4055 per-

151 4071 322 4122 versissimum
341 4073 626 4140 plusquamperfectum.

109 4179 220 4218 lnnvtun
234 4179 327 4217 surm.
337 4179 393 4218 trit.
932 4177 947 4224 b
