2820 4646
632 295 687 350 571
1021 289 1077 339 Lib.
1096 287 1194 340 XMV.

128 495 219 552 quum
242 475 308 552 quis
331 474 432 534 consul
454 471 654 532 consalutato:
674 479 704 528 et
725 490 783 547 qno
806 472 852 530 die
867 473 971 548 uliquis
992 473 1194 548 magistratum

130 581 192 642 init.
243 579 348 640 Codex
365 581 470 639 hebet:
492 595 597 654 quern
619 593 697 634 cunr
715 585 777 634 sut
798 578 1000 654 conpulsus
1027 579 1196 638 consulu·

128 696 207 762 tus,
240 685 270 744 in
302 703 361 761 quo
383 686 535 763 perspicue
563 681 755 757 significetur:
784 702 858 741 cum
887 693 949 741 stit
969 685 1098 742 consul
1119 701 1194 748 sn

127 791 405 862 consalutatus:
434 791 534 866 itaque
561 789 648 846 etiem
682 790 944 864 magistratum
972 790 1038 848 inii
1065 790 1193 850 scriben-

127 897 197 954 dum
219 905 278 967 est3
312 898 366 954 etsi
397 897 502 954 mirum
535 903 578 954 est
608 893 639 950 id
666 893 695 951 iu
715 894 879 954 inissent
910 898 964 969 (sic
986 897 1064 969 cod.)
1088 897 1196 955 nruteri

128 1003 267 1081 potuisse.
316 1002 415 1076 (Quod
437 1001 675 1060 Weissenbornio
705 1001 735 1058 in
763 1010 886 1059 mentem
909 1001 988 1059 venit
1010 1021 1046 1060 ex
1066 1001 1123 1060 illis
1143 1021 1194 1061 vs·

127 1107 221 1186 stigiis
244 1107 372 1166 efficere:
404 1107 619 1182 compulsus
655 1123 770 1164 essem
804 1107 1090 1183 adpetitionem
1114 1127 1194 1166 con·

128 1213 294 1286 suiuus,
329 1233 394 1290 quae
415 1220 531 1289 poteret
562 1211 591 1268 in
614 1229 649 1268 eo
672 1229 736 1268 sese
757 1211 837 1287 vulgi
867 1213 1015 1270 homiuum
1036 1213 1195 1290 gratulatio

131 1327 161 1376 et
181 1320 260 1394 quod
280 1330 344 1378 eret
364 1321 394 1377 id
417 1338 505 1378 unum
527 1315 674 1392 tempusi)
765 1319 801 1375 In
824 1317 924 1375 eedem
947 1319 1079 1376 cretione
1103 1320 1193 1396 psulo

128 1424 206 1484 inire
228 1428 255 1499 (ς
280 1428 312 1492 ii
335 1425 484 1484 scribitur:
506 1423 606 1482 Illud
639 1421 833 1480 affirmare
860 1443 925 1500 pro
947 1433 1051 1482 certo
1069 1426 1193 1484 habeo

128 1533 330 1608 sudeoque
351 1551 403 1589 rue
425 1531 521 1589 omni
543 1548 609 1607 ope
632 1527 845 1586 adnisurum
871 1547 966 1601 esse,
989 1540 1042 1592 cet.
1091 1529 1192 1589 Offen·

128 1638 171 1696 dit
192 1649 222 1696 et
242 1638 337 1696 insnis
360 1637 445 1713 copis
466 1637 632 1702 verborum,
656 1653 744 1709 quum
768 1635 911 1710 superiori
941 1654 1092 1712 sperare
1113 1655 1192 1713 pos·

128 1761 207 1800 sunt
238 1743 310 1801 setis
336 1743 512 1818 respondent
542 1741 740 1800 affirmare
762 1759 791 1816 p.
814 1760 838 1799 e.
862 1742 996 1812 endec,
1020 1752 1049 1800 et
1069 1761 1193 1819 pravum

127 1847 267 1922 loquendi
298 1865 389 1924 genus
412 1866 478 1924 pro
502 1855 601 1904 certo
622 1846 741 1903 habeo
763 1847 973 1922 affirmare,
1004 1868 1092 1924 quurn
1115 1848 1194 1906 aliud

128 1953 167 2009 sit
181 1971 246 2028 pro
268 1963 368 2011 certo
390 1955 528 2011 hebere
549 1971 603 2010 nec
632 1970 697 2010 curn
728 1952 851 2028 simplici
873 1953 1014 2011 infinitivo
1036 1954 1194 2030 coniunge·

128 2068 185 2116 tur.
230 2059 267 2116 ln
292 2060 392 2118 codice
413 2059 547 2117 scribitur
568 2058 686 2116 hebeo
709 2058 828 2116 sudes
850 2058 911 2116 sine
926 2059 1040 2135 copule.
1087 2061 1194 2118 Libra-

128 2162 200 2238 rius,
223 2181 312 2238 quum
334 2165 461 2222 scribere
484 2165 615 2222 deberet:
638 2162 831 2221 sifirmnre
853 2182 917 2239 pro
940 2174 1045 2223 certo
1067 2165 1193 2236 audeo,
1247 2199 1249 2202 ·

128 2269 271 2345 primum,
298 2271 406 2328 oblitus
427 2289 493 2346 pro
516 2279 617 2328 certo
646 2287 711 2328 cum
740 2265 906 2326 affirmandi
928 2271 1018 2328 verbo
1040 2273 1195 2342 coherere,

129 2374 243 2450 posuit:
258 2395 326 2451 pro
347 2385 448 2434 certo
467 2377 598 2447 habeo,
621 2374 724 2433 deiude
745 2393 845 2432 verum
868 2375 1017 2454 (audeo)
1037 2378 1194 2442 substituit.

129 2479 255 2551 Deinde,
278 2482 415 2555 quonism
437 2483 467 2540 in
490 2488 505 2552 ξ
528 2485 546 2540 6
569 2481 674 2539 vulnus
695 2490 807 2538 tuntum
831 2480 944 2556 aperire
964 2499 1101 2556 possunt,
1134 2502 1192 2540 non

129 2581 287 2662 ssnsre¹)‚
319 2587 348 2644 in
373 2591 388 2658 ς
415 2591 450 2646 10
481 2587 616 2664 pusillum
639 2586 774 2644 ruendum
795 2585 905 2644 tollant.
963 2586 1068 2645 Editur
1102 2589 1193 2646 enirn:

129 2693 360 2767 nequeenim
384 2712 508 2752 omnes
531 2703 604 2752 tam
626 2692 725 2750 iirmi
747 2701 783 2748 et
802 2691 1192 2761 constentistcodmcn·

128 2799 256 2871 tactis)
288 2799 399 2858 enimi
427 2812 562 2858 contre
590 2798 784 2856 sdversum
807 2815 989 2856 rumorem
1011 2815 1091 2855 esse
1113 2816 1193 2874 pos-

147 3149 172 3219 ¹)
196 3153 226 3204 iu
245 3155 301 3204 cod.
322 3155 359 3206 sic
377 3155 509 3204 scribitur:
528 3153 602 3214 Vos,
622 3167 689 3218 quse
707 3155 886 3218 scripsero
908 3155 1039 3204 senstni
1063 3163 1119 3204 sut
1144 3171 1192 3206 vo·

198 3248 250 3299 bis
279 3263 386 3298 mores
414 3247 636 3296 crudelitatis
660 3253 793 3296 restrae
813 3245 949 3306 edistis,
977 3260 1110 3309 quorum
1142 3257 1192 3301 cet.

199 3339 444 3392 credulitatem
475 3347 542 3388 recte
571 3337 698 3402 Gryneus
725 3338 871 3398 substituit3
898 3339 943 3388 sed
973 3353 1056 3402 neque
1080 3341 1191 3400 credo,

199 3446 266 3498 qun
285 3433 414 3490 scribis,
434 3431 553 3483 Lstinunr
573 3444 686 3494 eesepro
703 3444 743 3490 ec,
762 3431 830 3492 quod
850 3433 1094 3482 esttcredcrers
1112 3445 1191 3492 esse,

199 3539 267 3590 quse
287 3541 355 3586 scr„
374 3531 430 3572 sut:
450 3524 546 3573 credo
564 3523 690 3572 litteris
711 3522 1036 3585 tuis‚biucccnflrnrstur,
1052 3539 1134 3590 neque
1154 3539 1192 3574 ue

197 3617 301 3668 sistis
325 3633 373 3684 pro
396 3631 428 3666 ue
448 3616 606 3666 sideritis
630 3616 656 3664 iu
673 3613 834 3678 prohibendo
853 3615 911 3664 dici.
957 3617 1054 3667 Fenus
1073 3619 1192 3668 universe

198 3709 322 3760 cretionis
341 3711 396 3760 inec
415 3709 514 3760 iuerst:
533 3708 609 3766 Vos,
629 3721 697 3770 ques
716 3709 881 3773 scripsero
900 3711 1036 3760 senstui
1061 3719 1118 3759 snt
1135 3725 1192 3760 rc·

199 3801 320 3868 bis‚[es
338 3818 416 3852 vers
434 3816 505 3852 esse
524 3801 684 3860 credetis,
701 3815 877 3864 regerere
897 3800 1062 3866 rqunores
1081 3803 1192 3852 credn-

198 3894 299 3945 iitsts
319 3903 429 3946 vestre
446 3895 563 3954 sistis,
583 3905 715 3955 quorum
735 3901 784 3942 cet.
826 3892 910 3943 Panic
928 3903 988 3958 post
1010 3895 1038 3958 (5
1057 3895 1084 3960 8)
1104 3895 1131 3944 in
1148 3909 1192 3946 ec·

197 3987 254 4038 dice
273 3987 405 4039 scribitur:
424 3987 455 4036 in
474 3987 655 4037 convisunt
680 3985 735 4051 qui
763 3986 929 4038 exercitus
954 3987 988 4038 in
1007 3989 1192 4038 mscemdu·

198 4089 283 4141 cent,
302 4094 359 4144 que
379 4081 503 4146 ancus
521 4087 589 4130 recte
607 4079 758 4129 eneudssss
775 4079 884 4130 ridetur.
