2826 4640
245 277 303 328 nn.
323 255 421 328 xnus.
752 279 811 334 550
901 287 904 292 ·

246 461 443 539 IllyrIcum
465 459 615 534 (scribitur
639 467 737 517 antem
760 476 831 516 rere
852 457 908 516 sic:
937 459 1071 516 Eadem
1093 469 1225 518 castate
1249 479 1322 536 qna

246 567 283 624 in
310 565 508 625 Thessalia
535 565 680 640 legatus
710 564 746 620 iu
768 559 993 640 Illyricum),
1024 573 1053 621 et
1076 582 1163 639 quum
1188 567 1321 624 noudum

245 671 319 729 satis
335 670 557 748 perspexissem,
576 687 663 744 qnam
681 668 849 744 frequenter
862 669 892 726 iu
909 669 966 728 hoc
977 669 1078 728 codice
1091 672 1184 728 verba
1204 671 1322 746 aliquot

247 775 457 848 omitterentur,
478 777 508 833 iu
528 775 627 834 libello
651 774 829 846 academice,
852 792 977 848 quemn.
992 777 1069 833 1852
1089 776 1166 833 edidi
1179 777 1230 848 (do
1242 777 1322 834 Livii

244 881 313 940 libri
322 881 432 939 XLIII
450 881 532 939 initio
549 881 646 954 ocod,
656 879 879 938 vindobonensi
898 880 1103 957 emendando),
1118 883 1321 940 coniecturam

246 989 283 1046 ds
304 989 361 1045 hoc
382 987 448 1044 loco
469 985 648 1044 restituendo
668 983 796 1060 prodidi
828 993 857 1041 et
878 986 1030 1056 exemeri,
1064 1005 1153 1061 qnam
1175 988 1321 1046 oblivioni

246 1111 368 1172 prorsus
389 1092 467 1150 tradi
488 1091 584 1167 cupio.
633 1087 749 1160 Cetera,
774 1107 839 1164 qum
861 1090 891 1146 in
914 1094 1041 1160 §teta
1063 1093 1135 1150 recti
1155 1093 1197 1150 ibi
1219 1112 1321 1151 emen·

245 1200 329 1271 davi,
362 1208 466 1276 postea
499 1195 559 1254 vidi
591 1195 650 1252 iam
683 1215 703 1253 a
734 1195 974 1253 Weissenboruio
1004 1196 1033 1252 in
1055 1195 1213 1256 lectionum
1236 1199 1319 1256 Livi·

245 1323 369 1363 anarum
402 1313 487 1380 parto
523 1301 621 1379 priore
657 1311 802 1376 occupata
832 1319 906 1372 esse,
941 1299 996 1357 nisi
1029 1302 1108 1376 quod
1141 1323 1180 1360 ex
1211 1303 1321 1360 litteris

245 1409 417 1468 eremium
449 1417 501 1466 aut
536 1405 733 1464 ceremiam
772 1385 1252 1483 (oppugnaiuiceremiam),
1286 1409 1316 1464 in

245 1514 351 1590 quibus
382 1531 437 1589 ego
468 1511 587 1570 alterius
618 1529 655 1568 ex
677 1511 791 1569 duobus
814 1511 945 1587 oppidis,
975 1531 1041 1588 qum
1062 1513 1163 1571 Livius
1186 1531 1318 1570 comme·

243 1628 350 1690 morat,
371 1637 478 1676 nomeu
499 1617 591 1675 latere
612 1615 723 1692 putovI,
744 1616 770 1673 is
792 1635 914 1675 eornm
942 1637 1047 1676 unum
1069 1617 1175 1689 effecit,
1199 1638 1317 1695 parum,

245 1733 277 1784 ut
302 1725 425 1794 videtur,
447 1721 647 1800 probabiliter.
703 1721 754 1778 Ad
777 1721 892 1796 reliqua
911 1742 1013 1800 pergo,
1039 1725 1144 1800 quibus
1166 1724 1246 1782 illins
1268 1743 1316 1781 er-

243 1830 319 1888 roris
360 1829 476 1906 culpam
512 1828 693 1902 redemptum
733 1826 770 1884 iri
808 1846 905 1904 spero.
963 1827 1151 1904 Quemquam
1187 1829 1315 1904 primurn

245 1933 362 2010 quidem
384 1933 526 1991 minutula
547 1951 594 1990 res
616 1931 786 2008 attingenda
808 1942 861 2004 est,
883 1951 941 1989 non
965 1935 1103 2009 possein
1128 1937 1200 2003 §10
1222 1942 1254 1990 et
1279 1937 1312 1990 tl

242 2037 313 2096 ferri
344 2037 545 2116 Imperfectum
590 2045 704 2113 tempus
744 2039 774 2096 in
809 2041 886 2097 hanc
925 2039 1092 2097 continuam
1127 2038 1317 2114 praesentium

242 2144 347 2202 seriem
371 2143 456 2219 quusi
476 2143 603 2200 ludendo
627 2142 784 2201 inclusum:
818 2142 1033 2201 Decernunt
1061 2189 1089 2203 ..
1117 2154 1155 2200 ut
1177 2141 1211 2201 C.
1234 2143 1315 2202 Sul-

241 2248 361 2326 picius
385 2293 393 2308 .
415 2257 490 2306 tres
519 2293 526 2307 .
554 2249 716 2306 nominet
736 2247 897 2322 legatos,
919 2248 984 2323 qui
1013 2291 1042 2312 ..
1062 2247 1316 2325 proficiscan-

241 2363 299 2412 tur
321 2373 363 2412 ex
384 2353 474 2412 urbe
495 2361 543 2425 et,
566 2361 740 2429 quantum
764 2353 979 2412 accelerare
999 2364 1165 2431 possent,
1189 2353 1315 2412 Cossi-

240 2477 312 2530 um,
333 2458 546 2534 ubicunque
571 2457 635 2530 sit,
657 2469 946 2534 persequentum
968 2461 1153 2528 nuntient,
1174 2479 1218 2516 ne
1240 2459 1316 2516 bel—

240 2563 314 2621 lum
336 2583 412 2622 cum
434 2564 511 2622 ulls
532 2573 642 2640 geute
663 2572 822 2634 moveat,
857 2563 933 2622 nisi
961 2583 1038 2623 cum
1068 2583 1138 2640 qua
1159 2572 1314 2621 senatus

245 2711 276 2731 0.
304 2677 512 2727 censuerat.
560 2668 753 2729 Scribendum
774 2670 929 2745 possint.
971 2671 1042 2729 Non
1064 2671 1218 2727 aberratur
1240 2669 1314 2738 iare,

239 2783 273 2832 ut
294 2793 372 2851 saepe
392 2773 462 2844 dixi,
492 2774 547 2831 uisi
578 2773 629 2832 ubi
652 2793 712 2832 una
740 2774 838 2834 littera
858 2775 961 2834 formas
983 2775 1106 2844 distant;
1136 2784 1236 2832 esset
1256 2793 1315 2852 pro

185 2943 187 2946 .
239 2880 289 2938 sit
310 2881 448 2956 scriptum
470 2897 529 2937 non
551 2879 691 2955 reperias.
740 2881 819 2940 Tum
848 2881 1094 2939 censueretiu
1122 2881 1312 2938 censuerit

239 2985 412 3044 mutandum
428 3003 501 3056 esse,
519 2986 690 3045 Perizonius
709 2985 796 3062 vidit3
818 2995 851 3044 ut
866 2987 942 3044 enlm
955 2987 1146 3045 indicativum
1167 2985 1312 3060 ieramus,

238 3109 305 3150 cum
336 3089 453 3148 nullane
484 3101 570 3167 gente
601 3092 724 3167 posthae
753 3091 860 3148 bellum
889 3109 991 3168 gerere
1012 3085 1134 3163 licebat,
1164 3092 1220 3149 uisi
1244 3109 1310 3149 cum

239 3214 299 3272 qua
320 3195 380 3254 iem
401 3205 470 3254 ante
492 3197 549 3254 hoc
569 3205 684 3272 tempus
695 3203 814 3254 senatus
835 3197 994 3271 gerendum
1017 3197 1198 3256 censuisset?
1228 3198 1309 3255 Nem

237 3301 445 3360 censuisset
472 3301 503 3359 iu
519 3301 651 3360 oratione
672 3299 794 3376 obliqua
813 3309 880 3376 post
902 3303 1078 3378 preteritum
1100 3301 1191 3360 futuri
1212 3303 1311 3360 exacti

236 3405 331 3465 vicem
353 3407 484 3478 sustinet,
505 3415 703 3465 censuerat
718 3423 788 3463 vore
809 3407 947 3482 praeteriti
968 3407 1107 3484 temporis
1130 3417 1182 3466 est.

326 3511 400 3589 Cap.
409 3513 438 3583 3,
454 3513 471 3570 3
485 3511 649 3588 (ubiugitur
659 3510 869 3569 dehominibus
881 3530 918 3568 ex
928 3511 1067 3570 militibus
1078 3513 1220 3571 Romanis
1232 3523 1310 3571 etex

236 3617 561 3694 mulieribusHispauis,
571 3618 741 3694 quibuscum
753 3617 927 3676 connubium
939 3635 998 3674 uon
1008 3619 1171 3689 erutuatis,
1183 3620 1309 3694 quiore-

235 3723 317 3794 bant,
339 3732 372 3781 nt
390 3723 445 3782 sibi
467 3723 607 3801 oppidum
628 3724 767 3795 daretur,
788 3723 819 3780 in
842 3741 900 3798 quo
922 3722 1117 3794 habitarenttt
1148 3725 1311 3784 Senatus

235 3827 460 3900 decrevit,ut
480 3830 631 3888 nomina
652 3847 717 3886 sua
739 3829 834 3905 apud
855 3825 1311 3904 L.Oanulcium(proetorsm,

234 3933 599 4010 cuIHispaniaproviucia
609 3933 1050 4010 evenerstlproiitereutur,
1062 3952 1260 4011 serumque
1277 3938 1311 3994 si
