<?xml version="1.0" encoding="UTF-8"?>
<!DOCTYPE html PUBLIC "-//W3C//DTD XHTML 1.0 Transitional//EN"
    "http://www.w3.org/TR/xhtml1/DTD/xhtml1-transitional.dtd">
<html xmlns="http://www.w3.org/1999/xhtml" xml:lang="en" lang="en">
 <head>
  <title>
</title>
<meta http-equiv="Content-Type" content="text/html;charset=utf-8" />
  <meta name='ocr-system' content='tesseract 3.04.00' />
  <meta name='ocr-capabilities' content='ocr_page ocr_carea ocr_par ocr_line ocrx_word'/>
</head>
<body>
  <div class='ocr_page' id='page_1' title='image "./emendationesliv02madvgoog_0380.png"; bbox 0 0 2810 4644; ppageno 0'>
   <div class='ocr_carea' id='block_1_1' title="bbox 586 273 1147 333">
    <p class='ocr_par' dir='ltr' id='par_1_1' title="bbox 586 273 1147 333">
     <span class='ocr_line' id='line_1_1' title="bbox 586 273 1147 333; baseline -0.005 0"><span class='ocrx_word' id='word_1_1' title='bbox 586 277 641 333; x_wconf 83' lang='grc'><strong>371</strong></span> <span class='ocrx_word' id='word_1_2' title='bbox 980 273 1147 330; x_wconf 72' lang='lat' dir='ltr'><strong>Libxm.</strong></span> 
     </span>
    </p>
   </div>
   <div class='ocr_carea' id='block_1_2' title="bbox 80 455 1145 3493">
    <p class='ocr_par' dir='ltr' id='par_1_2' title="bbox 83 455 1145 846">
     <span class='ocr_line' id='line_1_2' title="bbox 84 455 1145 536; baseline 0.006 -24"><span class='ocrx_word' id='word_1_3' title='bbox 84 473 173 513; x_wconf 88' lang='lat' dir='ltr'><strong>suros</strong></span> <span class='ocrx_word' id='word_1_4' title='bbox 190 456 325 517; x_wconf 88' lang='lat' dir='ltr'><strong>minatur.</strong></span> <span class='ocrx_word' id='word_1_5' title='bbox 369 458 537 530; x_wconf 79' lang='lat' dir='ltr'><strong>(Animos</strong></span> <span class='ocrx_word' id='word_1_6' title='bbox 559 455 674 514; x_wconf 88' lang='lat' dir='ltr'><strong>alicui</strong></span> <span class='ocrx_word' id='word_1_7' title='bbox 700 457 826 516; x_wconf 86' lang='lat' dir='ltr'><strong>facere</strong></span> <span class='ocrx_word' id='word_1_8' title='bbox 849 458 951 516; x_wconf 86' lang='lat' dir='ltr'><strong>iterum</strong></span> <span class='ocrx_word' id='word_1_9' title='bbox 974 461 1030 517; x_wconf 89' lang='lat' dir='ltr'><strong>hoc</strong></span> <span class='ocrx_word' id='word_1_10' title='bbox 1051 461 1145 536; x_wconf 88' lang='lat' dir='ltr'><strong>capite</strong></span> 
     </span>
     <span class='ocr_line' id='line_1_3' title="bbox 87 561 1145 639; baseline 0.006 -21"><span class='ocrx_word' id='word_1_11' title='bbox 87 567 103 631; x_wconf 70' lang='grc' dir='ltr'><strong>ξ</strong></span> <span class='ocrx_word' id='word_1_12' title='bbox 127 563 144 619; x_wconf 86' lang='grc'>9</span> <span class='ocrx_word' id='word_1_13' title='bbox 168 561 272 619; x_wconf 82' lang='lat' dir='ltr'><strong>dicitnr·</strong></span> <span class='ocrx_word' id='word_1_14' title='bbox 292 572 321 620; x_wconf 89' lang='lat' dir='ltr'><strong>et</strong></span> <span class='ocrx_word' id='word_1_15' title='bbox 341 581 366 624; x_wconf 92' lang='lat' dir='ltr'><strong>c.</strong></span> <span class='ocrx_word' id='word_1_16' title='bbox 392 567 449 634; x_wconf 76' lang='lat' dir='ltr'><strong>ld,</strong></span> <span class='ocrx_word' id='word_1_17' title='bbox 484 568 500 621; x_wconf 84' lang='lat'><strong>5</strong></span> <span class='ocrx_word' id='word_1_18' title='bbox 537 581 631 638; x_wconf 86' lang='lat' dir='ltr'><strong>nequa</strong></span> <span class='ocrx_word' id='word_1_19' title='bbox 659 563 815 638; x_wconf 85' lang='lat' dir='ltr'><strong>quicquam</strong></span> <span class='ocrx_word' id='word_1_20' title='bbox 848 564 925 639; x_wconf 85' lang='lat' dir='ltr'><strong>apud</strong></span> <span class='ocrx_word' id='word_1_21' title='bbox 950 564 1066 622; x_wconf 80' lang='lat' dir='ltr'><strong>Lirium</strong></span> <span class='ocrx_word' id='word_1_22' title='bbox 1087 563 1145 624; x_wconf 81' lang='lat' dir='ltr'><strong>ire-</strong></span> 
     </span>
     <span class='ocr_line' id='line_1_4' title="bbox 83 667 1145 744; baseline 0.006 -20"><span class='ocrx_word' id='word_1_23' title='bbox 83 668 222 744; x_wconf 88' lang='lat' dir='ltr'><strong>qnentius</strong></span> <span class='ocrx_word' id='word_1_24' title='bbox 243 668 283 739; x_wconf 93' lang='lat' dir='ltr'><strong>(I,</strong></span> <span class='ocrx_word' id='word_1_25' title='bbox 305 669 359 738; x_wconf 85' lang='grc'><strong>34,</strong></span> <span class='ocrx_word' id='word_1_26' title='bbox 380 667 516 740; x_wconf 89' lang='lat' dir='ltr'>XXXV,</span> <span class='ocrx_word' id='word_1_27' title='bbox 539 671 597 739; x_wconf 83' lang='grc'><strong>36,</strong></span> <span class='ocrx_word' id='word_1_28' title='bbox 616 669 785 738; x_wconf 78' lang='lat' dir='ltr'>XXXVII,</span> <span class='ocrx_word' id='word_1_29' title='bbox 809 670 864 739; x_wconf 80' lang='lat'><strong>³7,</strong></span> <span class='ocrx_word' id='word_1_30' title='bbox 886 669 1073 743; x_wconf 89' lang='lat' dir='ltr'>XXXVIII,</span> <span class='ocrx_word' id='word_1_31' title='bbox 1098 673 1145 739; x_wconf 80' lang='lat'><strong>15,</strong></span> 
     </span>
     <span class='ocr_line' id='line_1_5' title="bbox 85 775 273 846; baseline -0.011 -14"><span class='ocrx_word' id='word_1_32' title='bbox 85 775 189 844; x_wconf 85' lang='lat' dir='ltr'>XLII,</span> <span class='ocrx_word' id='word_1_33' title='bbox 212 776 273 846; x_wconf 80' lang='lat'><strong>50).</strong></span> 
     </span>
    </p>

    <p class='ocr_par' dir='ltr' id='par_1_3' title="bbox 80 878 1144 2437">
     <span class='ocr_line' id='line_1_6' title="bbox 178 878 1144 956; baseline 0.002 -18"><span class='ocrx_word' id='word_1_34' title='bbox 178 878 251 956; x_wconf 86' lang='lat' dir='ltr'><strong>Cap.</strong></span> <span class='ocrx_word' id='word_1_35' title='bbox 274 882 323 950; x_wconf 82' lang='lat'><strong>21,</strong></span> <span class='ocrx_word' id='word_1_36' title='bbox 354 884 372 938; x_wconf 82' lang='lat'>4</span> <span class='ocrx_word' id='word_1_37' title='bbox 401 880 449 952; x_wconf 89' lang='lat' dir='ltr'><strong>(de</strong></span> <span class='ocrx_word' id='word_1_38' title='bbox 471 881 504 940; x_wconf 79' lang='lat' dir='ltr'><strong>L:</strong></span> <span class='ocrx_word' id='word_1_39' title='bbox 527 881 617 938; x_wconf 81' lang='lat' dir='ltr'><strong>Furio</strong></span> <span class='ocrx_word' id='word_1_40' title='bbox 639 881 744 940; x_wconf 84' lang='lat' dir='ltr'><strong>Gallos</strong></span> <span class='ocrx_word' id='word_1_41' title='bbox 772 879 946 939; x_wconf 73' lang='lat' dir='ltr'>Cremonam</span> <span class='ocrx_word' id='word_1_42' title='bbox 980 881 1144 941; x_wconf 77' lang='lat' dir='ltr'>obsidentes</span> 
     </span>
     <span class='ocr_line' id='line_1_7' title="bbox 85 985 1143 1063; baseline 0.005 -22"><span class='ocrx_word' id='word_1_43' title='bbox 85 1004 145 1042; x_wconf 89' lang='lat' dir='ltr'><strong>non</strong></span> <span class='ocrx_word' id='word_1_44' title='bbox 168 987 280 1057; x_wconf 83' lang='lat' dir='ltr'><strong>statim,</strong></span> <span class='ocrx_word' id='word_1_45' title='bbox 315 995 347 1042; x_wconf 92' lang='grc' dir='ltr'><strong>ιιι</strong></span> <span class='ocrx_word' id='word_1_46' title='bbox 369 985 505 1057; x_wconf 83' lang='lat' dir='ltr'><strong>advenit,</strong></span> <span class='ocrx_word' id='word_1_47' title='bbox 528 987 699 1063; x_wconf 80' lang='lat' dir='ltr'><strong>aggresso):</strong></span> <span class='ocrx_word' id='word_1_48' title='bbox 727 985 959 1044; x_wconf 76' lang='lat' dir='ltr'><strong>Lassitudini</strong></span> <span class='ocrx_word' id='word_1_49' title='bbox 989 988 1143 1046; x_wconf 89' lang='lat' dir='ltr'><strong>militum</strong></span> 
     </span>
     <span class='ocr_line' id='line_1_8' title="bbox 83 1089 1144 1169; baseline 0.008 -24"><span class='ocrx_word' id='word_1_50' title='bbox 83 1089 219 1161; x_wconf 81' lang='lat' dir='ltr'><strong>timuit,</strong></span> <span class='ocrx_word' id='word_1_51' title='bbox 242 1091 340 1166; x_wconf 87' lang='lat' dir='ltr'><strong>qnod</strong></span> <span class='ocrx_word' id='word_1_52' title='bbox 361 1093 492 1168; x_wconf 86' lang='lat' dir='ltr'><strong>raptim</strong></span> <span class='ocrx_word' id='word_1_53' title='bbox 514 1093 657 1151; x_wconf 89' lang='lat' dir='ltr'><strong>ductum</strong></span> <span class='ocrx_word' id='word_1_54' title='bbox 680 1110 806 1169; x_wconf 85' lang='lat' dir='ltr'><strong>agmen</strong></span> <span class='ocrx_word' id='word_1_55' title='bbox 830 1103 919 1154; x_wconf 86' lang='lat' dir='ltr'><strong>eret.</strong></span> <span class='ocrx_word' id='word_1_56' title='bbox 967 1093 1065 1155; x_wconf 85' lang='lat' dir='ltr'><strong>Sioeb</strong></span> <span class='ocrx_word' id='word_1_57' title='bbox 1081 1114 1144 1153; x_wconf 92' lang='lat' dir='ltr'><strong>om·</strong></span> 
     </span>
     <span class='ocr_line' id='line_1_9' title="bbox 83 1195 1143 1271; baseline 0.006 -19"><span class='ocrx_word' id='word_1_58' title='bbox 83 1196 180 1266; x_wconf 90' lang='lat' dir='ltr'><strong>nibus,</strong></span> <span class='ocrx_word' id='word_1_59' title='bbox 203 1196 253 1271; x_wconf 88' lang='lat' dir='ltr'><strong>qui</strong></span> <span class='ocrx_word' id='word_1_60' title='bbox 275 1198 389 1255; x_wconf 89' lang='lat' dir='ltr'><strong>Livium</strong></span> <span class='ocrx_word' id='word_1_61' title='bbox 410 1197 568 1270; x_wconf 85' lang='lat' dir='ltr'><strong>ediderunt,</strong></span> <span class='ocrx_word' id='word_1_62' title='bbox 590 1199 651 1257; x_wconf 87' lang='lat' dir='ltr'><strong>siue</strong></span> <span class='ocrx_word' id='word_1_63' title='bbox 673 1199 733 1256; x_wconf 84' lang='lat' dir='ltr'><strong>nlla</strong></span> <span class='ocrx_word' id='word_1_64' title='bbox 754 1195 895 1256; x_wconf 83' lang='lat' dir='ltr'><strong>verietate</strong></span> <span class='ocrx_word' id='word_1_65' title='bbox 917 1200 1069 1270; x_wconf 79' lang='lat' dir='ltr'><strong>scribitur3</strong></span> <span class='ocrx_word' id='word_1_66' title='bbox 1090 1217 1143 1258; x_wconf 89' lang='lat' dir='ltr'><strong>nec</strong></span> 
     </span>
     <span class='ocr_line' id='line_1_10' title="bbox 82 1304 1138 1380; baseline 0.006 -22"><span class='ocrx_word' id='word_1_67' title='bbox 82 1311 156 1360; x_wconf 81' lang='lat' dir='ltr'><strong>ante</strong></span> <span class='ocrx_word' id='word_1_68' title='bbox 187 1311 315 1361; x_wconf 87' lang='lat' dir='ltr'><strong>nostram</strong></span> <span class='ocrx_word' id='word_1_69' title='bbox 343 1313 457 1362; x_wconf 74' lang='lat' dir='ltr'><strong>aetutem</strong></span> <span class='ocrx_word' id='word_1_70' title='bbox 479 1304 633 1380; x_wconf 89' lang='lat' dir='ltr'><strong>quicquam</strong></span> <span class='ocrx_word' id='word_1_71' title='bbox 666 1305 702 1362; x_wconf 91' lang='lat' dir='ltr'><strong>de</strong></span> <span class='ocrx_word' id='word_1_72' title='bbox 723 1304 871 1362; x_wconf 77' lang='lat' dir='ltr'><strong>codicibus</strong></span> <span class='ocrx_word' id='word_1_73' title='bbox 894 1305 1064 1362; x_wconf 85' lang='lat' dir='ltr'><strong>adnotatum</strong></span> <span class='ocrx_word' id='word_1_74' title='bbox 1086 1315 1138 1365; x_wconf 86' lang='lat' dir='ltr'><strong>est.</strong></span> 
     </span>
     <span class='ocr_line' id='line_1_11' title="bbox 83 1407 1144 1485; baseline 0 -19"><span class='ocrx_word' id='word_1_75' title='bbox 83 1409 206 1483; x_wconf 86' lang='lat' dir='ltr'><strong>Itaque,</strong></span> <span class='ocrx_word' id='word_1_76' title='bbox 239 1411 316 1485; x_wconf 90' lang='lat' dir='ltr'><strong>quod</strong></span> <span class='ocrx_word' id='word_1_77' title='bbox 346 1421 424 1468; x_wconf 85' lang='lat' dir='ltr'><strong>certo</strong></span> <span class='ocrx_word' id='word_1_78' title='bbox 456 1411 596 1468; x_wconf 88' lang='lat' dir='ltr'><strong>sermonis</strong></span> <span class='ocrx_word' id='word_1_79' title='bbox 617 1409 715 1468; x_wconf 88' lang='lat' dir='ltr'><strong>Latini</strong></span> <span class='ocrx_word' id='word_1_80' title='bbox 747 1410 811 1467; x_wconf 89' lang='lat' dir='ltr'><strong>usui</strong></span> <span class='ocrx_word' id='word_1_81' title='bbox 841 1428 895 1468; x_wconf 91' lang='lat' dir='ltr'><strong>uec</strong></span> <span class='ocrx_word' id='word_1_82' title='bbox 916 1407 1002 1466; x_wconf 91' lang='lat' dir='ltr'><strong>ullam</strong></span> <span class='ocrx_word' id='word_1_83' title='bbox 1026 1409 1144 1466; x_wconf 75' lang='lat' dir='ltr'><strong>habenti</strong></span> 
     </span>
     <span class='ocr_line' id='line_1_12' title="bbox 83 1515 1142 1592; baseline -0.002 -21"><span class='ocrx_word' id='word_1_84' title='bbox 83 1515 124 1572; x_wconf 91' lang='lat' dir='ltr'><strong>ad</strong></span> <span class='ocrx_word' id='word_1_85' title='bbox 148 1515 340 1573; x_wconf 84' lang='lat' dir='ltr'><strong>aberrendum</strong></span> <span class='ocrx_word' id='word_1_86' title='bbox 362 1515 578 1592; x_wconf 81' lang='lat' dir='ltr'><strong>ambiguitatem</strong></span> <span class='ocrx_word' id='word_1_87' title='bbox 601 1515 781 1591; x_wconf 83' lang='lat' dir='ltr'><strong>apertissime</strong></span> <span class='ocrx_word' id='word_1_88' title='bbox 815 1515 1014 1591; x_wconf 79' lang='lat' dir='ltr'><strong>repugnabat,</strong></span> <span class='ocrx_word' id='word_1_89' title='bbox 1046 1523 1142 1570; x_wconf 86' lang='lat' dir='ltr'><strong>temen</strong></span> 
     </span>
     <span class='ocr_line' id='line_1_13' title="bbox 82 1619 1142 1698; baseline 0 -22"><span class='ocrx_word' id='word_1_90' title='bbox 82 1619 165 1677; x_wconf 90' lang='lat' dir='ltr'><strong>nullo</strong></span> <span class='ocrx_word' id='word_1_91' title='bbox 188 1630 307 1678; x_wconf 85' lang='lat' dir='ltr'><strong>externo</strong></span> <span class='ocrx_word' id='word_1_92' title='bbox 329 1622 434 1680; x_wconf 86' lang='lat' dir='ltr'><strong>iudicio</strong></span> <span class='ocrx_word' id='word_1_93' title='bbox 458 1623 576 1698; x_wconf 80' lang='lat' dir='ltr'><strong>coargui</strong></span> <span class='ocrx_word' id='word_1_94' title='bbox 597 1630 722 1698; x_wconf 90' lang='lat' dir='ltr'><strong>poteret,</strong></span> <span class='ocrx_word' id='word_1_95' title='bbox 745 1620 857 1678; x_wconf 76' lang='lat' dir='ltr'><strong>etiamsi</strong></span> <span class='ocrx_word' id='word_1_96' title='bbox 879 1622 943 1697; x_wconf 88' lang='lat' dir='ltr'><strong>quis</strong></span> <span class='ocrx_word' id='word_1_97' title='bbox 966 1619 1142 1676; x_wconf 86' lang='lat' dir='ltr'><strong>attendisset.</strong></span> 
     </span>
     <span class='ocr_line' id='line_1_14' title="bbox 84 1725 1142 1802; baseline -0.001 -19"><span class='ocrx_word' id='word_1_98' title='bbox 84 1726 161 1799; x_wconf 86' lang='lat' dir='ltr'><strong>Quis</strong></span> <span class='ocrx_word' id='word_1_99' title='bbox 183 1727 257 1783; x_wconf 81' lang='lat' dir='ltr'><strong>eninr</strong></span> <span class='ocrx_word' id='word_1_100' title='bbox 280 1727 387 1796; x_wconf 87' lang='lat' dir='ltr'><strong>nescit,</strong></span> <span class='ocrx_word' id='word_1_101' title='bbox 423 1727 639 1784; x_wconf 75' lang='lat' dir='ltr'><strong>lassitudini</strong></span> <span class='ocrx_word' id='word_1_102' title='bbox 660 1727 788 1784; x_wconf 88' lang='lat' dir='ltr'><strong>timere</strong></span> <span class='ocrx_word' id='word_1_103' title='bbox 825 1727 903 1802; x_wconf 87' lang='lat' dir='ltr'><strong>apud</strong></span> <span class='ocrx_word' id='word_1_104' title='bbox 935 1725 1056 1784; x_wconf 74' lang='lat' dir='ltr'><strong>Latinos</strong></span> <span class='ocrx_word' id='word_1_105' title='bbox 1077 1743 1142 1782; x_wconf 88' lang='lat' dir='ltr'><strong>eum</strong></span> 
     </span>
     <span class='ocr_line' id='line_1_15' title="bbox 83 1811 1143 1910; baseline 0 -21"><span class='ocrx_word' id='word_1_106' title='bbox 83 1843 199 1890; x_wconf 85' lang='lat' dir='ltr'><strong>tantum</strong></span> <span class='ocrx_word' id='word_1_107' title='bbox 223 1833 279 1890; x_wconf 86' lang='lat' dir='ltr'><strong>dici</strong></span> <span class='ocrx_word' id='word_1_108' title='bbox 300 1851 403 1910; x_wconf 89' lang='lat' dir='ltr'><strong>posse,</strong></span> <span class='ocrx_word' id='word_1_109' title='bbox 425 1811 492 1909; x_wconf 68' lang='lat' dir='ltr'><strong>qui,</strong></span> <span class='ocrx_word' id='word_1_110' title='bbox 523 1851 610 1908; x_wconf 90' lang='lat' dir='ltr'><strong>quum</strong></span> <span class='ocrx_word' id='word_1_111' title='bbox 640 1833 838 1890; x_wconf 82' lang='lat' dir='ltr'><strong>lassitudinem</strong></span> <span class='ocrx_word' id='word_1_112' title='bbox 869 1832 1034 1890; x_wconf 83' lang='lat' dir='ltr'><strong>conservari</strong></span> <span class='ocrx_word' id='word_1_113' title='bbox 1065 1831 1143 1894; x_wconf 77' lang='lat' dir='ltr'><strong>velit,</strong></span> 
     </span>
     <span class='ocr_line' id='line_1_16' title="bbox 80 1937 1143 2014; baseline 0 -20"><span class='ocrx_word' id='word_1_114' title='bbox 80 1939 197 2007; x_wconf 83' lang='lat' dir='ltr'><strong>timeat,</strong></span> <span class='ocrx_word' id='word_1_115' title='bbox 219 1958 255 1996; x_wconf 88' lang='lat' dir='ltr'><strong>na</strong></span> <span class='ocrx_word' id='word_1_116' title='bbox 277 1939 345 2014; x_wconf 87' lang='lat' dir='ltr'><strong>quid</strong></span> <span class='ocrx_word' id='word_1_117' title='bbox 369 1957 404 1996; x_wconf 86' lang='lat' dir='ltr'><strong>ee</strong></span> <span class='ocrx_word' id='word_1_118' title='bbox 425 1939 588 1998; x_wconf 82' lang='lat' dir='ltr'><strong>detrimenti</strong></span> <span class='ocrx_word' id='word_1_119' title='bbox 610 1939 715 2014; x_wconf 80' lang='lat' dir='ltr'><strong>capiat,</strong></span> <span class='ocrx_word' id='word_1_120' title='bbox 739 1937 816 2014; x_wconf 89' lang='lat' dir='ltr'><strong>quod</strong></span> <span class='ocrx_word' id='word_1_121' title='bbox 840 1948 901 1996; x_wconf 85' lang='lat' dir='ltr'><strong>tem</strong></span> <span class='ocrx_word' id='word_1_122' title='bbox 922 1938 1073 1996; x_wconf 89' lang='lat' dir='ltr'><strong>ridiculum</strong></span> <span class='ocrx_word' id='word_1_123' title='bbox 1091 1945 1143 2007; x_wconf 89' lang='lat' dir='ltr'><strong>est,</strong></span> 
     </span>
     <span class='ocr_line' id='line_1_17' title="bbox 84 2039 1143 2122; baseline 0 -22"><span class='ocrx_word' id='word_1_124' title='bbox 84 2055 118 2100; x_wconf 86' lang='lat' dir='ltr'><strong>ut</strong></span> <span class='ocrx_word' id='word_1_125' title='bbox 142 2043 213 2102; x_wconf 90' lang='lat' dir='ltr'><strong>nihil</strong></span> <span class='ocrx_word' id='word_1_126' title='bbox 234 2063 297 2103; x_wconf 88' lang='lat' dir='ltr'><strong>esse</strong></span> <span class='ocrx_word' id='word_1_127' title='bbox 318 2047 412 2122; x_wconf 90' lang='lat' dir='ltr'><strong>magis</strong></span> <span class='ocrx_word' id='word_1_128' title='bbox 433 2039 565 2122; x_wconf 87' lang='lat' dir='ltr'><strong>possit¹)</strong></span> <span class='ocrx_word' id='word_1_129' title='bbox 622 2043 732 2101; x_wconf 90' lang='lat' dir='ltr'><strong>Verum</strong></span> <span class='ocrx_word' id='word_1_130' title='bbox 768 2044 797 2101; x_wconf 92' lang='lat' dir='ltr'><strong>in</strong></span> <span class='ocrx_word' id='word_1_131' title='bbox 830 2045 856 2101; x_wconf 94' lang='lat' dir='ltr'>B</span> <span class='ocrx_word' id='word_1_132' title='bbox 887 2043 1007 2100; x_wconf 88' lang='lat' dir='ltr'><strong>timuit</strong></span> <span class='ocrx_word' id='word_1_133' title='bbox 1038 2045 1143 2100; x_wconf 85' lang='lat' dir='ltr'><strong>”menn</strong></span> 
     </span>
     <span class='ocr_line' id='line_1_18' title="bbox 81 2149 1143 2225; baseline 0 -19"><span class='ocrx_word' id='word_1_134' title='bbox 81 2150 215 2208; x_wconf 85' lang='lat' dir='ltr'><strong>secunda</strong></span> <span class='ocrx_word' id='word_1_135' title='bbox 234 2151 310 2208; x_wconf 90' lang='lat' dir='ltr'><strong>inter</strong></span> <span class='ocrx_word' id='word_1_136' title='bbox 329 2169 430 2209; x_wconf 83' lang='lat' dir='ltr'><strong>verens</strong></span> <span class='ocrx_word' id='word_1_137' title='bbox 458 2159 501 2208; x_wconf 89' lang='lat' dir='ltr'><strong>est</strong></span> <span class='ocrx_word' id='word_1_138' title='bbox 528 2150 695 2208; x_wconf 79' lang='lat' dir='ltr'><strong>adiectum”.</strong></span> <span class='ocrx_word' id='word_1_139' title='bbox 750 2149 890 2207; x_wconf 83' lang='lat' dir='ltr'><strong>Notenda</strong></span> <span class='ocrx_word' id='word_1_140' title='bbox 919 2149 1008 2225; x_wconf 83' lang='lat' dir='ltr'><strong>igitur</strong></span> <span class='ocrx_word' id='word_1_141' title='bbox 1039 2149 1143 2208; x_wconf 82' lang='lat' dir='ltr'><strong>lacuna</strong></span> 
     </span>
     <span class='ocr_line' id='line_1_19' title="bbox 84 2255 1141 2333; baseline 0.001 -20"><span class='ocrx_word' id='word_1_142' title='bbox 84 2265 142 2314; x_wconf 73' lang='lat' dir='ltr'><strong>eet.</strong></span> <span class='ocrx_word' id='word_1_143' title='bbox 209 2256 311 2314; x_wconf 87' lang='lat' dir='ltr'><strong>Livius</strong></span> <span class='ocrx_word' id='word_1_144' title='bbox 346 2268 442 2314; x_wconf 90' lang='lat' dir='ltr'><strong>utrum</strong></span> <span class='ocrx_word' id='word_1_145' title='bbox 479 2255 648 2333; x_wconf 86' lang='lat' dir='ltr'><strong>pepercit</strong></span> <span class='ocrx_word' id='word_1_146' title='bbox 684 2273 722 2312; x_wconf 88' lang='lat' dir='ltr'><strong>an</strong></span> <span class='ocrx_word' id='word_1_147' title='bbox 760 2255 838 2312; x_wconf 90' lang='lat' dir='ltr'><strong>aliud</strong></span> <span class='ocrx_word' id='word_1_148' title='bbox 869 2255 1033 2332; x_wconf 84' lang='lat' dir='ltr'><strong>scripserit,</strong></span> <span class='ocrx_word' id='word_1_149' title='bbox 1075 2255 1141 2314; x_wconf 89' lang='lat' dir='ltr'><strong>sciri</strong></span> 
     </span>
     <span class='ocr_line' id='line_1_20' title="bbox 84 2356 228 2437; baseline 0 -19"><span class='ocrx_word' id='word_1_150' title='bbox 84 2356 228 2437; x_wconf 74' lang='lat' dir='ltr'><strong>nequit.⁹)</strong></span> 
     </span>
    </p>

    <p class='ocr_par' dir='ltr' id='par_1_4' title="bbox 83 2463 1143 3493">
     <span class='ocr_line' id='line_1_21' title="bbox 171 2463 1141 2544; baseline -0.002 -19"><span class='ocrx_word' id='word_1_151' title='bbox 171 2466 244 2544; x_wconf 84' lang='lat' dir='ltr'><strong>Cap.</strong></span> <span class='ocrx_word' id='word_1_152' title='bbox 268 2469 316 2538; x_wconf 80' lang='lat'><strong>32,</strong></span> <span class='ocrx_word' id='word_1_153' title='bbox 339 2469 356 2523; x_wconf 88' lang='lat'><strong>3</strong></span> <span class='ocrx_word' id='word_1_154' title='bbox 381 2468 424 2538; x_wconf 85' lang='lat' dir='ltr'><strong>(in</strong></span> <span class='ocrx_word' id='word_1_155' title='bbox 446 2467 613 2539; x_wconf 85' lang='lat' dir='ltr'><strong>Democlis,</strong></span> <span class='ocrx_word' id='word_1_156' title='bbox 634 2467 767 2544; x_wconf 75' lang='lat' dir='ltr'><strong>praetoris</strong></span> <span class='ocrx_word' id='word_1_157' title='bbox 790 2466 978 2534; x_wconf 86' lang='lat' dir='ltr'><strong>AEtclorum,</strong></span> <span class='ocrx_word' id='word_1_158' title='bbox 1000 2463 1141 2536; x_wconf 79' lang='lat' dir='ltr'><strong>oratione,</strong></span> 
     </span>
     <span class='ocr_line' id='line_1_22' title="bbox 83 2569 1139 2649; baseline -0.003 -18"><span class='ocrx_word' id='word_1_159' title='bbox 83 2573 137 2649; x_wconf 89' lang='lat' dir='ltr'><strong>qui</strong></span> <span class='ocrx_word' id='word_1_160' title='bbox 158 2574 288 2631; x_wconf 86' lang='lat' dir='ltr'><strong>celeriter</strong></span> <span class='ocrx_word' id='word_1_161' title='bbox 309 2574 344 2630; x_wconf 90' lang='lat' dir='ltr'><strong>de</strong></span> <span class='ocrx_word' id='word_1_162' title='bbox 365 2573 441 2630; x_wconf 91' lang='lat' dir='ltr'><strong>bello</strong></span> <span class='ocrx_word' id='word_1_163' title='bbox 462 2592 527 2630; x_wconf 90' lang='lat' dir='ltr'><strong>cum</strong></span> <span class='ocrx_word' id='word_1_164' title='bbox 549 2572 685 2648; x_wconf 90' lang='lat' dir='ltr'><strong>Philippo</strong></span> <span class='ocrx_word' id='word_1_165' title='bbox 708 2569 846 2629; x_wconf 89' lang='lat' dir='ltr'><strong>sumendo</strong></span> <span class='ocrx_word' id='word_1_166' title='bbox 870 2570 984 2628; x_wconf 89' lang='lat' dir='ltr'><strong>decerni</strong></span> <span class='ocrx_word' id='word_1_167' title='bbox 995 2570 1139 2643; x_wconf 82' lang='lat' dir='ltr'><strong>nolebat)=</strong></span> 
     </span>
     <span class='ocr_line' id='line_1_23' title="bbox 83 2676 1142 2754; baseline -0.003 -17"><span class='ocrx_word' id='word_1_168' title='bbox 83 2679 383 2738; x_wconf 87' lang='lat' dir='ltr'><strong>Deliberationis</strong></span> <span class='ocrx_word' id='word_1_169' title='bbox 405 2678 602 2751; x_wconf 89' lang='lat' dir='ltr'><strong>eius,cnins</strong></span> <span class='ocrx_word' id='word_1_170' title='bbox 623 2678 702 2754; x_wconf 85' lang='lat' dir='ltr'><strong>lpse</strong></span> <span class='ocrx_word' id='word_1_171' title='bbox 724 2676 972 2734; x_wconf 89' lang='lat' dir='ltr'><strong>maturitatem</strong></span> <span class='ocrx_word' id='word_1_172' title='bbox 994 2693 1142 2752; x_wconf 88' lang='lat' dir='ltr'><strong>exspec-</strong></span> 
     </span>
     <span class='ocr_line' id='line_1_24' title="bbox 84 2782 1142 2860; baseline 0.001 -19"><span class='ocrx_word' id='word_1_173' title='bbox 84 2785 234 2841; x_wconf 83' lang='lat' dir='ltr'><strong>tandam</strong></span> <span class='ocrx_word' id='word_1_174' title='bbox 257 2793 416 2860; x_wconf 85' lang='lat' dir='ltr'><strong>poteret,</strong></span> <span class='ocrx_word' id='word_1_175' title='bbox 437 2795 577 2860; x_wconf 88' lang='lat' dir='ltr'><strong>tempus</strong></span> <span class='ocrx_word' id='word_1_176' title='bbox 598 2783 650 2840; x_wconf 88' lang='lat' dir='ltr'><strong>ita</strong></span> <span class='ocrx_word' id='word_1_177' title='bbox 680 2782 749 2840; x_wconf 90' lang='lat' dir='ltr'><strong>iam</strong></span> <span class='ocrx_word' id='word_1_178' title='bbox 771 2800 863 2840; x_wconf 89' lang='lat' dir='ltr'><strong>nnnc</strong></span> <span class='ocrx_word' id='word_1_179' title='bbox 883 2782 998 2839; x_wconf 87' lang='lat' dir='ltr'><strong>statui</strong></span> <span class='ocrx_word' id='word_1_180' title='bbox 1019 2802 1142 2858; x_wconf 89' lang='lat' dir='ltr'><strong>posse:</strong></span> 
     </span>
     <span class='ocr_line' id='line_1_25' title="bbox 84 2888 1143 2966; baseline 0.003 -19"><span class='ocrx_word' id='word_1_181' title='bbox 84 2909 192 2965; x_wconf 90' lang='lat' dir='ltr'><strong>quum</strong></span> <span class='ocrx_word' id='word_1_182' title='bbox 215 2891 355 2966; x_wconf 89' lang='lat' dir='ltr'><strong>legibus</strong></span> <span class='ocrx_word' id='word_1_183' title='bbox 378 2899 520 2949; x_wconf 79' lang='lat' dir='ltr'><strong>cnutum</strong></span> <span class='ocrx_word' id='word_1_184' title='bbox 543 2897 651 2960; x_wconf 83' lang='lat' dir='ltr'><strong>esset,</strong></span> <span class='ocrx_word' id='word_1_185' title='bbox 675 2907 717 2945; x_wconf 88' lang='lat' dir='ltr'><strong>ue</strong></span> <span class='ocrx_word' id='word_1_186' title='bbox 738 2888 885 2964; x_wconf 86' lang='lat' dir='ltr'><strong>depaoe</strong></span> <span class='ocrx_word' id='word_1_187' title='bbox 904 2888 1050 2947; x_wconf 88' lang='lat' dir='ltr'><strong>bellove</strong></span> <span class='ocrx_word' id='word_1_188' title='bbox 1070 2891 1143 2950; x_wconf 91' lang='lat' dir='ltr'><strong>nisi</strong></span> 
     </span>
     <span class='ocr_line' id='line_1_26' title="bbox 84 2993 1142 3073; baseline 0.004 -23"><span class='ocrx_word' id='word_1_189' title='bbox 84 2995 121 3050; x_wconf 90' lang='lat' dir='ltr'><strong>in</strong></span> <span class='ocrx_word' id='word_1_190' title='bbox 149 2995 373 3054; x_wconf 80' lang='lat' dir='ltr'><strong>Panoetolico</strong></span> <span class='ocrx_word' id='word_1_191' title='bbox 395 3007 429 3054; x_wconf 88' lang='lat' dir='ltr'><strong>et</strong></span> <span class='ocrx_word' id='word_1_192' title='bbox 450 2996 604 3073; x_wconf 86' lang='lat' dir='ltr'><strong>Pylaico</strong></span> <span class='ocrx_word' id='word_1_193' title='bbox 626 2993 789 3052; x_wconf 90' lang='lat' dir='ltr'><strong>concilio</strong></span> <span class='ocrx_word' id='word_1_194' title='bbox 811 3005 999 3070; x_wconf 81' lang='lat' dir='ltr'><strong>ageretur,</strong></span> <span class='ocrx_word' id='word_1_195' title='bbox 1023 2995 1142 3054; x_wconf 87' lang='lat' dir='ltr'><strong>decer·</strong></span> 
     </span>
     <span class='ocr_line' id='line_1_27' title="bbox 84 3098 1143 3179; baseline 0.003 -23"><span class='ocrx_word' id='word_1_196' title='bbox 84 3109 214 3158; x_wconf 89' lang='lat' dir='ltr'><strong>nerent</strong></span> <span class='ocrx_word' id='word_1_197' title='bbox 236 3101 433 3179; x_wconf 85' lang='lat' dir='ltr'><strong>extemplo,</strong></span> <span class='ocrx_word' id='word_1_198' title='bbox 455 3113 491 3160; x_wconf 93' lang='lat' dir='ltr'><strong>nt</strong></span> <span class='ocrx_word' id='word_1_199' title='bbox 512 3109 645 3178; x_wconf 77' lang='lat' dir='ltr'><strong>praetor</strong></span> <span class='ocrx_word' id='word_1_200' title='bbox 674 3099 753 3156; x_wconf 87' lang='lat' dir='ltr'><strong>eine</strong></span> <span class='ocrx_word' id='word_1_201' title='bbox 775 3098 927 3170; x_wconf 84' lang='lat' dir='ltr'><strong>fraude,</strong></span> <span class='ocrx_word' id='word_1_202' title='bbox 962 3119 1070 3176; x_wconf 89' lang='lat' dir='ltr'><strong>quum</strong></span> <span class='ocrx_word' id='word_1_203' title='bbox 1101 3103 1143 3159; x_wconf 89' lang='lat' dir='ltr'><strong>de</strong></span> 
     </span>
     <span class='ocr_line' id='line_1_28' title="bbox 84 3204 1142 3286; baseline 0 -22"><span class='ocrx_word' id='word_1_204' title='bbox 84 3205 187 3264; x_wconf 91' lang='lat' dir='ltr'><strong>bello</strong></span> <span class='ocrx_word' id='word_1_205' title='bbox 202 3215 236 3264; x_wconf 93' lang='lat' dir='ltr'><strong>et</strong></span> <span class='ocrx_word' id='word_1_206' title='bbox 256 3227 343 3282; x_wconf 86' lang='lat' dir='ltr'><strong>pecc</strong></span> <span class='ocrx_word' id='word_1_207' title='bbox 364 3206 758 3286; x_wconf 86' lang='lat' dir='ltr'><strong>agerevelit,advocet</strong></span> <span class='ocrx_word' id='word_1_208' title='bbox 779 3204 1142 3281; x_wconf 87' lang='lat' dir='ltr'><strong>concillum,et,quod</strong></span> 
     </span>
     <span class='ocr_line' id='line_1_29' title="bbox 84 3306 1142 3386; baseline 0.003 -19"><span class='ocrx_word' id='word_1_209' title='bbox 84 3321 161 3368; x_wconf 87' lang='lat' dir='ltr'><strong>tum</strong></span> <span class='ocrx_word' id='word_1_210' title='bbox 182 3311 746 3386; x_wconf 67' lang='lat' dir='ltr'><strong>referaturgdeoernaturqns,ut</strong></span> <span class='ocrx_word' id='word_1_211' title='bbox 765 3306 917 3384; x_wconf 86' lang='lat' dir='ltr'><strong>perinde</strong></span> <span class='ocrx_word' id='word_1_212' title='bbox 939 3309 994 3366; x_wconf 92' lang='lat' dir='ltr'><strong>ius</strong></span> <span class='ocrx_word' id='word_1_213' title='bbox 1010 3321 1142 3370; x_wconf 88' lang='lat' dir='ltr'><strong>ratum-</strong></span> 
     </span>
     <span class='ocr_line' id='line_1_30' title="bbox 83 3412 1142 3493; baseline 0.002 -19"><span class='ocrx_word' id='word_1_214' title='bbox 83 3435 158 3493; x_wconf 89' lang='lat' dir='ltr'><strong>que</strong></span> <span class='ocrx_word' id='word_1_215' title='bbox 190 3419 239 3475; x_wconf 89' lang='lat' dir='ltr'><strong>sit</strong></span> <span class='ocrx_word' id='word_1_216' title='bbox 260 3439 300 3476; x_wconf 83' lang='lat' dir='ltr'><strong>uc</strong></span> <span class='ocrx_word' id='word_1_217' title='bbox 334 3421 363 3477; x_wconf 94' lang='lat' dir='ltr'><strong>si</strong></span> <span class='ocrx_word' id='word_1_218' title='bbox 396 3421 429 3476; x_wconf 91' lang='lat' dir='ltr'><strong>in</strong></span> <span class='ocrx_word' id='word_1_219' title='bbox 450 3417 678 3477; x_wconf 80' lang='lat' dir='ltr'><strong>Pansetolico</strong></span> <span class='ocrx_word' id='word_1_220' title='bbox 711 3423 772 3472; x_wconf 82' lang='lat' dir='ltr'><strong>aut</strong></span> <span class='ocrx_word' id='word_1_221' title='bbox 803 3412 955 3488; x_wconf 80' lang='lat' dir='ltr'><strong>Pylaico</strong></span> <span class='ocrx_word' id='word_1_222' title='bbox 985 3418 1142 3476; x_wconf 90' lang='lat' dir='ltr'><strong>concilio</strong></span> 
     </span>
    </p>
   </div>
   <div class='ocr_carea' id='block_1_3' title="bbox 205 3625 284 3634">
    <p class='ocr_par' dir='ltr' id='par_1_5' title="bbox 205 3625 284 3634">
     <span class='ocr_line' id='line_1_31' title="bbox 205 3625 284 3634; baseline 0 0"><span class='ocrx_word' id='word_1_223' title='bbox 205 3625 284 3634; x_wconf 64' lang='lat'><em>---...</em></span> 
     </span>
    </p>
   </div>
   <div class='ocr_carea' id='block_1_4' title="bbox 101 3773 1144 4121">
    <p class='ocr_par' dir='ltr' id='par_1_6' title="bbox 101 3773 1144 4016">
     <span class='ocr_line' id='line_1_32' title="bbox 101 3773 1143 3844; baseline 0.001 -17"><span class='ocrx_word' id='word_1_224' title='bbox 101 3775 129 3844; x_wconf 90' lang='grc' dir='ltr'><strong>Ι)</strong></span> <span class='ocrx_word' id='word_1_225' title='bbox 156 3779 251 3840; x_wconf 85' lang='lat' dir='ltr'><strong>Video,</strong></span> <span class='ocrx_word' id='word_1_226' title='bbox 282 3779 518 3830; x_wconf 86' lang='lat' dir='ltr'><strong>Weissenborninm</strong></span> <span class='ocrx_word' id='word_1_227' title='bbox 549 3791 679 3826; x_wconf 87' lang='lat' dir='ltr'><strong>enarrare:</strong></span> <span class='ocrx_word' id='word_1_228' title='bbox 714 3774 831 3822; x_wconf 81' lang='lat' dir='ltr'><strong>timere</strong></span> <span class='ocrx_word' id='word_1_229' title='bbox 858 3773 1026 3826; x_wconf 77' lang='lat' dir='ltr'><strong>milithus</strong></span> <span class='ocrx_word' id='word_1_230' title='bbox 1048 3791 1143 3843; x_wconf 85' lang='lat' dir='ltr'><strong>prop·</strong></span> 
     </span>
     <span class='ocr_line' id='line_1_33' title="bbox 158 3869 1144 3934; baseline -0.002 -12"><span class='ocrx_word' id='word_1_231' title='bbox 158 3883 207 3922; x_wconf 87' lang='lat' dir='ltr'><strong>tor</strong></span> <span class='ocrx_word' id='word_1_232' title='bbox 224 3873 468 3923; x_wconf 85' lang='lat' dir='ltr'><strong>lassitudinem.</strong></span> <span class='ocrx_word' id='word_1_233' title='bbox 505 3870 626 3934; x_wconf 74' lang='lat' dir='ltr'><strong>Pingitur</strong></span> <span class='ocrx_word' id='word_1_234' title='bbox 649 3869 699 3918; x_wconf 89' lang='lat' dir='ltr'><strong>hoc</strong></span> <span class='ocrx_word' id='word_1_235' title='bbox 726 3871 822 3924; x_wconf 66' lang='lat' dir='ltr'><strong>totunm</strong></span> <span class='ocrx_word' id='word_1_236' title='bbox 847 3873 873 3912; x_wconf 87' lang='lat' dir='ltr'><strong>et</strong></span> <span class='ocrx_word' id='word_1_237' title='bbox 898 3871 983 3915; x_wconf 69' lang='lat' dir='ltr'><strong>umen</strong></span> <span class='ocrx_word' id='word_1_238' title='bbox 1007 3869 1144 3933; x_wconf 83' lang='lat' dir='ltr'><strong>imperatos</strong></span> 
     </span>
     <span class='ocr_line' id='line_1_34' title="bbox 158 3960 1112 4016; baseline -0.009 -2"><span class='ocrx_word' id='word_1_239' title='bbox 158 3967 288 4015; x_wconf 77' lang='lat' dir='ltr'><strong>Romnum</strong></span> <span class='ocrx_word' id='word_1_240' title='bbox 307 3981 359 4016; x_wconf 90' lang='lat' dir='ltr'><strong>non</strong></span> <span class='ocrx_word' id='word_1_241' title='bbox 378 3966 514 4016; x_wconf 84' lang='lat' dir='ltr'><strong>timebat</strong></span> <span class='ocrx_word' id='word_1_242' title='bbox 531 3960 705 4012; x_wconf 85' lang='lat' dir='ltr'><strong>militibus.</strong></span> <span class='ocrx_word' id='word_1_243' title='bbox 1109 3963 1112 3974; x_wconf 80' lang='lat'><strong>¹</strong></span> 
     </span>
    </p>

    <p class='ocr_par' dir='ltr' id='par_1_7' title="bbox 103 4051 641 4121">
     <span class='ocr_line' id='line_1_35' title="bbox 103 4051 641 4121; baseline 0 -15"><span class='ocrx_word' id='word_1_244' title='bbox 103 4051 129 4120; x_wconf 75' lang='lat'><strong>²)</strong></span> <span class='ocrx_word' id='word_1_245' title='bbox 159 4057 199 4106; x_wconf 86' lang='lat' dir='ltr'><strong>De</strong></span> <span class='ocrx_word' id='word_1_246' title='bbox 218 4058 259 4120; x_wconf 66' lang='grc' dir='ltr'><strong>ξι</strong></span> <span class='ocrx_word' id='word_1_247' title='bbox 282 4056 376 4106; x_wconf 84' lang='lat' dir='ltr'><strong>dictam</strong></span> <span class='ocrx_word' id='word_1_248' title='bbox 395 4060 641 4121; x_wconf 66' lang='lat' dir='ltr'><strong>surempsit.</strong></span> 
     </span>
    </p>
   </div>
   <div class='ocr_carea' id='block_1_5' title="bbox 0 0 1410 4644">
    <p class='ocr_par' dir='ltr' id='par_1_8' title="bbox 0 0 1410 4644">
     <span class='ocr_line' id='line_1_36' title="bbox 0 0 1410 4644; baseline 0 0"><span class='ocrx_word' id='word_1_249' title='bbox 0 0 1410 4644; x_wconf 95' lang='lat' dir='ltr'><strong> </strong></span> 
     </span>
    </p>
   </div>
  </div>
 </body>
</html>
