<?xml version="1.0" encoding="UTF-8"?>
<!DOCTYPE html PUBLIC "-//W3C//DTD XHTML 1.0 Transitional//EN"
    "http://www.w3.org/TR/xhtml1/DTD/xhtml1-transitional.dtd">
<html xmlns="http://www.w3.org/1999/xhtml" xml:lang="en" lang="en">
 <head>
  <title>
</title>
<meta http-equiv="Content-Type" content="text/html;charset=utf-8" />
  <meta name='ocr-system' content='tesseract 3.04.00' />
  <meta name='ocr-capabilities' content='ocr_page ocr_carea ocr_par ocr_line ocrx_word'/>
</head>
<body>
  <div class='ocr_page' id='page_1' title='image "./emendationesliv02madvgoog_0209.png"; bbox 0 0 2800 4646; ppageno 0'>
   <div class='ocr_carea' id='block_1_1' title="bbox 745 213 804 271">
    <p class='ocr_par' dir='ltr' id='par_1_1' title="bbox 745 213 804 271">
     <span class='ocr_line' id='line_1_1' title="bbox 745 213 804 271; baseline 0.017 -1"><span class='ocrx_word' id='word_1_1' title='bbox 745 213 804 271; x_wconf 83' lang='lat'>200</span> 
     </span>
    </p>
   </div>
   <div class='ocr_carea' id='block_1_2' title="bbox 235 395 1390 1530">
    <p class='ocr_par' dir='ltr' id='par_1_2' title="bbox 235 395 1390 1530">
     <span class='ocr_line' id='line_1_2' title="bbox 235 395 1319 471; baseline 0.003 -20"><span class='ocrx_word' id='word_1_2' title='bbox 235 403 295 452; x_wconf 74' lang='lat' dir='ltr'>aut</span> <span class='ocrx_word' id='word_1_3' title='bbox 315 395 586 471; x_wconf 79' lang='lat' dir='ltr'>interpolationibus</span> <span class='ocrx_word' id='word_1_4' title='bbox 601 405 630 454; x_wconf 92' lang='lat' dir='ltr'>et</span> <span class='ocrx_word' id='word_1_5' title='bbox 650 395 822 454; x_wconf 87' lang='lat' dir='ltr'>coniecturis</span> <span class='ocrx_word' id='word_1_6' title='bbox 844 395 998 467; x_wconf 83' lang='lat' dir='ltr'>(interdum</span> <span class='ocrx_word' id='word_1_7' title='bbox 1021 397 1104 456; x_wconf 91' lang='lat' dir='ltr'>bonis</span> <span class='ocrx_word' id='word_1_8' title='bbox 1126 405 1154 454; x_wconf 90' lang='lat' dir='ltr'>et</span> <span class='ocrx_word' id='word_1_9' title='bbox 1175 397 1264 454; x_wconf 86' lang='lat' dir='ltr'>rectis</span> <span class='ocrx_word' id='word_1_10' title='bbox 1282 397 1319 454; x_wconf 87' lang='lat' dir='ltr'>in</span> 
     </span>
     <span class='ocr_line' id='line_1_3' title="bbox 244 498 1390 578; baseline 0.003 -21"><span class='ocrx_word' id='word_1_11' title='bbox 244 501 330 557; x_wconf 86' lang='lat' dir='ltr'>rebus</span> <span class='ocrx_word' id='word_1_12' title='bbox 351 500 486 559; x_wconf 80' lang='lat' dir='ltr'>facilibus</span> <span class='ocrx_word' id='word_1_13' title='bbox 511 513 540 558; x_wconf 91' lang='lat' dir='ltr'>et</span> <span class='ocrx_word' id='word_1_14' title='bbox 563 503 675 578; x_wconf 85' lang='lat' dir='ltr'>parvis)</span> <span class='ocrx_word' id='word_1_15' title='bbox 704 498 830 559; x_wconf 84' lang='lat' dir='ltr'>differre.</span> <span class='ocrx_word' id='word_1_16' title='bbox 878 499 965 558; x_wconf 88' lang='lat' dir='ltr'>Certe</span> <span class='ocrx_word' id='word_1_17' title='bbox 991 521 1049 559; x_wconf 89' lang='lat' dir='ltr'>non</span> <span class='ocrx_word' id='word_1_18' title='bbox 1077 502 1192 560; x_wconf 89' lang='lat' dir='ltr'>memini</span> <span class='ocrx_word' id='word_1_19' title='bbox 1217 502 1317 560; x_wconf 89' lang='lat' dir='ltr'>ullum</span> <span class='ocrx_word' id='word_1_20' title='bbox 1389 559 1390 566; x_wconf 69' lang='grc'>,</span> 
     </span>
     <span class='ocr_line' id='line_1_4' title="bbox 245 606 1317 685; baseline 0 -21"><span class='ocrx_word' id='word_1_21' title='bbox 245 624 308 664; x_wconf 89' lang='lat' dir='ltr'>esse</span> <span class='ocrx_word' id='word_1_22' title='bbox 344 607 456 678; x_wconf 90' lang='lat' dir='ltr'>locum,</span> <span class='ocrx_word' id='word_1_23' title='bbox 490 609 538 665; x_wconf 93' lang='lat' dir='ltr'>ubi</span> <span class='ocrx_word' id='word_1_24' title='bbox 560 608 684 684; x_wconf 76' lang='lat' dir='ltr'>vestigia</span> <span class='ocrx_word' id='word_1_25' title='bbox 710 606 831 664; x_wconf 86' lang='lat' dir='ltr'>verioris</span> <span class='ocrx_word' id='word_1_26' title='bbox 863 615 892 663; x_wconf 88' lang='lat' dir='ltr'>et</span> <span class='ocrx_word' id='word_1_27' title='bbox 913 607 1084 682; x_wconf 74' lang='lat' dir='ltr'>antiquioris</span> <span class='ocrx_word' id='word_1_28' title='bbox 1105 609 1258 685; x_wconf 78' lang='lat' dir='ltr'>scripturae</span> <span class='ocrx_word' id='word_1_29' title='bbox 1282 609 1317 664; x_wconf 91' lang='lat' dir='ltr'>in</span> 
     </span>
     <span class='ocr_line' id='line_1_5' title="bbox 245 713 1390 789; baseline 0.005 -21"><span class='ocrx_word' id='word_1_30' title='bbox 245 731 279 770; x_wconf 90' lang='lat' dir='ltr'>eo</span> <span class='ocrx_word' id='word_1_31' title='bbox 302 713 458 770; x_wconf 88' lang='lat' dir='ltr'>obscurata</span> <span class='ocrx_word' id='word_1_32' title='bbox 485 714 526 771; x_wconf 89' lang='lat' dir='ltr'>sic</span> <span class='ocrx_word' id='word_1_33' title='bbox 553 715 582 771; x_wconf 90' lang='lat' dir='ltr'>in</span> <span class='ocrx_word' id='word_1_34' title='bbox 605 713 669 771; x_wconf 88' lang='lat' dir='ltr'>aliis</span> <span class='ocrx_word' id='word_1_35' title='bbox 697 721 847 788; x_wconf 77' lang='lat' dir='ltr'>emergant</span> <span class='ocrx_word' id='word_1_36' title='bbox 869 713 989 789; x_wconf 85' lang='lat' dir='ltr'>propria</span> <span class='ocrx_word' id='word_1_37' title='bbox 1009 713 1120 785; x_wconf 76' lang='lat' dir='ltr'>forma,</span> <span class='ocrx_word' id='word_1_38' title='bbox 1143 723 1176 772; x_wconf 90' lang='lat' dir='ltr'>ut</span> <span class='ocrx_word' id='word_1_39' title='bbox 1199 733 1238 772; x_wconf 83' lang='lat' dir='ltr'>ex</span> <span class='ocrx_word' id='word_1_40' title='bbox 1260 732 1316 771; x_wconf 91' lang='lat' dir='ltr'>co·</span> <span class='ocrx_word' id='word_1_41' title='bbox 1389 769 1390 774; x_wconf 73' lang='grc'>,</span> 
     </span>
     <span class='ocr_line' id='line_1_6' title="bbox 245 818 1317 894; baseline 0.002 -20"><span class='ocrx_word' id='word_1_42' title='bbox 245 819 309 874; x_wconf 91' lang='lat' dir='ltr'>dice</span> <span class='ocrx_word' id='word_1_43' title='bbox 330 818 416 875; x_wconf 84' lang='lat' dir='ltr'>simili</span> <span class='ocrx_word' id='word_1_44' title='bbox 448 818 497 876; x_wconf 92' lang='lat' dir='ltr'>illo</span> <span class='ocrx_word' id='word_1_45' title='bbox 520 819 647 894; x_wconf 88' lang='lat' dir='ltr'>quidem,</span> <span class='ocrx_word' id='word_1_46' title='bbox 680 819 732 876; x_wconf 85' lang='lat' dir='ltr'>sed</span> <span class='ocrx_word' id='word_1_47' title='bbox 767 827 864 874; x_wconf 86' lang='lat' dir='ltr'>tamen</span> <span class='ocrx_word' id='word_1_48' title='bbox 897 837 957 875; x_wconf 88' lang='lat' dir='ltr'>nou</span> <span class='ocrx_word' id='word_1_49' title='bbox 979 819 1080 877; x_wconf 89' lang='lat' dir='ltr'>iisdem</span> <span class='ocrx_word' id='word_1_50' title='bbox 1101 838 1216 894; x_wconf 77' lang='lat' dir='ltr'>semper</span> <span class='ocrx_word' id='word_1_51' title='bbox 1237 819 1317 876; x_wconf 87' lang='lat' dir='ltr'>locis</span> 
     </span>
     <span class='ocr_line' id='line_1_7' title="bbox 245 924 1316 999; baseline 0.002 -19"><span class='ocrx_word' id='word_1_52' title='bbox 245 943 298 982; x_wconf 90' lang='lat' dir='ltr'>nec</span> <span class='ocrx_word' id='word_1_53' title='bbox 320 925 421 981; x_wconf 91' lang='lat' dir='ltr'>eodem</span> <span class='ocrx_word' id='word_1_54' title='bbox 444 924 531 982; x_wconf 86' lang='lat' dir='ltr'>modo</span> <span class='ocrx_word' id='word_1_55' title='bbox 554 925 701 982; x_wconf 85' lang='lat' dir='ltr'>aberranti</span> <span class='ocrx_word' id='word_1_56' title='bbox 723 933 841 982; x_wconf 88' lang='lat' dir='ltr'>servata</span> <span class='ocrx_word' id='word_1_57' title='bbox 863 941 926 980; x_wconf 90' lang='lat' dir='ltr'>esse</span> <span class='ocrx_word' id='word_1_58' title='bbox 947 925 1099 999; x_wconf 72' lang='lat' dir='ltr'>probabile</span> <span class='ocrx_word' id='word_1_59' title='bbox 1119 925 1170 995; x_wconf 88' lang='lat' dir='ltr'>sit;</span> <span class='ocrx_word' id='word_1_60' title='bbox 1193 933 1316 982; x_wconf 84' lang='lat' dir='ltr'>contre·</span> 
     </span>
     <span class='ocr_line' id='line_1_8' title="bbox 246 1028 1316 1105; baseline 0 -19"><span class='ocrx_word' id='word_1_61' title='bbox 246 1048 302 1103; x_wconf 91' lang='lat' dir='ltr'>que</span> <span class='ocrx_word' id='word_1_62' title='bbox 310 1030 491 1105; x_wconf 88' lang='lat' dir='ltr'>apertissime</span> <span class='ocrx_word' id='word_1_63' title='bbox 502 1030 745 1088; x_wconf 88' lang='lat' dir='ltr'>omnesamendis</span> <span class='ocrx_word' id='word_1_64' title='bbox 765 1028 906 1088; x_wconf 88' lang='lat' dir='ltr'>Puteanei</span> <span class='ocrx_word' id='word_1_65' title='bbox 921 1030 1057 1104; x_wconf 83' lang='lat' dir='ltr'>pendent.</span> <span class='ocrx_word' id='word_1_66' title='bbox 1087 1031 1134 1089; x_wconf 81' lang='lat' dir='ltr'>Ea</span> <span class='ocrx_word' id='word_1_67' title='bbox 1144 1030 1316 1088; x_wconf 85' lang='lat' dir='ltr'>coniunctio</span> 
     </span>
     <span class='ocr_line' id='line_1_9' title="bbox 246 1134 1316 1212; baseline 0.001 -21"><span class='ocrx_word' id='word_1_68' title='bbox 246 1135 401 1211; x_wconf 78' lang='lat' dir='ltr'>stirpisque</span> <span class='ocrx_word' id='word_1_69' title='bbox 422 1136 597 1211; x_wconf 77' lang='lat' dir='ltr'>propagatio</span> <span class='ocrx_word' id='word_1_70' title='bbox 620 1136 725 1193; x_wconf 88' lang='lat' dir='ltr'>sensim</span> <span class='ocrx_word' id='word_1_71' title='bbox 750 1135 787 1192; x_wconf 88' lang='lat' dir='ltr'>ab</span> <span class='ocrx_word' id='word_1_72' title='bbox 810 1135 921 1212; x_wconf 86' lang='lat' dir='ltr'>origine</span> <span class='ocrx_word' id='word_1_73' title='bbox 942 1135 1142 1210; x_wconf 86' lang='lat' dir='ltr'>degenerantis</span> <span class='ocrx_word' id='word_1_74' title='bbox 1154 1135 1250 1211; x_wconf 89' lang='lat' dir='ltr'>qualis</span> <span class='ocrx_word' id='word_1_75' title='bbox 1264 1134 1316 1200; x_wconf 78' lang='lat' dir='ltr'>sit.</span> 
     </span>
     <span class='ocr_line' id='line_1_10' title="bbox 246 1240 1315 1317; baseline -0.002 -19"><span class='ocrx_word' id='word_1_76' title='bbox 246 1241 372 1298; x_wconf 88' lang='lat' dir='ltr'>breviter</span> <span class='ocrx_word' id='word_1_77' title='bbox 394 1241 537 1299; x_wconf 89' lang='lat' dir='ltr'>declarari</span> <span class='ocrx_word' id='word_1_78' title='bbox 559 1250 668 1316; x_wconf 79' lang='lat' dir='ltr'>potest3</span> <span class='ocrx_word' id='word_1_79' title='bbox 701 1248 765 1297; x_wconf 88' lang='lat' dir='ltr'>tota</span> <span class='ocrx_word' id='word_1_80' title='bbox 792 1240 867 1297; x_wconf 93' lang='lat' dir='ltr'>enim</span> <span class='ocrx_word' id='word_1_81' title='bbox 899 1259 945 1298; x_wconf 91' lang='lat' dir='ltr'>res</span> <span class='ocrx_word' id='word_1_82' title='bbox 967 1261 1059 1317; x_wconf 90' lang='lat' dir='ltr'>prope</span> <span class='ocrx_word' id='word_1_83' title='bbox 1080 1242 1110 1299; x_wconf 94' lang='lat' dir='ltr'>in</span> <span class='ocrx_word' id='word_1_84' title='bbox 1135 1259 1193 1298; x_wconf 90' lang='lat' dir='ltr'>uuo</span> <span class='ocrx_word' id='word_1_85' title='bbox 1215 1258 1315 1314; x_wconf 88' lang='lat' dir='ltr'>eoque</span> 
     </span>
     <span class='ocr_line' id='line_1_11' title="bbox 246 1345 1313 1422; baseline 0.002 -20"><span class='ocrx_word' id='word_1_86' title='bbox 246 1345 383 1404; x_wconf 85' lang='lat' dir='ltr'>facillimo</span> <span class='ocrx_word' id='word_1_87' title='bbox 408 1346 542 1422; x_wconf 86' lang='lat' dir='ltr'>exemplo</span> <span class='ocrx_word' id='word_1_88' title='bbox 564 1346 772 1422; x_wconf 67' lang='lat' dir='ltr'>perspicietur,</span> <span class='ocrx_word' id='word_1_89' title='bbox 809 1347 888 1420; x_wconf 88' lang='lat' dir='ltr'>quod</span> <span class='ocrx_word' id='word_1_90' title='bbox 923 1365 959 1404; x_wconf 85' lang='lat' dir='ltr'>ex</span> <span class='ocrx_word' id='word_1_91' title='bbox 990 1347 1065 1404; x_wconf 90' lang='lat' dir='ltr'>libro</span> <span class='ocrx_word' id='word_1_92' title='bbox 1088 1347 1194 1416; x_wconf 84' lang='lat' dir='ltr'>XXII,</span> <span class='ocrx_word' id='word_1_93' title='bbox 1219 1347 1269 1416; x_wconf 83' lang='lat'>28,</span> <span class='ocrx_word' id='word_1_94' title='bbox 1294 1350 1313 1404; x_wconf 80' lang='lat'>4</span> 
     </span>
     <span class='ocr_line' id='line_1_12' title="bbox 246 1431 1315 1530; baseline 0.001 -22"><span class='ocrx_word' id='word_1_95' title='bbox 246 1470 374 1523; x_wconf 88' lang='lat' dir='ltr'>sumam,</span> <span class='ocrx_word' id='word_1_96' title='bbox 407 1453 456 1528; x_wconf 91' lang='lat' dir='ltr'>qui</span> <span class='ocrx_word' id='word_1_97' title='bbox 477 1453 558 1509; x_wconf 88' lang='lat' dir='ltr'>locus</span> <span class='ocrx_word' id='word_1_98' title='bbox 583 1451 747 1508; x_wconf 84' lang='lat' dir='ltr'>etiamnunc</span> <span class='ocrx_word' id='word_1_99' title='bbox 780 1451 810 1507; x_wconf 93' lang='lat' dir='ltr'>in</span> <span class='ocrx_word' id='word_1_100' title='bbox 842 1431 1015 1510; x_wconf 87' lang='lat' dir='ltr'>editionibus</span> <span class='ocrx_word' id='word_1_101' title='bbox 1045 1452 1221 1530; x_wconf 83' lang='lat' dir='ltr'>depravatus</span> <span class='ocrx_word' id='word_1_102' title='bbox 1255 1453 1315 1510; x_wconf 89' lang='lat' dir='ltr'>cir-</span> 
     </span>
    </p>
   </div>
   <div class='ocr_carea' id='block_1_3' title="bbox 156 1556 1314 1632">
    <p class='ocr_par' dir='ltr' id='par_1_3' title="bbox 156 1556 1314 1632">
     <span class='ocr_line' id='line_1_13' title="bbox 156 1556 1314 1632; baseline -0.002 -16"><span class='ocrx_word' id='word_1_103' title='bbox 156 1611 160 1622; x_wconf 90' lang='grc'>,</span> <span class='ocrx_word' id='word_1_104' title='bbox 246 1557 413 1616; x_wconf 77' lang='lat' dir='ltr'>camiertur.</span> <span class='ocrx_word' id='word_1_105' title='bbox 457 1559 537 1616; x_wconf 88' lang='lat' dir='ltr'>Nam</span> <span class='ocrx_word' id='word_1_106' title='bbox 560 1577 649 1632; x_wconf 88' lang='lat' dir='ltr'>quum</span> <span class='ocrx_word' id='word_1_107' title='bbox 673 1556 773 1614; x_wconf 85' lang='lat' dir='ltr'>Livius</span> <span class='ocrx_word' id='word_1_108' title='bbox 795 1557 837 1614; x_wconf 82' lang='lat' dir='ltr'>sic</span> <span class='ocrx_word' id='word_1_109' title='bbox 859 1557 1034 1632; x_wconf 83' lang='lat' dir='ltr'>scripsisset:</span> <span class='ocrx_word' id='word_1_110' title='bbox 1066 1577 1213 1616; x_wconf 85' lang='lat' dir='ltr'>causam</span> <span class='ocrx_word' id='word_1_111' title='bbox 1236 1576 1314 1615; x_wconf 90' lang='lat' dir='ltr'>cer·</span> 
     </span>
    </p>
   </div>
   <div class='ocr_carea' id='block_1_4' title="bbox 246 1662 1316 2690">
    <p class='ocr_par' dir='ltr' id='par_1_4' title="bbox 246 1662 1316 2690">
     <span class='ocr_line' id='line_1_14' title="bbox 247 1662 1314 1738; baseline 0 -18"><span class='ocrx_word' id='word_1_112' title='bbox 247 1664 394 1722; x_wconf 85' lang='lat' dir='ltr'>taminia</span> <span class='ocrx_word' id='word_1_113' title='bbox 425 1683 500 1721; x_wconf 91' lang='lat' dir='ltr'>cum</span> <span class='ocrx_word' id='word_1_114' title='bbox 520 1662 699 1732; x_wconf 90' lang='lat' dir='ltr'>Minucio,</span> <span class='ocrx_word' id='word_1_115' title='bbox 733 1681 834 1738; x_wconf 92' lang='lat' dir='ltr'>quem</span> <span class='ocrx_word' id='word_1_116' title='bbox 857 1682 1124 1738; x_wconf 88' lang='lat' dir='ltr'>procursurum</span> <span class='ocrx_word' id='word_1_117' title='bbox 1152 1665 1194 1720; x_wconf 86' lang='lat' dir='ltr'>ad</span> <span class='ocrx_word' id='word_1_118' title='bbox 1214 1664 1314 1720; x_wconf 89' lang='lat' dir='ltr'>obsi·</span> 
     </span>
     <span class='ocr_line' id='line_1_15' title="bbox 246 1768 1316 1844; baseline 0.001 -19"><span class='ocrx_word' id='word_1_119' title='bbox 246 1769 411 1825; x_wconf 86' lang='lat' dir='ltr'>standum</span> <span class='ocrx_word' id='word_1_120' title='bbox 432 1769 526 1826; x_wconf 88' lang='lat' dir='ltr'>satis</span> <span class='ocrx_word' id='word_1_121' title='bbox 547 1768 703 1836; x_wconf 81' lang='lat' dir='ltr'>sciebat,</span> <span class='ocrx_word' id='word_1_122' title='bbox 733 1768 965 1841; x_wconf 72' lang='lat' dir='ltr'>contrahere,</span> <span class='ocrx_word' id='word_1_123' title='bbox 989 1770 1101 1827; x_wconf 89' lang='lat' dir='ltr'>delecto</span> <span class='ocrx_word' id='word_1_124' title='bbox 1116 1770 1205 1827; x_wconf 88' lang='lat' dir='ltr'>verbo</span> <span class='ocrx_word' id='word_1_125' title='bbox 1218 1769 1316 1844; x_wconf 90' lang='lat' dir='ltr'>(pro-</span> 
     </span>
     <span class='ocr_line' id='line_1_16' title="bbox 247 1872 1315 1951; baseline 0.002 -21"><span class='ocrx_word' id='word_1_126' title='bbox 247 1872 450 1948; x_wconf 87' lang='lat' dir='ltr'>cursurum)</span> <span class='ocrx_word' id='word_1_127' title='bbox 476 1874 513 1930; x_wconf 88' lang='lat' dir='ltr'>ad</span> <span class='ocrx_word' id='word_1_128' title='bbox 535 1874 690 1930; x_wconf 87' lang='lat' dir='ltr'>vehemens</span> <span class='ocrx_word' id='word_1_129' title='bbox 709 1873 829 1930; x_wconf 87' lang='lat' dir='ltr'>Minucii</span> <span class='ocrx_word' id='word_1_130' title='bbox 851 1873 995 1951; x_wconf 87' lang='lat' dir='ltr'>ingenium</span> <span class='ocrx_word' id='word_1_131' title='bbox 1012 1873 1218 1932; x_wconf 83' lang='lat' dir='ltr'>declarandum</span> <span class='ocrx_word' id='word_1_132' title='bbox 1229 1883 1315 1949; x_wconf 86' lang='lat' dir='ltr'>apto,</span> 
     </span>
     <span class='ocr_line' id='line_1_17' title="bbox 247 1979 1314 2054; baseline -0.001 -18"><span class='ocrx_word' id='word_1_133' title='bbox 247 1980 276 2036; x_wconf 95' lang='lat' dir='ltr'>in</span> <span class='ocrx_word' id='word_1_134' title='bbox 304 1980 330 2036; x_wconf 86' lang='grc' dir='ltr'>Ρ</span> <span class='ocrx_word' id='word_1_135' title='bbox 361 1983 414 2048; x_wconf 93' lang='grc'>(-</span> <span class='ocrx_word' id='word_1_136' title='bbox 442 1979 484 2036; x_wconf 85' lang='lat' dir='ltr'>sie</span> <span class='ocrx_word' id='word_1_137' title='bbox 503 1979 578 2036; x_wconf 90' lang='lat' dir='ltr'>enim</span> <span class='ocrx_word' id='word_1_138' title='bbox 597 1979 733 2054; x_wconf 90' lang='lat' dir='ltr'>deinceps</span> <span class='ocrx_word' id='word_1_139' title='bbox 755 1998 859 2036; x_wconf 89' lang='lat' dir='ltr'>nomen</span> <span class='ocrx_word' id='word_1_140' title='bbox 882 1982 991 2039; x_wconf 86' lang='lat' dir='ltr'>notabo</span> <span class='ocrx_word' id='word_1_141' title='bbox 1014 1984 1065 2053; x_wconf 89' lang='lat'>-)</span> <span class='ocrx_word' id='word_1_142' title='bbox 1100 1987 1151 2036; x_wconf 84' lang='lat' dir='ltr'>eut</span> <span class='ocrx_word' id='word_1_143' title='bbox 1172 1979 1260 2036; x_wconf 85' lang='lat' dir='ltr'>etiem</span> <span class='ocrx_word' id='word_1_144' title='bbox 1282 1980 1314 2036; x_wconf 90' lang='lat' dir='ltr'>in</span> 
     </span>
     <span class='ocr_line' id='line_1_18' title="bbox 248 2083 1313 2160; baseline 0 -18"><span class='ocrx_word' id='word_1_145' title='bbox 248 2085 347 2142; x_wconf 91' lang='lat' dir='ltr'>codice</span> <span class='ocrx_word' id='word_1_146' title='bbox 368 2084 430 2142; x_wconf 88' lang='lat' dir='ltr'>eius</span> <span class='ocrx_word' id='word_1_147' title='bbox 451 2095 581 2160; x_wconf 86' lang='lat' dir='ltr'>parente,</span> <span class='ocrx_word' id='word_1_148' title='bbox 603 2085 703 2142; x_wconf 83' lang='lat' dir='ltr'>addita</span> <span class='ocrx_word' id='word_1_149' title='bbox 726 2083 866 2142; x_wconf 83' lang='lat' dir='ltr'>facillimo</span> <span class='ocrx_word' id='word_1_150' title='bbox 888 2105 986 2143; x_wconf 89' lang='lat' dir='ltr'>errore</span> <span class='ocrx_word' id='word_1_151' title='bbox 1009 2105 1068 2144; x_wconf 82' lang='lat' dir='ltr'>une</span> <span class='ocrx_word' id='word_1_152' title='bbox 1090 2085 1195 2156; x_wconf 84' lang='lat' dir='ltr'>littera,</span> <span class='ocrx_word' id='word_1_153' title='bbox 1217 2085 1313 2160; x_wconf 86' lang='lat' dir='ltr'>scrip·</span> 
     </span>
     <span class='ocr_line' id='line_1_19' title="bbox 246 2189 1309 2268; baseline 0 -20"><span class='ocrx_word' id='word_1_154' title='bbox 246 2200 308 2248; x_wconf 90' lang='lat' dir='ltr'>tum</span> <span class='ocrx_word' id='word_1_155' title='bbox 322 2201 366 2248; x_wconf 89' lang='lat' dir='ltr'>est</span> <span class='ocrx_word' id='word_1_156' title='bbox 387 2210 451 2267; x_wconf 90' lang='lat' dir='ltr'>per</span> <span class='ocrx_word' id='word_1_157' title='bbox 472 2209 684 2248; x_wconf 89' lang='lat' dir='ltr'>ocursurum</span> <span class='ocrx_word' id='word_1_158' title='bbox 706 2189 781 2268; x_wconf 80' lang='lat' dir='ltr'>(una</span> <span class='ocrx_word' id='word_1_159' title='bbox 802 2190 898 2248; x_wconf 89' lang='lat' dir='ltr'>littera</span> <span class='ocrx_word' id='word_1_160' title='bbox 912 2195 958 2261; x_wconf 85' lang='lat' dir='ltr'>c);</span> <span class='ocrx_word' id='word_1_161' title='bbox 975 2191 1079 2248; x_wconf 90' lang='lat' dir='ltr'>deinde</span> <span class='ocrx_word' id='word_1_162' title='bbox 1100 2190 1309 2250; x_wconf 74' lang='lat' dir='ltr'>incolbertiuo</span> 
     </span>
     <span class='ocr_line' id='line_1_20' title="bbox 247 2295 1310 2368; baseline 0 -14"><span class='ocrx_word' id='word_1_163' title='bbox 247 2297 346 2354; x_wconf 82' lang='lat' dir='ltr'>addito</span> <span class='ocrx_word' id='word_1_164' title='bbox 369 2297 461 2355; x_wconf 82' lang='lat' dir='ltr'>altero</span> <span class='ocrx_word' id='word_1_165' title='bbox 493 2317 509 2360; x_wconf 76' lang='lat' dir='ltr'>a</span> <span class='ocrx_word' id='word_1_166' title='bbox 532 2295 636 2354; x_wconf 85' lang='lat' dir='ltr'>effecta</span> <span class='ocrx_word' id='word_1_167' title='bbox 657 2296 765 2353; x_wconf 83' lang='lat' dir='ltr'>Latina</span> <span class='ocrx_word' id='word_1_168' title='bbox 785 2316 846 2355; x_wconf 87' lang='lat' dir='ltr'>vox</span> <span class='ocrx_word' id='word_1_169' title='bbox 873 2307 930 2368; x_wconf 86' lang='lat' dir='ltr'>est,</span> <span class='ocrx_word' id='word_1_170' title='bbox 958 2297 1100 2354; x_wconf 83' lang='lat' dir='ltr'>sententia</span> <span class='ocrx_word' id='word_1_171' title='bbox 1127 2305 1310 2354; x_wconf 86' lang='lat' dir='ltr'>structurave</span> 
     </span>
     <span class='ocr_line' id='line_1_21' title="bbox 247 2401 1309 2479; baseline -0.002 -19"><span class='ocrx_word' id='word_1_172' title='bbox 247 2403 341 2460; x_wconf 87' lang='lat' dir='ltr'>nulla:</span> <span class='ocrx_word' id='word_1_173' title='bbox 363 2423 426 2479; x_wconf 88' lang='lat' dir='ltr'>per</span> <span class='ocrx_word' id='word_1_174' title='bbox 447 2421 697 2472; x_wconf 88' lang='lat' dir='ltr'>occursurum;</span> <span class='ocrx_word' id='word_1_175' title='bbox 712 2402 778 2460; x_wconf 92' lang='lat' dir='ltr'>hinc</span> <span class='ocrx_word' id='word_1_176' title='bbox 787 2403 816 2459; x_wconf 95' lang='lat' dir='ltr'>in</span> <span class='ocrx_word' id='word_1_177' title='bbox 827 2403 930 2460; x_wconf 87' lang='lat' dir='ltr'>ceteris</span> <span class='ocrx_word' id='word_1_178' title='bbox 944 2403 1077 2460; x_wconf 88' lang='lat' dir='ltr'>omnibus</span> <span class='ocrx_word' id='word_1_179' title='bbox 1099 2403 1149 2474; x_wconf 86' lang='lat' dir='ltr'>(ab</span> <span class='ocrx_word' id='word_1_180' title='bbox 1162 2401 1245 2459; x_wconf 89' lang='lat' dir='ltr'>unius</span> <span class='ocrx_word' id='word_1_181' title='bbox 1256 2403 1309 2459; x_wconf 91' lang='lat' dir='ltr'>ho-</span> 
     </span>
     <span class='ocr_line' id='line_1_22' title="bbox 247 2507 1308 2582; baseline -0.002 -16"><span class='ocrx_word' id='word_1_182' title='bbox 247 2510 331 2568; x_wconf 89' lang='lat' dir='ltr'>minis</span> <span class='ocrx_word' id='word_1_183' title='bbox 353 2510 545 2576; x_wconf 89' lang='lat' dir='ltr'>correctione)</span> <span class='ocrx_word' id='word_1_184' title='bbox 568 2518 686 2576; x_wconf 77' lang='lat' dir='ltr'>notoni,</span> <span class='ocrx_word' id='word_1_185' title='bbox 708 2515 741 2563; x_wconf 84' lang='lat' dir='ltr'>ut</span> <span class='ocrx_word' id='word_1_186' title='bbox 763 2507 862 2582; x_wconf 88' lang='lat' dir='ltr'>aliqua</span> <span class='ocrx_word' id='word_1_187' title='bbox 883 2519 959 2566; x_wconf 90' lang='lat' dir='ltr'>esset</span> <span class='ocrx_word' id='word_1_188' title='bbox 979 2517 1125 2565; x_wconf 86' lang='lat' dir='ltr'>structura</span> <span class='ocrx_word' id='word_1_189' title='bbox 1145 2519 1175 2564; x_wconf 89' lang='lat' dir='ltr'>et</span> <span class='ocrx_word' id='word_1_190' title='bbox 1195 2517 1308 2566; x_wconf 87' lang='lat' dir='ltr'>senteu-</span> 
     </span>
     <span class='ocr_line' id='line_1_23' title="bbox 247 2613 1309 2690; baseline -0.002 -18"><span class='ocrx_word' id='word_1_191' title='bbox 247 2616 304 2674; x_wconf 88' lang='lat' dir='ltr'>tia:</span> <span class='ocrx_word' id='word_1_192' title='bbox 327 2634 469 2690; x_wconf 88' lang='lat' dir='ltr'>semper</span> <span class='ocrx_word' id='word_1_193' title='bbox 491 2632 747 2684; x_wconf 85' lang='lat' dir='ltr'>occursurum,</span> <span class='ocrx_word' id='word_1_194' title='bbox 779 2614 858 2689; x_wconf 90' lang='lat' dir='ltr'>quod</span> <span class='ocrx_word' id='word_1_195' title='bbox 881 2633 981 2672; x_wconf 89' lang='lat' dir='ltr'>omnes</span> <span class='ocrx_word' id='word_1_196' title='bbox 1009 2613 1095 2671; x_wconf 91' lang='lat' dir='ltr'>hodie</span> <span class='ocrx_word' id='word_1_197' title='bbox 1128 2632 1244 2688; x_wconf 89' lang='lat' dir='ltr'>quoque</span> <span class='ocrx_word' id='word_1_198' title='bbox 1266 2624 1309 2671; x_wconf 85' lang='lat' dir='ltr'>te-</span> 
     </span>
    </p>
   </div>
   <div class='ocr_carea' id='block_1_5' title="bbox 248 2709 1310 2795">
    <p class='ocr_par' dir='ltr' id='par_1_5' title="bbox 248 2709 1310 2795">
     <span class='ocr_line' id='line_1_24' title="bbox 248 2709 1310 2795; baseline 0.001 -18"><span class='ocrx_word' id='word_1_199' title='bbox 248 2731 324 2790; x_wconf 88' lang='lat' dir='ltr'>uent,</span> <span class='ocrx_word' id='word_1_200' title='bbox 346 2709 519 2795; x_wconf 86' lang='lat' dir='ltr'>pravissimo</span> <span class='ocrx_word' id='word_1_201' title='bbox 540 2719 690 2788; x_wconf 86' lang='lat' dir='ltr'>adverbio,</span> <span class='ocrx_word' id='word_1_202' title='bbox 710 2720 846 2792; x_wconf 82' lang='lat' dir='ltr'>qnoniam</span> <span class='ocrx_word' id='word_1_203' title='bbox 871 2739 929 2778; x_wconf 93' lang='lat' dir='ltr'>uon</span> <span class='ocrx_word' id='word_1_204' title='bbox 951 2719 987 2776; x_wconf 89' lang='lat' dir='ltr'>de</span> <span class='ocrx_word' id='word_1_205' title='bbox 1004 2739 1036 2776; x_wconf 89' lang='lat' dir='ltr'>re</span> <span class='ocrx_word' id='word_1_206' title='bbox 1051 2738 1128 2794; x_wconf 84' lang='lat' dir='ltr'>saepe</span> <span class='ocrx_word' id='word_1_207' title='bbox 1145 2737 1310 2795; x_wconf 71' lang='lat' dir='ltr'>semperne,</span> 
     </span>
    </p>
   </div>
   <div class='ocr_carea' id='block_1_6' title="bbox 248 2824 1308 4060">
    <p class='ocr_par' dir='ltr' id='par_1_6' title="bbox 248 2824 1308 4060">
     <span class='ocr_line' id='line_1_25' title="bbox 261 2824 1308 2902; baseline 0.005 -20"><span class='ocrx_word' id='word_1_208' title='bbox 261 2845 292 2882; x_wconf 89' lang='lat' dir='ltr'>se</span> <span class='ocrx_word' id='word_1_209' title='bbox 316 2825 427 2894; x_wconf 87' lang='lat' dir='ltr'>semel,</span> <span class='ocrx_word' id='word_1_210' title='bbox 456 2843 546 2900; x_wconf 93' lang='lat' dir='ltr'>quum</span> <span class='ocrx_word' id='word_1_211' title='bbox 570 2824 720 2880; x_wconf 87' lang='lat' dir='ltr'>Hannibal</span> <span class='ocrx_word' id='word_1_212' title='bbox 742 2824 882 2882; x_wconf 86' lang='lat' dir='ltr'>tumulum</span> <span class='ocrx_word' id='word_1_213' title='bbox 905 2825 1048 2900; x_wconf 78' lang='lat' dir='ltr'>cepisset,</span> <span class='ocrx_word' id='word_1_214' title='bbox 1082 2825 1181 2884; x_wconf 80' lang='lat' dir='ltr'>lutura</span> <span class='ocrx_word' id='word_1_215' title='bbox 1203 2826 1308 2902; x_wconf 85' lang='lat' dir='ltr'>agitur.</span> 
     </span>
     <span class='ocr_line' id='line_1_26' title="bbox 249 2923 1308 3005; baseline -0.001 -16"><span class='ocrx_word' id='word_1_216' title='bbox 249 2935 288 3000; x_wconf 85' lang='lat' dir='ltr'>(A</span> <span class='ocrx_word' id='word_1_217' title='bbox 326 2931 457 2988; x_wconf 86' lang='lat' dir='ltr'>Medicco</span> <span class='ocrx_word' id='word_1_218' title='bbox 488 2949 629 3005; x_wconf 85' lang='lat' dir='ltr'>semper</span> <span class='ocrx_word' id='word_1_219' title='bbox 651 2923 824 2986; x_wconf 86' lang='lat' dir='ltr'>”exsulare&#39;&#39;</span> <span class='ocrx_word' id='word_1_220' title='bbox 846 2930 1104 2989; x_wconf 84' lang='lat' dir='ltr'>Drakenborchius</span> <span class='ocrx_word' id='word_1_221' title='bbox 1134 2931 1217 3000; x_wconf 88' lang='lat' dir='ltr'>dicit;</span> <span class='ocrx_word' id='word_1_222' title='bbox 1248 2933 1308 2989; x_wconf 88' lang='lat' dir='ltr'>lieri</span> 
     </span>
     <span class='ocr_line' id='line_1_27' title="bbox 248 3035 1307 3112; baseline 0.001 -19"><span class='ocrx_word' id='word_1_223' title='bbox 248 3047 353 3112; x_wconf 85' lang='lat' dir='ltr'>potest,</span> <span class='ocrx_word' id='word_1_224' title='bbox 374 3045 407 3093; x_wconf 92' lang='lat' dir='ltr'>ut</span> <span class='ocrx_word' id='word_1_225' title='bbox 428 3036 562 3093; x_wconf 87' lang='lat' dir='ltr'>librarius</span> <span class='ocrx_word' id='word_1_226' title='bbox 585 3035 714 3093; x_wconf 87' lang='lat' dir='ltr'>omiserit</span> <span class='ocrx_word' id='word_1_227' title='bbox 735 3036 845 3092; x_wconf 84' lang='lat' dir='ltr'>litteras</span> <span class='ocrx_word' id='word_1_228' title='bbox 867 3053 951 3092; x_wconf 88' lang='lat' dir='ltr'>sensu</span> <span class='ocrx_word' id='word_1_229' title='bbox 976 3045 1122 3106; x_wconf 80' lang='lat' dir='ltr'>carentes3</span> <span class='ocrx_word' id='word_1_230' title='bbox 1146 3037 1197 3094; x_wconf 87' lang='lat' dir='ltr'>sed</span> <span class='ocrx_word' id='word_1_231' title='bbox 1220 3037 1307 3094; x_wconf 87' lang='lat' dir='ltr'>mullo</span> 
     </span>
     <span class='ocr_line' id='line_1_28' title="bbox 248 3139 1306 3219; baseline -0.002 -18"><span class='ocrx_word' id='word_1_232' title='bbox 248 3143 428 3219; x_wconf 85' lang='lat' dir='ltr'>probabilius</span> <span class='ocrx_word' id='word_1_233' title='bbox 450 3151 502 3211; x_wconf 81' lang='lat' dir='ltr'>est,</span> <span class='ocrx_word' id='word_1_234' title='bbox 525 3141 554 3197; x_wconf 93' lang='lat' dir='ltr'>in</span> <span class='ocrx_word' id='word_1_235' title='bbox 578 3160 622 3212; x_wconf 87' lang='lat' dir='ltr'>eo,</span> <span class='ocrx_word' id='word_1_236' title='bbox 645 3150 677 3198; x_wconf 92' lang='lat' dir='ltr'>ut</span> <span class='ocrx_word' id='word_1_237' title='bbox 698 3140 727 3197; x_wconf 93' lang='lat' dir='ltr'>in</span> <span class='ocrx_word' id='word_1_238' title='bbox 749 3141 872 3216; x_wconf 86' lang='lat' dir='ltr'>gemello</span> <span class='ocrx_word' id='word_1_239' title='bbox 896 3139 930 3211; x_wconf 86' lang='lat' dir='ltr'>C,</span> <span class='ocrx_word' id='word_1_240' title='bbox 952 3141 1090 3217; x_wconf 84' lang='lat' dir='ltr'>scriptum</span> <span class='ocrx_word' id='word_1_241' title='bbox 1113 3141 1203 3199; x_wconf 87' lang='lat' dir='ltr'>fuisse</span> <span class='ocrx_word' id='word_1_242' title='bbox 1223 3141 1306 3218; x_wconf 79' lang='lat' dir='ltr'>per.)</span> 
     </span>
     <span class='ocr_line' id='line_1_29' title="bbox 249 3245 1307 3324; baseline -0.003 -19"><span class='ocrx_word' id='word_1_243' title='bbox 249 3252 349 3324; x_wconf 89' lang='lat' dir='ltr'>Atque</span> <span class='ocrx_word' id='word_1_244' title='bbox 378 3247 424 3305; x_wconf 89' lang='lat' dir='ltr'>hic</span> <span class='ocrx_word' id='word_1_245' title='bbox 456 3265 538 3304; x_wconf 90' lang='lat' dir='ltr'>error</span> <span class='ocrx_word' id='word_1_246' title='bbox 566 3246 681 3321; x_wconf 86' lang='lat' dir='ltr'>longius</span> <span class='ocrx_word' id='word_1_247' title='bbox 703 3263 819 3322; x_wconf 86' lang='lat' dir='ltr'>serpere</span> <span class='ocrx_word' id='word_1_248' title='bbox 851 3257 935 3304; x_wconf 87' lang='lat' dir='ltr'>extra</span> <span class='ocrx_word' id='word_1_249' title='bbox 967 3248 993 3304; x_wconf 87' lang='lat' dir='ltr'><strong>P</strong></span> <span class='ocrx_word' id='word_1_250' title='bbox 1015 3245 1125 3320; x_wconf 83' lang='lat' dir='ltr'>coepit3</span> <span class='ocrx_word' id='word_1_251' title='bbox 1158 3256 1258 3302; x_wconf 84' lang='lat' dir='ltr'>contra</span> <span class='ocrx_word' id='word_1_252' title='bbox 1277 3246 1307 3302; x_wconf 89' lang='lat' dir='ltr'>iu</span> 
     </span>
     <span class='ocr_line' id='line_1_30' title="bbox 248 3352 1306 3428; baseline 0 -18"><span class='ocrx_word' id='word_1_253' title='bbox 248 3354 323 3411; x_wconf 91' lang='lat' dir='ltr'>libro</span> <span class='ocrx_word' id='word_1_254' title='bbox 360 3354 459 3422; x_wconf 89' lang='lat' dir='ltr'>XXI,</span> <span class='ocrx_word' id='word_1_255' title='bbox 499 3357 558 3422; x_wconf 77' lang='lat'>46,</span> <span class='ocrx_word' id='word_1_256' title='bbox 595 3352 663 3409; x_wconf 79' lang='lat' dir='ltr'>oin</span> <span class='ocrx_word' id='word_1_257' title='bbox 685 3353 712 3408; x_wconf 91' lang='lat' dir='ltr'>P</span> <span class='ocrx_word' id='word_1_258' title='bbox 736 3352 831 3426; x_wconf 87' lang='lat' dir='ltr'>prima</span> <span class='ocrx_word' id='word_1_259' title='bbox 862 3371 950 3409; x_wconf 84' lang='lat' dir='ltr'>manu</span> <span class='ocrx_word' id='word_1_260' title='bbox 972 3353 1109 3428; x_wconf 90' lang='lat' dir='ltr'>scriptum</span> <span class='ocrx_word' id='word_1_261' title='bbox 1142 3360 1198 3410; x_wconf 87' lang='lat' dir='ltr'>est:</span> <span class='ocrx_word' id='word_1_262' title='bbox 1241 3352 1306 3410; x_wconf 87' lang='lat' dir='ltr'>iam</span> 
     </span>
     <span class='ocr_line' id='line_1_31' title="bbox 249 3457 1307 3535; baseline -0.006 -17"><span class='ocrx_word' id='word_1_263' title='bbox 249 3479 379 3535; x_wconf 87' lang='lat' dir='ltr'>magne</span> <span class='ocrx_word' id='word_1_264' title='bbox 407 3479 451 3516; x_wconf 86' lang='lat' dir='ltr'>ex</span> <span class='ocrx_word' id='word_1_265' title='bbox 478 3469 582 3534; x_wconf 84' lang='lat' dir='ltr'>parte</span> <span class='ocrx_word' id='word_1_266' title='bbox 604 3457 715 3514; x_wconf 87' lang='lat' dir='ltr'>addes</span> <span class='ocrx_word' id='word_1_267' title='bbox 737 3475 858 3532; x_wconf 84' lang='lat' dir='ltr'>pugno</span> <span class='ocrx_word' id='word_1_268' title='bbox 879 3458 1001 3516; x_wconf 86' lang='lat' dir='ltr'>iuerat</span> <span class='ocrx_word' id='word_1_269' title='bbox 1038 3457 1170 3532; x_wconf 76' lang='lat' dir='ltr'>(Aleon,</span> <span class='ocrx_word' id='word_1_270' title='bbox 1192 3473 1307 3532; x_wconf 88' lang='lat' dir='ltr'>pugna</span> 
     </span>
     <span class='ocr_line' id='line_1_32' title="bbox 249 3562 1307 3643; baseline -0.005 -19"><span class='ocrx_word' id='word_1_271' title='bbox 249 3567 371 3643; x_wconf 68' lang='lat' dir='ltr'>aieret</span> <span class='ocrx_word' id='word_1_272' title='bbox 394 3565 552 3634; x_wconf 85' lang='lat' dir='ltr'>Gronov.l‚</span> <span class='ocrx_word' id='word_1_273' title='bbox 575 3583 633 3622; x_wconf 90' lang='lat' dir='ltr'>una</span> <span class='ocrx_word' id='word_1_274' title='bbox 652 3563 775 3639; x_wconf 88' lang='lat' dir='ltr'>syllaba,</span> <span class='ocrx_word' id='word_1_275' title='bbox 799 3573 830 3620; x_wconf 87' lang='lat' dir='ltr'>ut</span> <span class='ocrx_word' id='word_1_276' title='bbox 847 3583 923 3639; x_wconf 85' lang='lat' dir='ltr'>saepe</span> <span class='ocrx_word' id='word_1_277' title='bbox 944 3563 973 3619; x_wconf 90' lang='lat' dir='ltr'>in</span> <span class='ocrx_word' id='word_1_278' title='bbox 995 3564 1051 3620; x_wconf 93' lang='lat' dir='ltr'>hoc</span> <span class='ocrx_word' id='word_1_279' title='bbox 1071 3562 1180 3632; x_wconf 89' lang='lat' dir='ltr'>codice,</span> <span class='ocrx_word' id='word_1_280' title='bbox 1194 3562 1307 3632; x_wconf 87' lang='lat' dir='ltr'>omissa,</span> 
     </span>
     <span class='ocr_line' id='line_1_33' title="bbox 251 3668 1308 3748; baseline -0.006 -18"><span class='ocrx_word' id='word_1_281' title='bbox 251 3693 337 3748; x_wconf 85' lang='lat' dir='ltr'>quam</span> <span class='ocrx_word' id='word_1_282' title='bbox 361 3670 505 3730; x_wconf 85' lang='lat' dir='ltr'>Gronovii</span> <span class='ocrx_word' id='word_1_283' title='bbox 533 3687 653 3728; x_wconf 86' lang='lat' dir='ltr'>acumen</span> <span class='ocrx_word' id='word_1_284' title='bbox 677 3671 799 3726; x_wconf 84' lang='lat' dir='ltr'>retraxit</span> <span class='ocrx_word' id='word_1_285' title='bbox 826 3671 880 3737; x_wconf 87' lang='lat' dir='ltr'>(ed</span> <span class='ocrx_word' id='word_1_286' title='bbox 908 3671 1017 3744; x_wconf 90' lang='lat' dir='ltr'>pedes</span> <span class='ocrx_word' id='word_1_287' title='bbox 1049 3685 1169 3744; x_wconf 89' lang='lat' dir='ltr'>pugna</span> <span class='ocrx_word' id='word_1_288' title='bbox 1190 3668 1308 3724; x_wconf 81' lang='lat' dir='ltr'>iverat</span> 
     </span>
     <span class='ocr_line' id='line_1_34' title="bbox 251 3771 1307 3852; baseline -0.006 -16"><span class='ocrx_word' id='word_1_289' title='bbox 251 3787 301 3836; x_wconf 87' lang='lat' dir='ltr'>eut</span> <span class='ocrx_word' id='word_1_290' title='bbox 321 3779 507 3850; x_wconf 85' lang='lat' dir='ltr'>venerat);</span> <span class='ocrx_word' id='word_1_291' title='bbox 538 3777 589 3833; x_wconf 89' lang='lat' dir='ltr'>sed</span> <span class='ocrx_word' id='word_1_292' title='bbox 624 3775 653 3832; x_wconf 92' lang='lat' dir='ltr'>in</span> <span class='ocrx_word' id='word_1_293' title='bbox 689 3776 753 3852; x_wconf 88' lang='lat' dir='ltr'>ipso</span> <span class='ocrx_word' id='word_1_294' title='bbox 786 3776 885 3834; x_wconf 87' lang='lat' dir='ltr'>codice</span> <span class='ocrx_word' id='word_1_295' title='bbox 921 3775 1012 3831; x_wconf 87' lang='lat' dir='ltr'>altera</span> <span class='ocrx_word' id='word_1_296' title='bbox 1040 3792 1143 3832; x_wconf 86' lang='lat' dir='ltr'>manus</span> <span class='ocrx_word' id='word_1_297' title='bbox 1168 3771 1307 3831; x_wconf 84' lang='lat' dir='ltr'>infelicem</span> 
     </span>
     <span class='ocr_line' id='line_1_35' title="bbox 250 3879 1307 3956; baseline -0.005 -16"><span class='ocrx_word' id='word_1_298' title='bbox 250 3883 444 3940; x_wconf 85' lang='lat' dir='ltr'>coniecturam</span> <span class='ocrx_word' id='word_1_299' title='bbox 463 3891 564 3940; x_wconf 87' lang='lat' dir='ltr'>secuta</span> <span class='ocrx_word' id='word_1_300' title='bbox 586 3879 695 3938; x_wconf 84' lang='lat' dir='ltr'>effecit:</span> <span class='ocrx_word' id='word_1_301' title='bbox 727 3900 865 3956; x_wconf 83' lang='lat' dir='ltr'>anceps</span> <span class='ocrx_word' id='word_1_302' title='bbox 897 3899 1017 3956; x_wconf 84' lang='lat' dir='ltr'>pugna</span> <span class='ocrx_word' id='word_1_303' title='bbox 1049 3880 1179 3937; x_wconf 88' lang='lat' dir='ltr'>iverat.</span> <span class='ocrx_word' id='word_1_304' title='bbox 1237 3879 1307 3936; x_wconf 92' lang='lat' dir='ltr'>Hinc</span> 
     </span>
     <span class='ocr_line' id='line_1_36' title="bbox 249 3983 1308 4060; baseline -0.004 -16"><span class='ocrx_word' id='word_1_305' title='bbox 249 3989 277 4044; x_wconf 93' lang='lat' dir='ltr'>in</span> <span class='ocrx_word' id='word_1_306' title='bbox 300 3988 402 4045; x_wconf 84' lang='lat' dir='ltr'>ceteris</span> <span class='ocrx_word' id='word_1_307' title='bbox 434 3987 534 4060; x_wconf 87' lang='lat' dir='ltr'>(etiem</span> <span class='ocrx_word' id='word_1_308' title='bbox 558 3985 648 4056; x_wconf 84' lang='lat' dir='ltr'>MC),</span> <span class='ocrx_word' id='word_1_309' title='bbox 685 3985 785 4042; x_wconf 85' lang='lat' dir='ltr'>addita</span> <span class='ocrx_word' id='word_1_310' title='bbox 806 3985 954 4042; x_wconf 82' lang='lat' dir='ltr'>sententiae</span> <span class='ocrx_word' id='word_1_311' title='bbox 976 4001 1065 4041; x_wconf 84' lang='lat' dir='ltr'>cause</span> <span class='ocrx_word' id='word_1_312' title='bbox 1086 3983 1178 4040; x_wconf 85' lang='lat' dir='ltr'>altera</span> <span class='ocrx_word' id='word_1_313' title='bbox 1200 3983 1308 4041; x_wconf 88' lang='lat' dir='ltr'>coniec-</span> 
     </span>
    </p>
   </div>
   <div class='ocr_carea' id='block_1_7' title="bbox 0 0 1409 4646">
    <p class='ocr_par' dir='ltr' id='par_1_7' title="bbox 0 0 1409 4646">
     <span class='ocr_line' id='line_1_37' title="bbox 0 0 1409 4646; baseline 0 0"><span class='ocrx_word' id='word_1_314' title='bbox 0 0 1409 4646; x_wconf 95' lang='lat' dir='ltr'> </span> 
     </span>
    </p>
   </div>
  </div>
 </body>
</html>
