2800 4646
257 267 318 321 Lib.
335 267 437 318 mu
747 271 808 328 260

241 452 294 523 ni,
316 470 420 526 quam
442 468 600 524 nuquam
622 447 777 517 inimus,
799 449 924 514 futuri·
968 451 1086 513 Excidit
1106 451 1192 510 iacile
1212 451 1306 510 intu-

242 559 272 615 ri
293 566 361 633 post
384 555 532 613 fuimus.
589 553 647 628 Qui
679 553 802 629 possit
831 554 1005 612 addiderunt
1035 555 1242 632 (impetrari
1262 559 1306 616 eb

243 661 418 721 Romanis
440 658 590 735 possit),
617 677 677 715 non
711 659 998 730 animadverterunt,
1025 661 1107 734 sequi
1131 662 1235 721 debore
1256 674 1306 722 ant

241 767 276 824 in
294 764 420 841 gratia
444 780 524 820 esso
549 770 601 818 aut
621 763 736 820 simus
757 763 885 822 futuri.

326 868 399 944 Cap.
422 871 451 939 9,
474 870 491 924 3
515 868 557 940 (in
579 865 695 926 Calavii
715 869 809 944 patris
831 869 964 926 oratioue
984 869 1075 926 filium
1097 889 1116 926 a
1137 869 1305 926 ooedeHan-
1388 879 1389 890 ¹

241 975 346 1034 nibalis
381 973 520 1032 tentanda
548 972 755 1046 dehortantis):
785 974 921 1032 Pancae
953 975 1049 1031 horoe
1076 983 1175 1044 sunt,
1207 974 1306 1032 intra

242 1098 334 1154 quas
363 1079 537 1136 iurantes
569 1095 633 1153 pcr
669 1077 849 1152 quicquid
879 1078 1026 1135 deorum
1054 1088 1127 1149 est,
1166 1078 1306 1136 dextre

241 1187 391 1242 dextros
412 1184 606 1260 iungentes
630 1181 742 1240 fidem
764 1183 1051 1254 obstrinximus‚
1066 1215 1105 1226 -
1125 1193 1162 1242 ut
1183 1203 1306 1242 sacra·

241 1299 298 1348 tas
329 1289 407 1348 fide
439 1305 565 1347 manus
596 1285 756 1362 digressi
789 1305 807 1342 a
841 1287 1033 1363 colloquio
1066 1291 1247 1366 extemplo
1269 1290 1304 1348 iu

241 1415 317 1454 enm
340 1391 585 1454 armaremus?
628 1391 678 1451 Sic
707 1391 796 1448 edunt
816 1391 884 1448 inde
911 1411 930 1449 a
952 1391 1125 1464 Gronovio‚
1158 1395 1306 1453 codicibus

241 1501 408 1558 melioribus
445 1496 689 1556 consentientibus
723 1495 790 1569 (nisi
821 1497 900 1570 quod
931 1499 1065 1555 mansis
1093 1518 1148 1574 pro
1181 1519 1304 1557 manus

240 1605 399 1675 scribitur),
421 1603 521 1678 itaque
542 1609 689 1671 enarrant,
712 1610 745 1658 ut
767 1602 810 1658 rei
832 1611 958 1660 narrate
982 1603 1101 1679 adiungi
1124 1613 1235 1680 putent,
1256 1625 1305 1662 ra-

239 1710 317 1767 riore
339 1708 417 1784 apud
434 1707 556 1766 Latinos
578 1708 682 1782 figura,
706 1706 963 1782 interrogationem
980 1709 1016 1766 de
1031 1709 1153 1766 actionis
1174 1711 1305 1780 consilio,

240 1815 366 1890 negandi
390 1822 419 1870 et
437 1811 680 1870 dehortandivim
702 1811 867 1874 habentem.
905 1813 1015 1872 Verum
1034 1834 1098 1872 eam
1121 1817 1243 1890 figuram
1255 1817 1305 1890 (do

241 1937 300 1993 qun
321 1918 444 1993 exposui
466 1916 504 1974 ad
525 1915 586 1976 Cic.
606 1917 672 1976 libr.
696 1916 732 1972 ds
754 1917 802 1973 fin.
824 1917 858 1974 11
880 1935 904 1974 c.
931 1920 966 1976 19
978 1938 1007 1994 p.
1025 1919 1107 1995 250)
1129 1940 1188 1978 non
1209 1920 1304 1978 solum

240 2023 340 2081 omnia
363 2023 508 2098 exempla,
534 2023 586 2080 sed
610 2019 653 2080 rei
676 2021 767 2097 ipsius
788 2030 895 2078 natura
916 2025 1042 2082 ostendit
1061 2026 1104 2082 ita
1126 2035 1305 2102 tantumpo·

239 2128 278 2198 ni,
299 2137 333 2185 nt
351 2128 390 2186 ad
412 2137 451 2186 ut
469 2129 645 2204 adiungatur
665 2145 827 2202 pronomen
849 2135 901 2184 aut
912 2129 1081 2186 adverbium
1099 2130 1305 2206 interrogatio·

240 2252 306 2291 nem
329 2233 459 2292 indicans
483 2230 585 2310 (qnid
605 2241 659 2304 ut,
680 2231 742 2289 ubi
763 2242 817 2302 ut,
844 2241 881 2288 nt
903 2251 974 2307 quo
999 2234 1083 2306 -?);
1111 2236 1303 2310 nequeenim

240 2339 324 2396 aliter
342 2339 536 2397 animadverti
546 2339 641 2414 figure
659 2346 689 2394 et
704 2355 802 2394 avere
815 2336 927 2394 consilii
945 2339 1154 2413 significatione
1166 2341 1303 2415 distingui

238 2453 366 2520 poterat3
387 2463 482 2518 neque
503 2445 559 2501 hoc
580 2443 610 2500 in
633 2443 740 2500 Latino
761 2441 855 2517 magis
876 2461 1010 2501 sermone
1031 2445 1203 2503 observatur
1214 2465 1303 2520 qnam

239 2549 270 2606 iu
293 2549 414 2620 Graeco,
442 2549 492 2606 ubi
511 2547 602 2605 multo
623 2547 711 2604 latins
732 2555 814 2622 patet
834 2547 919 2604 huius
940 2549 1040 2624 figure
1071 2546 1182 2624 usus¹).
1235 2551 1306 2610 Hoc

238 2653 327 2729 igitur
337 2661 449 2711 remoto
463 2652 595 2723 artificio,
608 2661 699 2709 restat
713 2652 742 2709 in
754 2653 899 2728 scriptura
912 2671 972 2709 non
982 2653 1158 2728 interpolata
1167 2653 1220 2730 (-
1232 2674 1305 2713 nam

238 2758 371 2816 codicum
402 2759 577 2815 deteriorum
613 2757 837 2833 depravationes
871 2757 1014 2832 attingere
1042 2758 1143 2816 inutile
1176 2771 1220 2818 est
1241 2765 1306 2834 -)

237 2865 373 2921 mendum
395 2862 581 2921 manifestum
609 2880 663 2920 noc
687 2871 784 2920 tamen
806 2871 857 2920 aut
878 2861 937 2920 late
958 2872 1061 2938 pateus
1088 2875 1157 2934 ent,
1184 2875 1216 2922 ut
1238 2866 1306 2940 opi·

237 2987 302 3044 nor,
325 2969 363 3026 ad
385 2969 588 3044 corrigendum
611 2965 737 3026 difficile.
781 2965 974 3026 Scribondum
989 2976 1033 3026 cst
1054 2969 1145 3026 enim:
1168 2970 1306 3028 Paucos

237 3073 334 3130 horae
354 3082 445 3144 sunt,
467 3073 567 3131 intra
590 3091 680 3148 quas
784 3070 898 3130 fidem
921 3073 1198 3134 obstrinximus.
1235 3076 1306 3135 Uis

237 3187 406 3235 sacratas
428 3176 506 3236 fido
521 3196 646 3236 manns
736 3177 919 3254 extemplo
940 3177 975 3236 in
997 3197 1073 3236 oum
1095 3181 1307 3238 armemus?

237 3281 285 3338 Ex
307 3290 345 3339 nt
364 3281 421 3340 ioci
443 3283 488 3354 ni,
509 3284 657 3358 geminata
680 3282 766 3340 simul
786 3282 883 3340 littera
904 3284 1081 3358 sequentis;
1107 3285 1142 3360 (c.
1158 3285 1217 3354 8,9
1234 3286 1306 3343 Βο-

237 3386 353 3444 mauis
375 3395 409 3444 ot
429 3406 483 3462 pro
502 3387 677 3447 Romanis
699 3396 754 3445 set
775 3387 889 3446 codices
911 3389 1019 3446 habere
1033 3389 1180 3463 vidimus).
1213 3389 1306 3463 Quod

237 3508 421 3549 armamus
442 3511 497 3567 pro
519 3511 744 3550 armaremus
765 3492 868 3568 posui,
900 3493 1001 3550 eedem
1024 3493 1165 3551 correctio
1188 3496 1306 3570 perspi·
1388 3491 1389 3498 '

239 3689 439 3704 m

254 3837 277 3906 ¹)
305 3842 546 3904 Weissenbornins,
570 3843 643 3893 onius
667 3843 780 3891 animum
808 3843 943 3907 scrupulus
961 3843 1087 3908 pupugit,
1107 3845 1183 3894 nimis
1201 3845 1306 3895 sortiter

305 3949 332 3984 sc
356 3935 473 3998 expedit3
499 3942 577 3998 nogat
595 3949 659 3998 opus
677 3949 732 3984 esso
751 3933 936 3996 interrogativa
952 3950 1024 3987 voca.
1068 3935 1169 3999 (Locus
1187 3934 1252 3986 Liuii
1275 3939 1303 3985 in

304 4023 338 4084 V,
358 4029 401 4084 24,
422 4030 453 4074 10
471 4027 504 4074 ad
523 4027 591 4076 hanc
608 4027 716 4089 figuram
735 4026 840 4074 omuino
858 4040 910 4074 non
928 4025 1058 4090 pertinet)
