2822 4648
768 270 823 324 174

702 445 780 519 Lib.
810 445 878 518 IX.

348 635 420 712 Cap.
444 639 472 707 3,
499 638 514 692 3
551 635 595 703 (in
618 635 798 694 sermonibus
825 644 854 692 et
882 635 1004 709 querelis
1035 634 1156 693 militum
1188 637 1331 694 Fnrculis

264 741 403 800 Caudinis
431 742 622 804 inclusorum)
653 753 730 798 recte
759 741 789 798 in
819 740 917 797 codice
946 742 1054 798 recenti
1084 753 1113 799 et
1137 743 1331 818 interpolato,

265 848 486 918 Geertnerinno,
498 847 646 906 scribitur:
669 849 757 904 Dum
780 848 852 903 haec
879 847 1117 904 imminebunt
1137 849 1233 924 iugo,
1255 869 1330 923 que

264 965 300 1012 tu
323 955 367 1011 ed
391 956 531 1010 hostem
552 953 697 1010 venias?
719 973 773 1028 pro
798 953 933 1012 venies.
975 954 1079 1027 Neque
1101 955 1185 1024 enim,
1208 955 1260 1030 qui
1282 955 1329 1012 lo-

265 1077 355 1134 quens
377 1059 528 1127 inducitur,
550 1078 618 1116 vere
640 1078 677 1115 cx
698 1059 789 1116 altero
811 1061 867 1116 hoc
889 1059 999 1134 querit,
1020 1059 1071 1116 sed
1093 1061 1161 1118 ficte
1177 1061 1329 1117 communi

264 1184 390 1242 persone
410 1165 615 1240 interrogando
646 1165 683 1220 ed
713 1166 825 1222 hostem
852 1165 944 1223 veniri
969 1183 1056 1240 posse
1083 1175 1187 1242 negot,
1220 1167 1327 1224 eedem

199 1333 209 1352 ο
263 1272 422 1343 sententie,
461 1290 519 1346 qnu
557 1272 618 1328 haee
647 1271 728 1328 dicit:
772 1271 849 1344 Quo
871 1281 933 1328 eut
954 1290 1023 1344 quo
1051 1271 1191 1355 eamus?
1235 1271 1328 1331 Certe

264 1387 309 1436 est
329 1379 358 1436 in
379 1381 435 1436 hoc
447 1397 551 1454 genere
571 1378 710 1435 sermonis
724 1378 779 1436 lex.
823 1377 894 1448 (Gr.
907 1378 973 1437 Lat.
989 1379 1086 1446 5370,
1101 1378 1325 1454 Bemerkungen

266 1487 337 1543 tiber
358 1485 450 1560 oinige
472 1483 587 1542 Punkte
609 1485 660 1541 der
681 1485 738 1540 Lat
770 1484 962 1558 Spreolrlehrc
984 1503 1010 1558 p.
1035 1483 1096 1556 73.)
1106 1477 1130 1554 ¹)

348 1589 420 1666 Cap.
445 1595 472 1662 6,
501 1593 533 1648 12
566 1591 610 1670 (in
640 1583 855 1665 Compenorum
885 1591 1020 1646 iuvenum
1045 1589 1081 1645 de
1103 1589 1240 1648 militibus
1262 1591 1326 1647 Ro·

265 1697 357 1754 manis
384 1716 402 1752 a
431 1697 563 1753 Furculis
595 1695 733 1754 Caudinis
761 1696 948 1754 redeuntibus
972 1696 1168 1770 narrationem
1199 1696 1325 1753 iecere

265 1802 423 1860 indolem
464 1801 566 1858 illam
605 1803 801 1858 Romanum
838 1801 1057 1876 ablutosque
1100 1821 1174 1860 cum
1211 1801 1324 1858 armis

266 1907 418 1976 enim0s3
441 1907 676 1963 nonreddere
696 1907 868 1978 salutem,
890 1906 1325 1964 nonsnlutentibusdere

264 2031 493 2088 responsum,
525 2031 594 2069 non
621 2013 765 2070 hiscere
800 2031 1011 2088 quemquem
1046 2031 1116 2088 pree
1138 2021 1229 2069 metu
1258 2031 1324 2087 po-

264 2120 388 2178 tuisse.
438 2117 637 2176 Salntnntibue
668 2117 746 2175 selus
777 2118 913 2186 redditur,
946 2138 1004 2174 non
1033 2137 1213 2194 responsum,
1244 2117 1325 2192 quod

265 2225 457 2300 querentibus
480 2224 608 2281 debetur.
656 2223 843 2282 Manifestum
867 2234 910 2282 est
934 2226 1006 2282 dues
1032 2243 1120 2282 voces
1141 2225 1237 2282 locum
1259 2243 1323 2282 mu-

264 2340 342 2388 tesso
363 2329 603 2405 scribendumque
630 2350 706 2388 esse:
740 2351 808 2390 non
844 2331 997 2388 reddere
1030 2331 1187 2388 salutem
1222 2329 1324 2386 selu·

265 2535 461 2545 ——n-

335 2684 449 2732 oratione
468 2685 583 2734 ruditum
598 2693 623 2732 et
640 2687 666 2734 in
687 2686 765 2734 verbo
783 2687 878 2745 latens,
897 2695 926 2736 nt
951 2693 977 2734 et
1005 2684 1145 2734 eommunis
1164 2682 1278 2731 omnium
1298 2693 1325 2732 et

334 2777 531 2840 uniuscuiusque
565 2777 632 2824 ectio
659 2779 900 2842 comprehendetur,
934 2780 998 2842 (qno
1021 2778 1148 2842 pertinent
1170 2775 1290 2839 exempla
1307 2790 1324 2824 u

336 2867 546 2918 Drakenborchio
565 2871 597 2917 sd
616 2869 650 2928 11,
670 2876 711 2930 22,
731 2874 743 2920 t
764 2871 883 2932 leudem
913 2871 960 2920 etsi
984 2871 1046 2932 quid
1065 2871 1150 2918 notius
1168 2875 1212 2916 eut
1231 2882 1323 2931 perve-

333 2961 494 3022 getiuscsti)
513 2962 571 3008 scd:
591 2959 718 3010 familie
741 2977 873 3026 quaeque
891 2963 1026 3010 trahunt
1048 2969 1073 3010 ot
1091 2970 1187 3010 nature
1204 2960 1323 3008 vocabuli

334 3053 471 3116 quisque
494 3061 519 3100 ct
544 3055 666 3104 sermonis
689 3055 739 3116 legi
766 3068 908 3118 repugnare
932 3055 1033 3102 videtur
1057 3069 1104 3102 neo
1128 3053 1244 3116 exemplo
1268 3052 1323 3101 ullo

334 3143 447 3198 delendi.
483 3145 563 3195 Recte
582 3147 608 3194 in
625 3147 706 3197 tribus
717 3147 847 3196 codicibus
863 3147 1006 3196 recentibus
1025 3147 1143 3196 scribitur
1162 3147 1322 3196 coniectura:

335 3235 471 3285 familiae
491 3239 527 3287 ed
546 3253 577 3286 se
596 3253 733 3303 quaeque
752 3240 892 3292 trahunt.

283 3322 308 3391 ²)
332 3328 409 3378 Initio
428 3331 517 3394 eapitis
535 3331 567 3377 de
585 3330 666 3380 altero
687 3332 773 3381 elius
792 3331 906 3380 tollendo
923 3345 981 3380 vere
1003 3331 1148 3380 indicerent
1162 3329 1276 3379 Muretus
1296 3341 1322 3378 et

335 3420 489 3475 Gronovius.
540 3422 624 3470 Alteri
656 3439 701 3488 per
728 3425 857 3474 obstantia
889 3424 1034 3474 enitendum
1060 3421 1220 3482 fremebunt,
1249 3423 1321 3472 elteri

334 3515 396 3564 nihil
422 3529 553 3580 superesse
577 3515 676 3567 solutis.
719 3515 771 3567 Sed
790 3517 817 3565 in
839 3517 918 3580 ipsius
944 3517 1002 3566 libri
1026 3517 1146 3576 exordio,
1171 3531 1226 3579 cap.
1249 3519 1270 3574 l,
1297 3517 1321 3575 7,

334 3605 479 3657 Gronovius
503 3623 580 3672 pravo
599 3608 706 3657 artificio
725 3623 832 3673 eumque
851 3611 930 3659 secuti
954 3610 1030 3658 ceteri
1055 3615 1223 3672 corruperunt
1244 3609 1323 3670 eptis·

334 3701 423 3750 simum
450 3699 516 3748 hene
546 3701 669 3750 orationis
699 3700 822 3750 formum:
859 3700 957 3762 Quem
986 3701 1047 3750 tibi
1077 3728 1107 3737 —
1137 3701 1259 3749 irarum
1290 3727 1321 3736 —

334 3793 477 3842 iudicem
497 3792 618 3843 ferent?
635 3793 802 3842 Neminem
821 3793 918 3857 fugio.
951 3794 1087 3859 Optionem
1103 3793 1212 3843 Pontius
1227 3793 1322 3842 some

333 3901 366 3934 no
393 3885 483 3934 iudicis
511 3887 571 3947 det3
596 3887 723 3936 neminem
748 3889 849 3952 excipit.
893 3887 994 3948 Quom
1023 3887 1138 3946 lerum,
1165 3887 1322 3939 neminem

334 3977 427 4039 fugio
451 3993 497 4041 pro
516 3993 564 4038 eo,
588 3979 656 4042 quod
682 3989 732 4029 est:
759 3993 850 4042 quem
879 3979 1002 4044 tugiam
1026 3995 1084 4030 neo
1103 3980 1193 4030 terre
1211 3979 1322 4042 velim,

333 4084 425 4118 nemo
444 4077 505 4129 ost,
523 4084 638 4134 perverse
658 4071 757 4119 dicitnr.
