2826 4650
637 291 670 344 ll

120 469 398 544 (insecutique),
432 471 486 538 56,
511 471 548 526 12
575 468 841 544 appellationis
863 488 987 542 causa,
1016 473 1052 529 in
1081 490 1184 547 quarn

122 552 173 650 (in
192 577 305 651 quod,
328 576 363 632 de
388 593 446 650 quo
468 575 533 632 loeo
555 573 651 631 dicam
670 573 850 652 separatim),
871 577 927 648 lv,
944 579 972 648 8,
996 581 1013 634 6
1035 577 1071 634 id
1090 577 1185 652 quod

120 693 209 741 tunc
236 692 315 740 erat
344 682 460 756 magis
488 680 736 739 necessarium
771 681 819 753 (id
853 683 949 756 quod
980 695 1064 741 tune
1097 692 1185 756 eret,
1254 682 1259 694 ’

120 790 241 866 magis
270 789 491 860 necessarii,
522 789 559 846 de
585 805 642 861 quo
664 786 729 844 loeo
752 786 863 845 dicetur
884 789 1059 864 separatim,
1092 789 1185 864 magis

121 896 211 953 etiam
233 895 315 954 dec.
340 900 367 964 1,
394 895 460 969 11),
486 896 537 965 13,
565 897 581 950 4
611 901 714 949 tanto
740 904 924 968 apparatu
945 895 1185 952 consiliorum

121 1011 155 1058 et
178 1001 415 1060 certaminum
438 1002 486 1075 (et
506 994 735 1076 certamine),
759 1001 807 1070 35,
832 1004 849 1058 6
873 1001 918 1058 ad
939 1019 1035 1076 spem
1060 1017 1184 1058 consu·

122 1108 223 1164 latus
252 1108 287 1164 in
315 1117 451 1182 partem
473 1105 716 1163 revocandam
750 1107 978 1179 (revocandi,
1005 1115 1037 1162 ut
1058 1107 1185 1164 seriben-

121 1214 191 1271 dnm
214 1231 279 1270 esse
300 1211 536 1288 demonstrabo),
561 1213 615 1281 37,
638 1212 655 1268 2
682 1210 856 1286 fatigatis
877 1211 1047 1270 Etruscis
1073 1213 1110 1268 in
1132 1230 1184 1270 so-

121 1320 298 1377 cietatem
328 1319 429 1404 urbis
454 1335 695 1394 agrorumque
726 1318 889 1393 acceptis
922 1319 1104 1394 (accepti),
1136 1321 1185 1389 49,

124 1429 157 1483 11
185 1425 316 1500 dignos
349 1425 438 1482 enim
473 1443 554 1482 esse
583 1426 642 1499 qui
671 1419 886 1500 (dignum)¹).
955 1425 1068 1483 Eodem
1097 1426 1184 1484 modo

121 1551 199 1608 saepe
240 1534 395 1590 verborum
438 1533 514 1606 (qnae
547 1531 736 1608 grammatice
773 1530 919 1606 dicuntur)
961 1549 1097 1589 numerus
1133 1533 1184 1589 ad-

121 1639 183 1696 dita
211 1639 379 1696 detractave
406 1639 502 1696 littere
527 1659 545 1702 ιι
574 1638 811 1696 accommodatur
838 1637 876 1693 ad
903 1638 1022 1695 verbum
1045 1639 1184 1709 vicinum3

120 1745 202 1804 velut
245 1747 301 1802 hoo
339 1763 436 1802 errore
475 1745 539 1814 ΙΙΙ,
581 1746 635 1816 40,
683 1747 698 1800 7
743 1743 881 1819 scriptum
920 1752 964 1802 est
1001 1746 1184 1816 haberent,

121 1851 340 1908 iudicabant
381 1869 434 1926 pro
476 1850 681 1920 iudicabat,
725 1868 784 1907 non
836 1859 914 1908 recte
961 1851 1184 1926 obsequentibus

121 1955 326 2013 recentissimis
357 1956 530 2027 editoribus,
563 1965 592 2013 et
619 1956 719 2012 eodem
742 1958 837 2032 eapite
868 1963 883 2026 5
909 1963 944 2015 10
975 1965 1184 2031 preessent,

118 2063 414 2121 controversiam
441 2061 604 2119 iecerint
632 2062 740 2133 (Med,
763 2065 848 2136 Pan,
870 2062 990 2136 Kloek.)
1017 2080 1071 2137 pro
1093 2061 1185 2120 fece·

118 2171 183 2240 rit,
205 2189 265 2226 uno
278 2179 416 2244 sequente
431 2167 623 2240 Alschefskio,
648 2179 677 2226 et
694 2171 743 2238 42,
769 2173 785 2225 5
807 2167 1038 2236 fefellerunt,
1060 2175 1184 2223 contu·

117 2275 246 2332 lerunt
267 2293 321 2350 pro
343 2275 568 2342 contulerat,
590 2273 682 2332 eidem
704 2277 869 2357 probatum,
891 2285 920 2331 et
943 2275 991 2344 49,
1015 2275 1032 2328 3
1055 2273 1084 2330 si
1106 2274 1184 2330 iure

117 2389 263 2456 ageret,
291 2413 323 2422 -
353 2381 517 2452 aiebant,
545 2379 574 2437 si
597 2380 671 2437 vim
694 2381 835 2440 afferre
857 2389 1100 2450 conarentur,
1129 2398 1183 2455 pro

118 2497 335 2555 conaretur,
361 2495 518 2557 retentum,
551 2487 629 2561 quod
657 2488 707 2544 vix
736 2489 853 2556 credas,
887 2487 973 2544 etism
997 2505 1015 2541 a
1036 2484 1183 2541 Weissen-

117 2594 226 2650 bornio
249 2602 278 2650 et
299 2587 460 2667 Hen2502).
529 2593 740 2664 Personarum,
763 2603 946 2669 temporum,
974 2592 1184 2663 modorumque

118 2699 341 2756 terminationes
369 2699 461 2774 magis
489 2717 561 2756 sono
583 2699 743 2775 litterisque
766 2701 907 2757 distinctae
930 2719 989 2756 non
1011 2707 1071 2754 tam
1093 2696 1183 2753 errori

118 2807 258 2864 obnoxie
280 2815 379 2872 eraut3
414 2805 550 2880 seriptum
582 2814 678 2863 tamen
709 2807 772 2877 IV,
798 2811 831 2878 4,
860 2809 877 2863 6
905 2824 949 2862 ne
969 2802 1183 2880 propinqui·

117 2913 267 2968 tatibus
289 2911 573 2982 immisceamur,
604 2923 758 2970 caveant
775 2933 829 2989 pro
852 2921 982 2970 cavent
1004 2911 1069 2985 (nee
1091 2908 1183 2966 reior-

118 3018 245 3076 midavit
267 3016 468 3074 Alschefskius
490 3018 601 3093 sequi),
626 3019 675 3076 Ill
697 3027 793 3076 autern
817 3021 871 3087 tt,
894 3021 912 3075 6
940 3016 1108 3092 peccetis
1129 3035 1183 3090 pro

116 3133 276 3199 peccate
307 3132 426 3198 propt-er
455 3123 653 3182 imitamini
689 3125 764 3182 mele
796 3123 980 3180 intellectum.
1052 3121 1184 3178 Tertium

118 3229 270 3305 quoddam
293 3229 461 3288 mendorum
483 3248 573 3305 genus
594 3249 611 3286 e
632 3230 731 3287 codiee
753 3231 910 3307 archetypo
934 3229 971 3286 ad
994 3245 1092 3285 omnes
1114 3246 1184 3303 pro-

137 3419 166 3485 ¹)
194 3423 225 3472 ln
244 3425 335 3473 eodem
353 3440 445 3502 genere
463 3441 515 3475 non
533 3427 622 3476 dubito
634 3441 728 3490 ponere
742 3426 788 3485 Ill,
808 3431 851 3485 48,
874 3431 899 3474 1:
918 3425 1088 3473 decemvir
1106 3424 1183 3474 alie·

194 3526 290 3565 natns
315 3517 354 3566 ed
381 3518 556 3568 libidinem
580 3520 703 3578 animo,
722 3521 778 3584 ipso
796 3520 930 3569 verborum
950 3519 1039 3568 ordine
1058 3526 1084 3566 et
1100 3518 1183 3566 verbis

194 3609 231 3656 ad
250 3609 426 3660 libidinem
448 3613 565 3661 mendum
585 3613 763 3676 arguentibus,
785 3615 853 3676 quod
875 3611 1019 3662 Gronovius
1037 3611 1108 3660 vidit.

136 3707 167 3776 ¹)
194 3713 270 3762 Prius
288 3715 392 3764 verbum
417 3718 638 3767 accommodatum
665 3727 705 3767 eet
729 3719 762 3766 ad
787 3718 913 3782 posterius
936 3716 1003 3776 Vll,
1022 3720 1069 3774 ts,
1089 3719 1104 3764 6
1124 3715 1184 3779 (es-

194 3815 282 3864 rent,
301 3809 482 3856 truduntur
499 3825 545 3873 pro
564 3811 672 3873 esset).
710 3810 753 3858 Ex
771 3811 861 3859 eodem
881 3825 974 3873 genere
992 3817 1042 3866 est,
1062 3809 1183 3858 adiuncto

193 3901 245 3949 alio
265 3914 366 3957 errore,
385 3901 453 3962 quod
472 3899 500 3957 I,
521 3906 560 3959 14,
579 3907 595 3950 4
614 3903 639 3950 iu
658 3904 736 3963 Med,
755 3903 824 3961 Par..
844 3903 916 3953 Lcid.
937 3911 1044 3964 utroque
1065 3901 1185 3951 scribitur

181 4001 370 4074 ¹venantur
387 3993 457 4054 agri
479 3995 562 4055 qnod
581 4004 628 4046 oet.
665 3995 729 4044 Nam
749 3997 820 4058 egri
839 3997 997 4046 nominativo
1016 4009 1077 4044 casu
1094 4009 1184 4060 aecep-

193 4097 246 4136 tnrn
266 4095 313 4136 est.
