2800 4646
587 281 647 340 273
948 278 1117 334 mexrv.

85 441 373 542 preterflnebal
394 465 564 534 AEe'arne3
586 465 715 540 procul
743 465 811 534 eis,
837 481 911 538 quae
932 465 1147 523 habitaban-

58 581 146 630 tur
182 573 233 646 (-
268 571 425 628 sedecim
457 570 558 628 milie
591 571 721 628 aberet
749 576 804 640 -J
844 571 879 628 in
913 572 999 628 urbe
1029 571 1147 629 nobili

87 676 259 752 templum
289 676 368 752 ipsa
397 679 484 736 urbe
515 685 597 736 erat
615 676 778 736 nobilius
814 677 972 735 Laciniae
994 676 1146 734 Iunonis

86 791 142 839 eet.
189 782 287 842 Unum
303 783 407 858 uliquis
422 784 522 841 mirari
535 785 635 860 possit,
657 783 735 860 quod
757 780 791 838 in
815 783 902 840 urbe
924 782 1037 840 dicetur
1058 782 1147 840 fuisse

85 888 227 964 templum
262 897 323 946 tem
349 900 502 948 remotum.
563 889 621 949 Sed
653 899 766 948 veteres
796 906 872 964 saepe
906 889 996 946 multo
1029 889 1147 946 latiores

87 1015 178 1070 qoam
200 1014 254 1054 nos
276 997 389 1054 urbium
407 997 478 1054 lines
500 995 597 1052 enimc
619 995 911 1072 comprehendebant,
933 1014 997 1071 quae
1017 995 1047 1053 in
1069 996 1146 1072 agris

86 1101 204 1159 urbium
232 1111 314 1158 erant
343 1101 460 1177 publica
491 1120 634 1176 secreque
657 1101 787 1170 aedilicie,
817 1101 937 1159 urbibus
958 1101 1028 1178 ipsis
1054 1101 1147 1159 adnu-
1198 1153 1201 1165 ,

87 1217 243 1264 morantes.
287 1207 392 1282 Itaque
415 1195 492 1283 quod
517 1195 556 1268 ἐν
579 1203 621 1290 τῇ
645 1197 892 1287 Κροέωνιάτιδι
915 1217 979 1264 erat
1000 1208 1147 1284 templum,

88 1313 200 1383 Livius,
222 1316 316 1390 figure
337 1314 476 1371 orationis
497 1315 638 1372 invitante
673 1314 719 1386 (in
749 1315 837 1372 urbe
859 1314 937 1371 nob.
959 1314 1040 1388 ipse
1061 1315 1148 1370 urbe

88 1419 271 1490 nobilius)
293 1420 323 1478 in
344 1420 416 1478 urbe
437 1419 527 1478 fuisse
548 1421 629 1478 dixit.
675 1423 783 1478 Arcem
800 1421 900 1478 Livius
921 1428 988 1502 poet
1009 1419 1147 1495 templum

88 1526 212 1582 demumv
239 1505 375 1583 describit
406 1523 433 1606 (b
465 1527 506 1600 8).
563 1527 658 1584 Paulo
691 1536 757 1602 post
791 1516 823 1597 (ξ
868 1523 882 1602 )
915 1526 1022 1583 omisso
1057 1526 1147 1583 verbo

87 1631 235 1708 egressi·
263 1633 355 1706 (quod
381 1633 405 1690 ei
435 1652 533 1691 verum
557 1645 647 1704 esset,
676 1633 840 1690 necessario
865 1632 1055 1690 adiiciendum
1085 1639 1149 1688 eret

88 1735 215 1812 mene),
236 1738 372 1796 ecodicie
387 1740 517 1816 vestigiis
539 1741 822 1816 (separatimque
844 1737 1011 1815 egressui
1033 1737 1147 1796 euius‘·

88 1860 157 1916 qne
179 1842 463 1914 cet)·eiliciendum:
485 1847 759 1923 separatimque
787 1863 920 1921 greges
947 1844 1002 1901 sni
1032 1843 1148 1902 cuius·

89 1967 158 2023 que
179 1950 452 2024 generienocte
473 1955 687 2010 remeabant
709 1963 763 2010 cet.
811 1953 888 2010 Tum
911 1956 925 2022 ξ
949 1955 964 2008 7
990 1951 1019 2008 in
1041 1950 1148 2008 codicis

88 2054 115 2112 P
137 2054 234 2130 prime
246 2055 402 2132 scriptura:
426 2057 530 2115 cuiue
552 2058 710 2116 cinerem
732 2057 833 2115 nullo
855 2076 1010 2132 unquam
1033 2077 1148 2114 moue·

89 2161 357 2220 uentoeedaros
385 2173 439 2222 cet.
471 2173 594 2240 apparet
619 2164 713 2222 inesse
736 2163 806 2222 illud
827 2165 939 2240 ipsum,
964 2163 1042 2238 quod
1069 2163 1148 2222 Gro-

88 2265 194 2322 novius
223 2267 360 2325 restitnit:
392 2270 491 2327 nullo
519 2289 673 2344 unquam
705 2267 875 2348 move[ri]
906 2278 1021 2328 vento.
1074 2269 1147 2328 Sed

87 2389 155 2428 arx
174 2381 246 2442 cet,
267 2391 335 2444 non,
359 2375 437 2449 quod
458 2395 550 2451 nuper
572 2385 740 2434 revocatum
763 2389 819 2433 est:
849 2376 970 2434 nullus
993 2394 1148 2450 unqusm

88 2487 234 2534 moveat
255 2489 392 2540 ventus.
441 2480 513 2540 Sed
536 2501 603 2539 erx
625 2491 679 2540 cet.
726 2483 881 2540 Postremo
914 2487 990 2552 §15
1023 2482 1148 2539 scriben-

87 2583 158 2640 dum
182 2593 239 2641 eet:
260 2585 351 2643 Nem
373 2588 439 2662 (pro
461 2588 542 2661 iem)
565 2590 632 2646 hoc
654 2597 691 2646 ut
712 2587 782 2646 sibi
803 2587 949 2658 liceret,
980 2589 1148 2664 impetre-

87 2699 224 2748 verent
244 2691 276 2748 ei
299 2693 482 2767 (Locrenses,
505 2714 559 2771 pro
582 2693 629 2771 et)
659 2696 702 2752 ab
725 2694 934 2752 Hannibale
962 2693 1083 2752 missia
1106 2693 1148 2749 ed

88 2796 157 2852 boe
185 2795 303 2872 iprum
334 2798 480 2876 legetis.
547 2801 636 2870 (Iam
664 2802 759 2859 locum
789 2801 909 2858 heberet
943 2800 1074 2858 cretione
1108 2799 1150 2857 sic

87 2899 287 2960 conformate:
308 2904 397 2962 Nem
419 2906 485 2963 hoc
508 2907 577 2963 iem
599 2915 683 2964 ente
710 2902 816 2982 cet.)¹)

174 3005 247 3084 Cap.
274 3013 301 3081 5,
326 3014 356 3068 l=
389 3010 460 3068 Vix
490 3011 632 3087 quidem
663 3013 729 3069 ulli
758 3014 855 3082 bono
887 3013 1150 3088 moderatoque

109 3339 136 3406 ¹)
162 3341 226 3408 Cap.
246 3351 270 3404 4,
290 3351 304 3394 5
322 3345 365 3394 W.
386 3348 478 3396 edidit:
496 3347 649 3396 iuvenem
668 3347 738 3396 suis
756 3347 966 3411 potissimum
989 3346 1150 3408 vestigiis

162 3437 321 3486 insistere
340 3438 467 3488 vellent
492 3439 683 3504 discipline
709 3439 754 3503 (P,
777 3439 857 3502 vulgo
876 3439 1150 3502 disciplineque),

161 3530 195 3577 in
218 3543 280 3592 que
304 3531 444 3580 ednotus
469 3541 564 3584 earet.
604 3533 752 3595 Asyndeton
776 3532 802 3580 in
819 3531 867 3590 bac
887 3531 975 3580 sedata
994 3531 1108 3580 oratione
1126 3539 1152 3579 ct

162 3621 188 3669 in
208 3623 388 3672 coniunctione
416 3623 587 3673 membrorum
615 3625 779 3687 inaequalium
803 3623 879 3672 verbo
906 3623 1054 3686 interposito
1078 3637 1152 3687 sepa·

162 3725 275 3764 rarorum
294 3723 383 3765 contre
402 3715 526 3764 sermonis
545 3727 662 3766 naturam
682 3725 774 3767 temere
792 3717 908 3780 tingitur;
926 3716 1022 3765 excidit
1045 3723 1152 3779 etpost

161 3815 194 3855 nt
214 3805 274 3870 (vid.
293 3807 325 3856 ad
343 3807 377 3866 X,
399 3813 440 3868 ui,
454 3809 494 3872 6).
535 3809 595 3859 Non
613 3811 701 3875 paucis
725 3809 789 3860 locis
807 3810 932 3873 asyndete
948 3808 1107 3858 incredibilia
1125 3809 1151 3856 in

162 3900 227 3949 Livii
245 3900 387 3949 orationem
406 3901 480 3951 illata
497 3912 556 3952 sunt
579 3913 682 3968 propter
700 3917 797 3952 errores
815 3903 925 3961 codicis,
955 3901 998 3966 qui
1022 3901 1081 3950 aubi
1105 3915 1150 3950 uc-

163 3994 275 4042 cesssrio
296 3995 470 4055 corrigentem
490 3996 639 4058 conquirere
654 4011 686 4045 es
704 3995 872 4058 superredeo;
899 3993 1018 4058 exemplo
1037 4008 1088 4043 rem
1106 4009 1152 4043 no-

163 4087 266 4134 tendam
287 4087 382 4150 putavi.

147 4192 283 4232 ainricus
285 4205 361 4232 ιιιιιι
368 4193 423 4232 ιω.
922 4205 953 4250 18
