2826 4650
736 266 772 320 16

224 446 408 522 (quoque),
430 445 484 511 IV,
508 449 557 515 21,
581 449 596 502 1
623 451 698 510 (aut
720 445 880 520 oppido),
906 447 985 516 51,3
1010 445 1176 522 (populi),
1200 449 1283 516 60,3

224 547 431 628 (patribus),
456 552 555 620 V,25,
575 551 594 607 8
616 552 689 624 (et),
713 554 761 622 53,
782 554 799 608 5
823 549 973 628 (quam),
996 552 1051 623 VI,
1065 556 1125 623 115
1149 552 1285 625 (volun-

224 657 365 734 tarios),
388 657 447 714 ibd.
471 660 488 714 8
511 657 770 731 (dictatorem),
794 663 844 728 17,
868 645 885 714 2
909 659 1138 734 (populares,
1162 659 1212 716 ubi
1235 658 1286 714 elii

224 782 312 821 suos
339 763 402 820 tolli
430 763 608 836 voluerant),
637 765 690 832 20,
720 766 737 822 8
769 760 1000 841 (produxit),
1036 766 1129 834 VIII,
1165 767 1214 834 12,
1248 770 1284 822 15

225 867 382 949 (ventum
405 867 480 944 sit),
506 868 568 938 IX,
594 870 644 938 18,
676 874 708 926 11
737 868 825 944 (cum
847 868 1022 946 fortuna),
1050 873 1100 940 19,
1128 875 1164 928 15
1187 867 1286 947 (nun-

225 997 327 1053 quam
351 977 395 1033 eb
417 975 538 1050 equite
558 975 697 1046 hoste),
721 967 779 1043 31,
808 979 822 1030 7
848 973 983 1051 (pers),
1021 979 1073 1044 11,
1100 981 1112 1033 1
1139 973 1287 1053 (datur),

226 1084 267 1154 Χ,
293 1087 321 1146 d,
345 1085 361 1139 3
385 1084 433 1156 (11
455 1112 492 1122 -
516 1078 700 1156 deducta),
727 1083 772 1148 10,
799 1082 816 1136 ‘1
840 1082 998 1155 (muros),
1025 1084 1109 1151 33‚t
1136 1082 1286 1157 (egunt),

228 1192 282 1260 13,
320 1191 355 1246 13
387 1185 607 1262 (conspecti).
650 1187 739 1243 Recte
767 1195 863 1242 autem
893 1206 940 1243 me
967 1189 1022 1245 hec
1044 1189 1216 1246 emendandi
1237 1189 1287 1245 vie

226 1297 302 1353 inter
323 1304 432 1351 ceteras
453 1311 536 1350 usum
558 1309 621 1349 esse
643 1309 736 1365 neque
765 1291 794 1348 in
825 1311 861 1348 ee
889 1293 979 1350 ullam
1000 1311 1063 1350 esse
1085 1294 1287 1366 temeritatem,

228 1401 365 1468 declarat,
386 1411 418 1457 ut
442 1400 501 1456 iarn
524 1398 700 1474 significavi,
737 1398 814 1472 quod
845 1399 936 1456 multe
956 1399 986 1455 in
1008 1399 1107 1456 codice
1128 1400 1286 1474 archetypo

231 1509 304 1566 Livii
325 1508 421 1565 verbis
446 1503 653 1581 interpretandi
675 1523 764 1560 causa
785 1513 814 1560 et
835 1523 923 1580 supra
944 1505 1052 1580 scripte
1082 1516 1110 1561 et
1138 1505 1287 1562 inordina

229 1615 375 1690 adscripta
403 1611 491 1670 fuisse
526 1620 555 1668 et
585 1609 651 1667 inde
689 1610 718 1666 in
746 1619 861 1667 nostros
892 1610 1004 1667 codices
1035 1620 1084 1667 111
1110 1629 1210 1668 omnes
1237 1621 1288 1666 aut

229 1722 335 1779 multos
362 1718 516 1786 transisse,
546 1716 575 1772 iu
599 1735 657 1772 uno
682 1735 786 1790 genere
808 1715 881 1772 adeo
905 1725 949 1772 est
969 1716 1150 1790 perspicuum
1172 1727 1200 1774 et
1224 1735 1287 1772 ma·

230 1828 379 1898 uilestum,
407 1837 455 1895 ut,
484 1841 659 1897 quamquem
682 1821 1288 1896 111111111111111111111111111111-

230 1941 329 2008 specte
351 1941 408 2002 est,
439 1939 537 1987 temen
566 1929 631 2004 ipsa
652 1927 849 1984 additamenta
870 1927 1003 1984 convicta
1026 1928 1084 1984 iam
1106 1929 1163 1984 sint
1187 1937 1216 1986 11
1237 1947 1289 1984 ex·

230 2038 322 2114 pulso.
370 2037 431 2093 Eos
453 2035 517 2092 dico
539 2036 638 2105 locos,
668 2035 697 2090 in
730 2035 833 2109 quibus
862 2033 1005 2108 duplicem
1026 2033 1196 2108 scripturam
1219 2034 1289 2090 111111

231 2143 413 2201 coniunctam
441 2139 529 2198 fuisse
564 2141 688 2198 editores
718 2140 845 2198 iudicent
878 2151 907 2197 11
938 2149 988 2196 111
1019 2149 1171 2214 utramque
1203 2140 1290 2196 simul

230 2259 280 2306 aot
300 2248 457 2324 separatim
478 2265 531 2322 per
551 2264 619 2304 suos
641 2265 785 2321 quamquo
810 2247 923 2303 codices
947 2255 1149 2321 propagatam.
1207 2247 1287 2303 Nam

229 2375 406 2431 quemquam
439 2353 591 2427 aliquoties
619 2353 762 2410 scribendi
788 2371 869 2409 error
890 2361 1057 2424 tentataque
1083 2353 1222 2410 correctio
1244 2353 1289 2410 in·

229 2462 361 2532 terserit,
385 2469 483 2518 tamen
503 2476 562 2515 non
584 2458 678 2514 minus
700 2477 776 2533 saepo
797 2477 849 2527 ea,
873 2475 936 2531 quae
958 2455 1065 2530 duplex
1085 2457 1227 2532 scriptura
1244 2459 1290 2516 di·

230 2569 320 2638 citur,
347 2566 418 2624 nihil
440 2566 518 2623 eliud
540 2573 584 2622 est
603 2563 659 2620 nisi
679 2582 739 2620 vox
763 2563 800 2620 ed
820 2562 896 2620 Livii
918 2562 1037 2637 ailquod
1057 2563 1178 2620 verbum
1200 2565 1289 2622 inter·

229 2673 400 2749 pretendum
422 2691 511 2748 supm
529 2670 654 2745 scripta,
680 2670 783 2726 deiude
805 2669 846 2726 illi
866 2670 958 2726 verbo
980 2669 1094 2744 inipso
1117 2671 1217 2728 ordine
1236 2671 1290 2728 ad-

230 2779 346 2854 scripta.
404 2777 483 2835 Nam
503 2777 532 2833 in
553 2777 627 2833 libro
649 2776 698 2846 X,
718 2778 766 2846 37,
794 2778 827 2832 15
851 2794 938 2849 quum
961 2775 991 2831 in
1013 2775 1112 2832 codice
1131 2778 1289 2854 archetypo

617 2891 782 2938 secretus

232 2976 307 3026 esset
332 2967 435 3023 locus
457 2965 595 3039 templo
617 2963 773 3034 effatus,
800 2983 889 3040 sopra
918 2964 1027 3040 scripto
1057 2965 1176 3022 rarioris
1208 2967 1291 3024 verbi

231 3071 448 3148 significationis
469 3071 733 3148 interpretamento,
765 3072 831 3129 hinc
853 3072 883 3129 iu
905 3071 1004 3128 codice
1026 3070 1157 3128 Mediceo
1180 3070 1289 3130 factum

232 3189 276 3238 est
296 3179 396 3236 locus
418 3177 554 3253 templo
579 3187 744 3236 secretus
767 3177 918 3247 effetus,
942 3177 972 3234 ia
992 3175 1073 3238 Laid.
1093 3177 1187 3252 primo
1211 3178 1290 3235 eliis·

232 3305 288 3362 que
310 3286 413 3342 locus
435 3282 570 3356 templo
598 3281 739 3343 effatus
766 3293 948 3351 sacratum
980 3283 1009 3339 iu
1037 3283 1164 3340 eiusdem
1193 3294 1291 3342 eutem

231 3391 296 3448 libri
318 3407 344 3450 c.
369 3391 424 3460 32,
448 3394 464 3447 4
489 3408 575 3462 quum
598 3389 640 3446 sic
662 3391 761 3448 Livius
783 3390 959 3465 scripsisset:
988 3387 1048 3446 ubi
1076 3399 1111 3446 et
1139 3400 1290 3448 vastare

232 3497 302 3573 ipsi
334 3495 549 3555 Samnitium
588 3515 710 3571 agrum
753 3496 1038 3572 prohiberentur
1084 3503 1116 3552 et
1160 3497 1290 3570 egredi

232 3602 313 3659 inde
342 3601 376 3658 in
408 3611 540 3677 pacata
569 3602 826 3678 sociorumque
858 3601 985 3677 populi
1014 3601 1166 3659 Romani
1196 3601 1290 3659 fines

234 3707 430 3767 Samnitem
451 3702 743 3784 prohiberent¹),
764 3705 827 3778 fuit,
850 3707 899 3781 qui
920 3707 1002 3765 elteri
1025 3707 1114 3764 verbo
1139 3705 1290 3782 (egredi)

253 3871 278 3940 ¹)
306 3875 449 3940 1111111111
468 3883 493 3924 11
510 3874 587 3939 puolo
607 3884 665 3925 autc
684 3889 856 3938 regressos
876 3888 960 3924 errore
985 3883 1046 3923 uste
1065 3882 1130 3924 suut.
1180 3874 1210 3924 In
1229 3873 1290 3939 ipsis

304 3969 419 4019 confiniis
446 3967 543 4017 Samnii
573 3978 599 4017 et
627 3968 775 4032 campanie
803 3967 960 4018 Samnitibus
991 3967 1102 4017 Romani
1130 3975 1291 4016 occurrentes

303 4063 388 4124 egredi
408 4061 466 4110 illos
485 4063 536 4110 suis
554 4063 648 4112 tinibus
666 4061 844 4127 prohibebant,
864 4076 914 4110 uon
933 4061 1040 4122 regredi.
