2800 4646
587 281 643 338 391
948 277 1004 326 Lib.
1018 276 1144 329 xxxm.

87 463 232 540 separatis
262 463 292 520 id
324 462 493 520 beneficium
525 462 726 540 prestiterant.
778 461 961 520 Hominibus
995 470 1091 520 autem
1116 461 1146 519 id

87 578 251 646 praestatur,
273 587 331 627 nou
354 569 447 645 (apud
459 569 562 627 Latine
571 568 734 646 loquentes)
756 569 849 638 terris,
872 568 950 643 quod
972 567 1001 624 in
1026 568 1146 644 vulgata

87 674 232 751 scripture
247 673 298 749 (ex
312 675 379 733 edit.
394 675 488 750 Mog.)
504 675 621 733 dicitnr:
643 675 753 732 terris
775 674 978 732 continenti
999 673 1146 733 iunctis.

87 782 194 856 Neque
221 781 296 840 euim
327 781 405 857 apud
426 781 547 838 Latinos
569 789 628 838 tam
650 780 739 838 libere
761 797 848 854 quam
882 779 960 855 apud
988 798 1041 837 uos
1062 789 1147 838 terren

86 907 142 964 pro
164 887 279 964 populis
300 881 511 954 dicebantur.¹)

172 993 245 1071 Cap.
269 997 318 1064 at,
341 996 358 1052 3
383 993 425 1070 (in
448 993 663 1050 condicionibus
689 1011 709 1050 a
730 992 767 1048 Τ.
791 990 927 1064 Quinctio
954 991 1038 1049 dictis
1060 992 1145 1048 Auti-

86 1101 154 1160 ochi
181 1101 258 1177 regis
287 1099 419 1176 legatisi:
450 1099 657 1156 abstineret
691 1097 880 1170 (Antiochus)
910 1096 1038 1154 liberis
1060 1098 1145 1155 civi·

85 1207 230 1264 tatibus
248 1227 290 1264 ns
311 1223 464 1280 unquam
486 1205 691 1262 lacesseret
712 1203 830 1262 armis.
885 1201 934 1260 Sic
955 1203 981 1260 B
1000 1203 1081 1276 (uam
1101 1203 1145 1262 ed.

86 1313 169 1388 Meg.
191 1312 281 1370 multa
301 1313 348 1370 hic
368 1312 460 1370 verba
480 1309 614 1382 omittit),
645 1326 682 1365 ex
706 1325 764 1382 quo
786 1307 936 1366 Behherua
957 1309 1033 1380 iecit,
1055 1311 1145 1386 gemi-

85 1427 158 1476 nata
184 1418 293 1476 littera:
322 1437 387 1474 neu
419 1435 587 1492 unquam,
617 1414 704 1489 idque
733 1413 920 1490 Kreyssigius
949 1424 977 1472 et
997 1415 1145 1474 Weisseu·
1224 1439 1228 1444 ·

85 1523 205 1582 bornius
226 1532 387 1584 tenuerunt.
437 1522 495 1582 Sed
517 1539 670 1597 uuquam
693 1522 731 1578 ah
753 1522 809 1578 hac
828 1519 924 1578 forma
945 1520 1143 1578 condicionum

83 1628 362 1708 praescribendamm
384 1629 413 1686 in
443 1628 569 1686 vetando
588 1645 646 1684 nou
668 1627 761 1685 miuus
783 1627 909 1684 alienum
931 1636 983 1696 eet,
1011 1645 1098 1702 quam
1120 1627 1145 1683 si

84 1735 115 1792 in
146 1735 291 1792 contrario
320 1734 437 1792 iubendi
471 1753 576 1810 genere
609 1733 701 1791 addas
728 1723 875 1809 semper
904 1731 1143 1809 (abstineret).

83 1840 276 1898 Detrahenda
291 1841 460 1898 eratiittera
479 1843 533 1916 (ι),
553 1851 584 1898 ut
599 1841 693 1898 fleret:
718 1858 783 1897 neu
806 1857 909 1914 quam
932 1839 1143 1898 lacesseret.

82 1945 227 2022 Polybius
260 1947 394 2016 (xvia,
417 1950 455 2004 30
477 1947 566 2022 inan:
597 1935 730 2008 πόλεων
758 1943 822 2026 μιν
851 1941 919 2005 aaa
941 1931 1144 2023 αὐτονόμων

82 2041 275 2132 α’πίχεσθαι
288 2049 342 2114 καὶ
354 2048 484 2132 μηδένα
498 2058 566 2121 (scr.
578 2072 642 2110 cum
660 2051 779 2110 Reishio
792 2047 957 2132 μηδεμιᾷ)
970 2049 1143 2130 πολεμεῖν.

80 2157 181 2216 Paulo
211 2156 289 2214 infra
315 2160 342 2230 (ξ
366 2154 417 2236 h),
445 2159 495 2216 nbi
525 2160 621 2235 agitur
650 2158 686 2216 de
710 2166 852 2215 conventu
875 2157 996 2217 Graeciae
1016 2157 1144 2232 gentium

80 2263 301 2338 civitatumque,
322 2263 416 2322 editur
438 2283 513 2322 nunc
535 2284 551 2322 c
573 2265 613 2322 B:
641 2283 756 2339 eoque
784 2263 962 2321 maturius
990 2281 1140 2338 perage·

80 2371 204 2440 hatur,
240 2369 334 2444 quod
374 2370 526 2428 decreto
567 2371 688 2428 decern
727 2370 932 2445 legatorum
968 2367 1140 2426 civitates

81 2475 297 2533 nominatim
319 2477 672 2550 pronuntiabantur;
702 2484 789 2532 antea
809 2493 846 2532 ex
868 2474 912 2532 ed.
934 2475 1016 2549 Mog.
1039 2473 1142 2530 retine-

80 2580 183 2637 batur:
223 2581 374 2638 decreta
403 2582 431 2639 d.
463 2582 481 2639 l.
513 2584 687 2642 civitates
716 2600 804 2638 nom.
844 2580 1142 2656 pronuntiabant.

80 2684 144 2746 Sed
165 2687 236 2744 nihil
256 2697 300 2744 est
321 2687 493 2746 civitates
514 2689 768 2765 pronuntiare3
799 2695 875 2744 esset
895 2686 1015 2762 aliquid,
1042 2687 1067 2744 si
1089 2685 1142 2742 ad-

79 2791 211 2849 deretur:
235 2811 309 2868 ques
331 2793 458 2852 liberte
480 2803 615 2864 essent,
643 2813 720 2869 qun
741 2793 827 2851 aliis
848 2793 1144 2852 attribuerentur

80 2898 309 2955 dareutnrve
331 2908 382 2958 aut
402 2901 543 2958 eiusmodi
558 2899 675 2975 aliquid.
722 2901 812 2957 Recte
828 2897 991 2966 Creverius,
1014 2899 1142 2956 nondum

80 3002 201 3078 cognita
211 3003 355 3062 codicisB
371 3007 523 3083 scriptura,
538 3005 651 3063 viderat
672 3005 854 3064 scribendum
874 3024 951 3064 esse:
970 3006 1063 3080 quod
1085 3004 1142 3062 de-

79 3117 184 3168 creta
210 3110 330 3168 decem
354 3110 559 3186 legatorum
580 3113 616 3173 Ιιι
635 3109 811 3170 civitatee
826 3111 1042 3170 nominatim
1064 3131 1143 3188 pro·

79 3216 357 3274 nuntiabantur.
385 3217 623 3292 Praepositioneru
636 3217 733 3275 hausit
742 3218 908 3293 praecedens
926 3217 1022 3276 littera
1032 3237 1059 3279 ιιι
1071 3215 1141 3290 (vid.

79 3323 120 3380 ad
132 3322 256 3392 XXIII,
266 3324 294 3392 9,
305 3323 322 3378 2
332 3333 360 3380 et
370 3323 490 3394 XXIV,
502 3327 529 3394 7,
539 3327 554 3380 4
566 3344 594 3400 p.
605 3325 663 3381 274
677 3321 762 3400 not).
794 3323 861 3381 Hoc
876 3323 976 3380 Livius
991 3322 1141 3398 significat,

80 3428 223 3486 maturius
239 3438 387 3504 peractum
406 3447 469 3486 esse
488 3439 670 3501 conventum,
688 3427 766 3503 quod
777 3446 835 3484 nou
854 3427 1012 3502 generatim
1024 3428 1102 3503 leges
1124 3445 1142 3484 a

78 3533 186 3610 legatis
197 3533 280 3590 dictae
296 3534 363 3603 sint,
380 3534 416 3591 de
435 3534 539 3609 quihus
550 3545 653 3611 postea
669 3535 706 3592 ad
717 3533 895 3608 singularum
912 3533 1060 3592 ciuitatum
1073 3553 1141 3592 cou-

79 3639 225 3697 dicionem
239 3649 269 3696 et
286 3639 390 3710 merita
401 3641 656 3698 accommodandis
667 3640 886 3715 disceptaretur,
911 3639 961 3698 sed
972 3639 1141 3698 nominatim

79 3744 119 3802 de
139 3743 259 3820 singuiis
277 3745 494 3820 pronuntiatum
513 3747 558 3804 sit
592 3747 715 3804 Poterat
733 3745 834 3803 Livius
853 3745 950 3804 verim
969 3755 999 3804 et
1014 3746 1142 3823 apertius

80 3945 282 3956 ——1-—.-

98 4073 125 4140 ι)
146 4078 261 4129 Aberrat
279 4078 320 4130 W.
339 4082 416 4130 ctiam
434 4081 460 4130 iu
479 4081 560 4130 altera
577 4081 697 4135 editione.
