2822 4648
601 295 656 350 157
994 293 1052 341 Lib.
1062 291 1134 342 v111.

82 473 238 534 Corvinus
258 476 343 544 dixit,
370 483 400 530 et
419 473 536 532 uberius
557 469 731 532 declaratur.
776 475 823 532 Ex
848 493 885 532 ea
905 467 1003 532 autem
1017 477 1162 551 particula

84 581 147 638 usis
169 581 270 638 littera
290 581 445 648 detracta,
477 587 595 637 emetur
615 580 663 650 id,
695 580 772 655 quod
801 580 1008 652 desideramus,
1029 584 1160 653 verbum,

84 686 207 744 sublato
229 686 316 742 simul
338 693 385 755 ut,
408 684 487 759 quod
510 685 675 761 Heusinger
696 685 759 742 tolli
779 685 872 743 voluit
894 687 1029 762 quodque
1051 706 1087 744 ex
1109 705 1160 744 ex·

84 794 184 850 trema
208 791 325 866 syllaba
345 789 428 846 verbi
449 797 600 864 geretur
621 795 718 848 ortum
741 799 800 848 est:
824 792 958 850 Eodem
980 801 1157 850 tenore-

84 898 164 954 brec
184 896 393 972 imperiosa
415 894 778 971 dictaturageretur3
800 915 916 971 neque
931 897 966 962 in
981 898 1048 954 hos
1064 915 1159 954 meos

85 1013 125 1060 et
147 1001 286 1078 patries
307 1019 389 1059 mess
419 1000 556 1058 milites
589 1001 714 1058 mitior
736 1021 840 1078 quem
872 1003 907 1059 in
929 997 1159 1080 vos(borreo

84 1107 226 1182 dicare)
250 1109 377 1165 hostes
400 1125 472 1168 ers.
520 1100 596 1163 Vos
618 1106 720 1181 prius
743 1107 778 1164 in
800 1126 851 1164 ma
873 1117 927 1170 cet.

525 1453 603 1528 Lib.
631 1414 730 1528 v111.

176 1638 251 1714 Cep.
274 1641 302 1709 2,
325 1643 342 1696 5
366 1645 538 1715 (postquam
560 1641 597 1699 de
619 1641 738 1700 loedere
761 1641 836 1699 inter
858 1643 1008 1699 Romanos
1031 1651 1059 1698 et
1075 1642 1159 1701 Sam-

86 1746 167 1804 nites
189 1745 248 1804 icto
269 1753 420 1802 narratum
444 1755 514 1816 esti:
545 1746 729 1806 Samnites
759 1747 877 1822 copiis
898 1746 1049 1820 iisdem,
1072 1748 1159 1822 qui-

88 1849 158 1908 bus
189 1852 241 1908 usi
270 1850 453 1908 adversus
475 1851 672 1909 Romanum
708 1852 841 1910 bellum
875 1851 1036 1923 fuerant,
1071 1871 1158 1909 con·

88 1967 150 2014 tra
178 1957 364 2016 Sidicinos
400 1955 561 2032 profecti
601 1966 653 2018 etc.
706 1957 802 2016 Nullis
837 1957 982 2016 Samnites
1016 1959 1158 2016 adversus

87 2063 244 2122 Romanos
266 2079 334 2119 usos
357 2079 421 2119 esse
442 2063 549 2138 copiis,
570 2064 672 2121 Livius
694 2064 782 2139 paulo
806 2073 873 2120 ante
895 2065 932 2137 (c.
957 2064 987 2138 1)
1010 2063 1159 2138 apertissi-

88 2165 147 2224 mis
164 2167 263 2224 verbis
286 2167 360 2225 dixit
381 2167 466 2240 (non
490 2179 617 2228 castra
640 2169 876 2238 Samnitium,
897 2187 966 2226 non
994 2168 1158 2244 legiones

90 2289 245 2346 usquam
267 2274 479 2348 oppositae);
501 2293 604 2350 pacem
626 2275 772 2336 Samnites
793 2293 846 2349 per
866 2273 978 2349 legatos
1002 2282 1028 2330 st
1050 2293 1068 2330 a
1089 2291 1158 2330 con-

89 2377 156 2435 suls
178 2387 208 2434 et
228 2397 247 2434 a
269 2388 371 2435 senatu
394 2380 510 2454 petisse.
568 2377 743 2436 Habuerunt
763 2389 861 2436 tamen
890 2379 1046 2436 exercitum
1071 2397 1157 2454 para·

92 2491 170 2552 tum,
197 2499 271 2556 quo,
294 2484 319 2540 si
340 2502 401 2559 pax
422 2493 530 2559 negate
553 2491 644 2555 esset,
666 2493 821 2544 uterentur.
873 2487 978 2559 Itaque
999 2483 1085 2541 valde
1108 2502 1156 2540 su·

90 2589 199 2664 spicer,
224 2587 341 2646 Livium
363 2589 527 2664 scripsisse:
545 2587 681 2664 quibus
708 2589 811 2646 usuri
833 2589 1010 2646 adversus
1030 2590 1157 2645 Roma-

89 2711 176 2749 num
198 2690 334 2751 bellum
356 2693 512 2754 luerent.
555 2695 652 2752 Etiam
674 2695 703 2751 in
729 2693 948 2752 vindobonensi
961 2692 1037 2750 Livii
1059 2693 1158 2751 codice

90 2796 249 2870 aliquoties
269 2815 323 2871 pro
344 2800 476 2876 lonm'ore
505 2799 593 2858 laturi
620 2797 765 2876 participii
789 2798 885 2856 lorma
906 2799 1068 2856 breviorem
1090 2817 1158 2875 per-

90 2901 163 2960 fecti
184 2902 370 2961 substitutam
393 2923 465 2976 esse,
487 2907 725 2963 commemorabo
746 2905 784 2962 ed
807 2905 908 2976 XLlI,
931 2907 980 2976 25,
1004 2900 1066 2978 ίι’)

179 3005 252 3082 Cap.
278 3013 307 3079 4,
331 3011 347 3066 3
387 3010 428 3084 (in
460 3012 592 3068 oratione
613 3011 704 3069 Annii
726 3009 816 3070 Setini
844 3011 975 3086 pratoris
998 3010 1077 3086 apud
1099 2993 1157 3068 La·

89 3193 216 3202 ----—
238 3195 245 3198 -
267 3194 292 3200 —·

109 3325 136 3391 ¹)
164 3328 180 3390 ς
201 3334 233 3377 10
252 3341 313 3377 vers
331 3337 371 3378 est
387 3327 503 3388 Deberi,
523 3331 665 3380 cautissimi
684 3331 808 3390 hominis,
828 3332 975 3380 coniectura
996 3333 1156 3395 reponentisr

165 3428 198 3468 at
225 3421 310 3470 satis
340 3421 656 3474 ducerentiiomani
691 3423 870 3473 victoriam
900 3423 1103 3474 samnitibus
1122 3447 1156 3462 -

165 3513 335 3576 eripuisse
353 3527 401 3577 pro
420 3528 458 3574 co,
478 3515 548 3577 quod
566 3515 593 3564 in
612 3516 743 3566 codicibus
762 3523 815 3564 est:
830 3514 1050 3576 -victoriam,
1065 3530 1157 3580 quam

166 3605 416 3656 Samnitibus-
440 3607 663 3672 eripuissem
693 3623 753 3658 nem
781 3622 864 3672 neque
889 3607 972 3658 satis
990 3609 1072 3658 duco
1094 3609 1156 3658 vic·

166 3696 283 3744 teriam
302 3695 423 3750 Latinum
447 3706 485 3748 est
512 3712 595 3762 neque
621 3700 700 3748 ullam
726 3701 857 3750 victoriam
877 3700 986 3750 Romani
1012 3701 1060 3765 ipsi
1079 3701 1156 3751 hebe-

165 3788 236 3848 bant,
256 3803 307 3851 qua
326 3791 438 3839 contenti
458 3799 548 3848 essent,
568 3791 613 3839 sed
633 3792 745 3841 victoris
763 3793 926 3858 ereptionem.
966 3791 1033 3841 Setis
1052 3792 1082 3841 iis
1101 3807 1156 3843 csso

165 3880 296 3932 Samnites
314 3881 442 3941 volebant,
461 3880 584 3943 effecisse,
603 3897 635 3932 ns
649 3883 776 3934 Samnites
794 3886 939 3950 vincerent3
957 3900 1010 3934 non
1027 3886 1156 3950 postulare

164 3973 267 4032 debere,
285 3981 315 4020 nt
329 3975 405 4026 etism
426 3975 596 4028 vincerentur.
624 3975 792 4028 Memorabile
804 3979 853 4027 hoe
865 3987 905 4028 est
923 3978 1069 4043 exemplum
1088 3993 1157 4029 erro·

163 4067 199 4116 ris
218 4065 447 4130 (eripuissent)
465 4068 492 4116 in
510 4069 568 4122 cod.
594 4069 734 4134 archetypo
752 4071 932 4135 interpolando
950 4071 1080 4120 occultati.
