2826 4650
591 295 628 348 75
982 291 1038 340 Lib.
1057 291 1106 339 111.

157 473 236 550 Cap.
259 475 309 542 ts,
330 476 364 532 9:
400 475 455 532 Ab
477 475 627 531 consule
653 475 696 530 ad
719 474 938 531 dictatorem
959 475 1013 532 ire
1032 475 1146 532 iussis

68 580 210 655 (AEquis)
247 579 484 654 ignominiam
517 577 684 636 infensus
717 579 868 638 addidit
930 582 1034 655 Neque
1073 581 1146 639 satia

67 685 227 743 narrando
250 685 466 758 distinguuntur
490 685 599 760 gradus
620 686 662 742 rei
685 695 766 756 actae,
790 703 864 759 quos
881 682 982 741 Livius
1003 684 1066 760 ipse
1086 685 1146 760 sig-

67 791 173 848 nificat
196 790 294 863 (hinc
316 790 551 860 dictatorern,
578 790 660 847 hinc
682 789 866 847 consulem
889 799 1023 858 orare),
1053 799 1082 846 et
1101 790 1145 846 in·

67 895 239 954 tolerabilis
261 905 306 951 est
327 895 467 952 orationis
498 895 606 953 forma:
642 895 685 952 ad
712 895 928 952 dictatorem
960 894 1013 950 ire
1034 894 1146 951 iussis

69 1003 224 1060 addidit
246 1001 405 1076 (dictator).
453 1001 539 1058 Hanc
561 1001 723 1058 molestiam
753 1001 863 1057 creavit
894 1018 975 1057 error
996 1000 1024 1056 in
1047 1000 1146 1057 codice

69 1109 238 1183 archetypo
263 1105 414 1180 frequens,
437 1105 533 1162 littera
555 1108 592 1180 (Ι)
615 1105 704 1163 semel
725 1105 848 1180 scripta,
879 1123 966 1179 quum
990 1106 1035 1162 bis
1059 1106 1146 1164 scribi

70 1214 210 1271 deberet:
246 1213 302 1270 Ab
333 1211 483 1268 consule
512 1211 555 1268 ad
577 1211 801 1268 dictatorem
823 1211 876 1267 ire
898 1211 1003 1280 iussi3
1037 1212 1067 1273 is
1089 1211 1145 1268 in·

71 1321 204 1376 sensus
246 1317 484 1393 ignominiam
521 1311 709 1382 addidit¹).
766 1317 844 1374 Nam
877 1335 931 1391 pro
964 1315 1146 1386 infensus,

72 1424 157 1499 quod
180 1423 210 1480 in
231 1424 264 1480 M
287 1421 363 1479 male
386 1422 522 1479 scribitur
548 1422 731 1490 insensus,
765 1441 822 1478 non
851 1431 928 1479 recte
955 1441 1048 1496 nuper
1075 1441 1091 1478 e
1121 1425 1146 1480 P

72 1530 123 1588 edi
146 1536 283 1604 coeptum
306 1537 350 1585 est
378 1528 566 1597 incensus,
596 1528 675 1602 quod
697 1527 738 1583 sic
759 1527 835 1583 nude
863 1527 898 1582 de
929 1527 1065 1602 grauiore
1092 1527 1150 1584 ira

71 1645 104 1694 et
128 1634 200 1692 odio
222 1652 311 1708 qnam
333 1651 388 1708 pro
411 1633 556 1690 communi
580 1633 672 1690 hostis
694 1633 792 1688 animo
813 1651 871 1688 non
893 1627 1037 1708 dieitur2).

164 1739 239 1815 Cap.
265 1741 318 1808 33,
347 1741 364 1796 8
392 1739 463 1796 libet
494 1739 600 1796 veteris
629 1737 838 1796 emendationis
867 1737 1036 1794 memoriam
1060 1737 1148 1794 inter·

73 1857 226 1904 mortuam
248 1863 399 1905 renovare.
444 1844 545 1901 Livius
566 1844 594 1900 in
609 1843 763 1900 laudandis
778 1843 883 1918 prioris
897 1842 965 1899 enni
978 1843 1150 1899 decemviris

74 1955 140 2010 haec
163 1951 260 2026 ponit:
297 1951 338 2006 In
361 1949 468 2005 unica
490 1949 690 2006 concordia
717 1949 815 2005 inter
839 1948 941 2022 ipsos
962 1945 1039 2023 (qui
1063 1967 1149 2005 con·

76 2075 212 2114 sensus
231 2055 393 2132 privatis
417 2055 597 2112 interdum
624 2054 769 2112 inutilis
797 2037 907 2124 esset)
930 2072 1065 2110 summa
1087 2053 1151 2110 ad·

75 2181 210 2220 versus
232 2161 327 2218 alios
351 2160 505 2234 aequitas
529 2169 616 2214 erat.
668 2160 778 2216 Putant
800 2158 973 2234 significari,
1006 2177 1063 2215 non
1088 2157 1150 2215 fue·

97 2461 125 2529 ι)
151 2465 191 2524 11,
210 2432 259 2524 bt,
276 2469 290 2514 7
310 2481 369 2530 pro:
391 2479 579 2514 omnesaue
597 2475 713 2530 sponte
731 2467 756 2513 in
776 2466 833 2514 cod.
852 2465 921 2514 arch.
941 2463 1063 2527 scriptum
1083 2473 1152 2512 erat:

152 2571 244 2606 omne
262 2571 319 2606 aua
337 2566 467 2622 sponte,
497 2559 556 2608 inde
575 2559 600 2606 in
619 2557 698 2607 HtLl
721 2558 763 2620 (Μ
782 2573 797 2606 a
816 2571 893 2606 mauu
912 2556 941 2618 ³)
960 2555 1070 2605 iactum:
1091 2569 1151 2602 om-

154 2662 225 2696 nem
245 2663 303 2696 aua
321 2659 444 2712 sponte.

95 2769 123 2838 ³)
151 2773 213 2838 Cap.
233 2779 317 2832 31,8
342 2777 367 2823 in
386 2775 501 2837 margine
520 2789 613 2838 ponam
633 2773 802 2824 necessariam
825 2774 1044 2832 emendationem,
1072 2787 1146 2836 quam

158 2881 238 2930 quum
258 2867 312 2930 ipso
332 2865 459 2926 iecissem,
479 2865 615 2915 aliloclrio
627 2879 780 2930 praeceptam
794 2865 852 2914 vidi.
887 2865 955 2914 Nam
968 2881 1045 2932 quum
1058 2866 1152 2914 tribuni

153 2959 266 3014 egissent
284 2972 342 3006 cum
361 2959 485 3023 patribus,
505 2967 533 3006 at
549 2959 719 3007 communiter
733 2959 819 3019 legum
840 2957 965 3006 latores
984 2967 1059 3006 etex
1077 2957 1151 3022 plebe

153 3059 180 3098 et
198 3064 232 3096 ex
250 3051 366 3112 patrita·
385 3051 464 3099 creari
484 3052 612 3108 sinerent,
640 3053 682 3114 qui
702 3050 775 3098 utilia
796 3051 909 3112 utrisque
928 3049 1038 3104 ferrent,
1066 3059 1153 3114 patros

155 3157 208 3191 rem
232 3144 314 3205 ipsam
339 3143 371 3190 de
398 3143 498 3205 legibus
524 3157 577 3190 non
603 3143 730 3206 aspernati
759 3150 907 3196 narrantur,
935 3143 980 3190 sed
1003 3142 1150 3190 «intutum

153 3235 246 3295 leges
265 3235 422 3282 neminem
441 3235 560 3283 nisiex
582 3235 734 3298 patribus
756 3234 859 3283 dixisse.
902 3236 980 3298 Atqui
1000 3235 1031 3283 de
1050 3234 1153 3284 seren·

154 3327 206 3375 dis
225 3326 326 3386 legibus
341 3325 464 3388 agebatur
476 3325 519 3388 (ae
534 3339 566 3374 ne
579 3325 689 3384 dubites,
705 3327 830 3389 requitur:
849 3341 941 3390 quum
961 3327 999 3374 de
1018 3327 1154 3388 legibus

155 3417 364 3476 conveniret,
392 3419 429 3466 de
453 3419 559 3466 latore
577 3423 699 3464 tautum
726 3418 965 3482 discreparet),
990 3431 1073 3480 noque
1093 3417 1153 3466 ulla

155 3525 269 3574 unquam
289 3512 315 3558 in
332 3525 386 3574 rep.
406 3511 524 3560 Βοιιιιιιιι
548 3509 628 3558 datae
653 3509 724 3572 leges
750 3519 810 3558 aunt
833 3511 895 3574 (uisi
916 3510 1013 3574 siquis
1034 3509 1117 3572 legem
1137 3526 1153 3558 a

155 3618 183 3652 se
206 3603 373 3666 compositum
392 3603 474 3662 alteri,
493 3613 520 3651 ut
536 3617 583 3666 pro
601 3617 647 3652 sua
666 3603 753 3660 ferret,
779 3603 869 3666 dedit),
894 3618 977 3667 neque
999 3604 1022 3651 id
1043 3603 1150 3652 verbum

155 3697 187 3743 de
206 3711 237 3743 aa
255 3709 282 3744 re
300 3695 345 3756 (de
363 3707 424 3742 vera
441 3695 467 3742 in
486 3710 538 3758 rep.
559 3695 627 3756 lego)
652 3695 685 3743 ab
704 3696 822 3744 Romano
847 3695 951 3744 homine
974 3696 1086 3760 positum
1114 3705 1154 3744 est

156 3787 250 3852 ponive
268 3787 359 3850 potuit,
380 3789 448 3849 quod
467 3788 500 3836 ab
520 3786 641 3836 institutis
660 3795 686 3835 ct
703 3786 850 3836 notionibus
861 3787 1035 3836 Romanorum
1054 3787 1154 3850 longis·

155 3879 219 3927 aime
245 3877 407 3928 abhorrebat.
444 3877 534 3940 itaquo
553 3879 793 3938 Drakenborchius,
821 3895 852 3928 nc
876 3889 1011 3942 cogeretur
1033 3877 1040 3932 Ι
1066 3895 1113 3945 pro
1137 3877 1151 3931 d
1210 3881 1215 3892 ‘

155 3971 267 4022 seribere
287 3969 440 4034 (tatarum
464 3970 575 4033 leges),
602 3971 746 4032 uvirgilio
771 3973 839 4020 iura
869 3973 948 4020 data
974 3973 1109 4022 advocarit
1127 3979 1154 4022 et

154 4077 186 4111 ea
203 4061 352 4112 deieuaiooe
371 4065 462 4112 ceteris
481 4061 612 4114 aetiaieeit
