2822 4648
302 251 358 299 ms.
378 249 427 298 ιν.
778 252 814 308 94

267 435 337 492 tiam
359 431 496 492 efficiant.
539 431 612 505 Quis
635 432 710 489 enim
735 432 934 490 taliainventa
949 433 1113 508 redarguet,
1136 431 1331 506 qnaleWcis-
1406 403 1407 430 Ξ

266 541 413 600 senbornii
435 551 491 608 est,
521 538 684 608 narrantis,
714 538 751 594 ad
773 539 1020 595 necessarium
1044 539 1136 596 audiri
1158 538 1330 594 ministe—
1406 565 1407 602 4

266 650 359 706 rium
382 657 432 704 aut
452 644 614 722 generalem
638 644 765 718 aliquam
786 642 955 701 notionem?
985 644 1066 720 (lpse
1087 645 1212 719 quidem,
1235 663 1329 718 quum

268 754 308 810 sic
329 753 428 810 vertit:
450 752 496 808 die
518 750 668 808 Tribunen
689 752 779 807 salien
800 751 829 807 in
853 751 919 806 dem
943 755 1031 809 Amte
1053 753 1135 808 mehr
1155 751 1219 807 eine
1240 753 1330 807 noth-

248 857 398 943 [wendigc
429 857 472 914 als
505 855 600 915 Glana
640 857 823 914 verleihende
861 857 1104 932 Dienstleistung,
1144 857 1330 931 apertissime

267 965 355 1021 aliam
376 964 547 1039 scripturam
570 963 677 1019 invitus
698 959 848 1038 sequitur.)
896 962 955 1022 Sed
975 983 1011 1020 ne
1032 963 1062 1019 id
1084 962 1214 1038 quidem,
1236 963 1330 1036 qnod,
1406 983 1407 1016 t

267 1069 363 1127 nescio
393 1070 473 1127 cuius
495 1071 660 1127 coniectura
683 1080 802 1140 natum,
834 1069 921 1144 vulgo
940 1069 1104 1144 legebatur:
1125 1068 1240 1143 magis
1264 1087 1330 1124 ne·
1406 1079 1407 1088 ¹

229 1210 235 1228 .
267 1177 461 1234 cessariam
485 1195 588 1250 quam
610 1175 773 1251 speciosi
795 1175 997 1232 ministerii
1018 1175 1329 1249 procurationem,

267 1299 367 1340 rerum
392 1301 455 1340 esse
476 1293 584 1359 potest3
614 1283 654 1338 ita
682 1281 756 1338 enim
787 1281 947 1356 speciosi
975 1280 1173 1338 ministerii
1196 1281 1330 1355 genitivo

266 1387 326 1458 illo,
349 1408 433 1463 quem
457 1389 603 1463 qualitatis
625 1387 772 1464 appellare
796 1379 945 1445 brevitatis
960 1405 1050 1445 eausa
1058 1386 1194 1458 solemus,
1215 1387 1331 1444 dicetur

268 1495 312 1567 (ut
333 1497 507 1552 contrarium
538 1497 575 1552 sit
596 1470 766 1551 necessariae
786 1495 1009 1568 procurationi);
1042 1505 1086 1550 est
1107 1502 1204 1549 autem
1226 1507 1330 1568 aperte

266 1599 440 1657 obiectivns:
469 1620 536 1660 uum
564 1609 737 1677 procuratur
758 1601 955 1656 ministerium.
1013 1599 1089 1672 Quid
1121 1599 1329 1674 requireretur,

267 1703 524 1763 Drakenborchius
547 1709 668 1764 obscure
690 1707 787 1776 sensit,
810 1707 870 1776 sed,
892 1725 950 1781 quo
966 1715 1029 1762 erat
1049 1705 1174 1780 ingenio,
1196 1725 1329 1781 necper·
1406 1773 1407 1782 ἵ

268 1809 364 1884 spexit
387 1829 440 1868 nee
461 1814 567 1882 tenuit3
599 1831 665 1869 narn
692 1813 806 1888 magis
827 1812 1077 1868 necessariam
1101 1811 1222 1868 mirifica
1244 1812 1329 1868 ensl-

266 1915 334 1990 laga
354 1935 408 1992 pro
433 1919 546 1993 magis
573 1918 775 1975 necessarii
797 1919 904 1976 dictum
930 1917 1052 1993 putavit.
1099 1918 1134 1975 Id
1155 1919 1250 1993 ipsum
1277 1919 1328 1975 Li-

267 2022 331 2078 vius
352 2025 520 2100 scripserat:
542 2024 658 2099 magis
680 2023 882 2081 necessarii
909 2041 1010 2096 quam
1039 2024 1200 2098 speciosi
1225 2024 1328 2080 mini-

267 2129 374 2186 sterii
396 2131 710 2204 procurationem
741 2131 791 2187 sed
814 2130 972 2186 dormitans
993 2129 1128 2186 librarius
1163 2132 1255 2187 verba
1285 2130 1329 2186 sic

269 2236 456 2306 continuavit,
477 2247 588 2293 mutato
611 2237 743 2294 adiectivi
765 2254 848 2294 casn:
871 2235 921 2304 id,
945 2235 1039 2309 quod
1060 2245 1131 2292 tum
1154 2247 1235 2293 erat
1257 2255 1329 2293 rna·
1406 2311 1407 2318 ἵ

268 2343 324 2417 gis
356 2342 613 2400 necessarium.
670 2343 717 2400 De
754 2341 850 2398 mendi
882 2359 986 2416 genere
1019 2343 1079 2398 dixi
1113 2342 1141 2398 in
1173 2343 1329 2418 prooemio

288 2744 311 2813 ¹)
337 2749 445 2813 Propter
463 2749 548 2798 mendi
567 2748 668 2810 generis
687 2747 769 2809 (qnod
787 2763 866 2810 prava
884 2763 960 2798 casus
981 2751 1013 2798 ad
1031 2750 1204 2813 precedentis
1222 2763 1328 2798 accom-

340 2842 485 2890 modatione
505 2841 658 2900 continetur)
678 2847 703 2888 et
720 2848 823 2904 propter
841 2841 1024 2905 perversissimi
1043 2842 1226 2906 interpretandi
1247 2841 1328 2890 artifi-

339 2933 370 2980 cii
389 2933 580 2982 similitudinem
598 2933 722 2994 attingam
740 2933 766 2981 in
787 2941 932 2982 transcursu
950 2943 1092 2984 monstrum
1111 2915 1325 2998 illudseripturoe,

338 3025 416 3088 quod,
435 3040 512 3088 quum
531 3025 557 3073 in
576 3025 685 3074 editione
703 3023 865 3074 Frobcnians
884 3041 906 3077 a.
919 3031 982 3074 1531
1003 3027 1079 3075 tacite
1099 3027 1228 3077 sublatum
1249 3033 1326 3084 esset,

338 3134 354 3166 a
373 3117 583 3167 Drakenborchio
602 3118 654 3166 ism
672 3131 744 3181 psene
762 3118 905 3181 probatum,
925 3118 957 3166 ab
975 3119 1142 3170 Alschefskio
1161 3133 1174 3166 c
1191 3119 1326 3166 codicibus

338 3212 494 3268 restitutam,
519 3209 745 3259 Weissenbornius
764 3220 789 3259 et
806 3211 922 3260 Hertzius
941 3219 1075 3262 tenuerunt
1093 3213 1119 3262 in
1137 3229 1158 3261 c.
1181 3218 1221 3270 13,
1241 3217 1271 3259 42
1297 3211 1326 3258 id

339 3319 433 3352 unum
457 3304 588 3365 dignum
615 3309 710 3351 tanto
729 3311 896 3367 apparatu
922 3305 1141 3356 consiliorum
1159 3314 1191 3355 et
1209 3317 1327 3358 certe-

338 3397 463 3454 minum,
478 3395 561 3457 quod
581 3395 696 3456 ingens
715 3397 939 3446 exsudandum
958 3403 1225 3461 esseaprcmium
1245 3405 1327 3460 sore.

337 3489 409 3539 Nihil
427 3489 483 3536 dico
502 3489 533 3537 de
552 3495 711 3552 apparatu
730 3489 958 3548 certaminum
983 3490 1027 3540 sed
1045 3493 1205 3556 praemium
1226 3511 1326 3547 eursu·

338 3579 407 3628 dari
427 3579 544 3638 admiror,
564 3595 641 3644 quum
660 3581 721 3629 alibi
740 3581 839 3630 labores
859 3591 884 3631 ct
901 3585 1040 3634 certamina
1060 3587 1223 3649 excudentur,
1242 3601 1269 3639 ct
1288 3593 1327 3640 in·

339 3672 487 3736 terpositum
506 3673 629 3734 ingens,
649 3674 770 3736 quoniam
790 3682 843 3754 toto
864 3675 965 3724 demum
979 3677 1111 3728 verborum
1128 3681 1234 3732 circuitu
1251 3699 1327 3748 mag-

338 3765 427 3814 nitudo
445 3764 540 3828 praemii
560 3764 730 3827 significatur,
753 3776 778 3815 et
801 3767 944 3831 elegantem
964 3771 1108 3821 mehercule
1125 3775 1264 3826 verborum
1284 3795 1327 3828 or-

339 3858 437 3906 dinem:
458 3856 587 3918 dignum
607 3859 858 3918 certaminibus,
872 3861 954 3924 quod
971 3862 1086 3926 ingens
1100 3867 1325 3920 exsudandum

339 3951 396 4008 sit,
423 3949 595 4013 premium.
643 3951 678 4000 m
693 3951 744 4000 hoe
761 3951 877 4002 homines
893 3953 1046 4017 philologos,
1066 3973 1112 4006 nee
1130 3959 1326 4012 Alschefskinm

340 4041 439 4098 solum,
462 4041 570 4104 tingere,
588 4045 657 4106 quod
674 4043 793 4116 librarius
811 4061 856 4109 pro
875 4057 1035 4111 apparatu
1055 4053 1275 4105 consiliorum
1296 4065 1328 4106 et
