2800 4646
301 290 358 338 Lib.
377 289 466 339 xxti.
766 291 826 346 250

264 491 314 532 sus
336 475 493 531 barbarum
516 481 569 540 est,
590 489 643 527 nea
664 470 758 526 simile
780 480 833 538 est,
862 470 941 544 quod
964 467 1066 527 Cicero
1089 471 1155 545 (pro
1174 471 1249 528 Sest.
1275 476 1328 538 51,

270 579 339 650 109)
360 579 389 634 in
423 577 569 634 rhetorica
600 575 816 632 enumeratione
846 592 968 630 omnes
991 576 1207 633 honestates
1228 576 1328 633 civi-

265 685 371 753 tatis,
406 689 703 750 omnesomnes,
743 697 865 737 ornnes
903 679 1053 736 ordines
1095 682 1256 738 consentire
1295 681 1328 737 in

265 789 364 864 aliqua
393 805 482 845 causa
513 786 598 855 dicit,
629 803 688 841 non
721 783 850 858 singulos
871 784 1003 840 homines
1024 785 1239 856 demonstrans,
1273 787 1327 843 sed

265 913 373 969 genera
402 903 430 949 at
459 891 567 949 classes
595 889 773 959 honestatis,
807 889 945 964 quicquid
966 889 1003 944 sit
1026 890 1139 947 honesti
1161 901 1189 948 et
1209 892 1326 966 integri.

265 999 397 1067 Accedit,
430 997 508 1072 quod
536 998 629 1054 turbae
662 1013 720 1052 uon
749 1007 827 1052 reete
856 995 1012 1070 dignitates
1043 994 1161 1070 (plurali
1189 999 1326 1068 numero)

266 1105 418 1161 contrane
435 1111 591 1179 ponuntur.
631 1101 732 1158 Livius
753 1101 923 1176 scripserat:
949 1100 1058 1157 turbs
1079 1101 1327 1174 conspectior,

266 1227 369 1284 quum
391 1209 555 1284 dignitas
573 1209 733 1266 deesset.

348 1309 445 1388 'Cap
471 1317 528 1381 ll,
562 1317 577 1370 7
603 1312 652 1388 (de
673 1312 842 1370 Hannibale
864 1311 984 1367 insidias
1006 1309 1146 1368 Romanis
1168 1309 1326 1382 struente):

265 1429 442 1493 transque
468 1419 659 1493 proximos
679 1427 820 1474 montes
841 1416 934 1472 loeva
957 1415 1101 1490 pedites
1122 1415 1327 1471 instructos

265 1523 403 1592 condit,
425 1523 556 1580 dextra
578 1523 736 1596 equitem
764 1521 1015 1596 inpedimenta
1035 1539 1100 1595 par
1119 1517 1325 1577 convallem

266 1629 417 1686 medium
441 1645 569 1702 agmen
590 1627 762 1685 traducit.
815 1628 884 1684 Nou
909 1627 1123 1702 elegantissime
1149 1627 1209 1682 hec
1231 1643 1325 1700 appo·

265 1735 346 1791 sitio:
374 1733 635 1808 impedimenta
664 1731 816 1788 medium
846 1750 973 1806 agmen
1006 1733 1073 1796 (hoc
1094 1743 1152 1797 est,
1183 1740 1324 1804 tanquam

265 1839 390 1896 medium
413 1838 544 1913 agmen);
580 1839 632 1894 sed
664 1837 773 1894 nullum
805 1847 869 1896 erat
900 1837 1017 1894 omnino
1049 1838 1174 1894 medium
1209 1853 1326 1910 agmon,

266 1943 403 2018 quoniam
434 1942 547 2017 pedites
569 1943 738 2018 equitesque
759 1963 817 2000 non
846 1945 883 2000 ab
908 1952 1032 2017 utroque
1052 1941 1325 2018 impedimentorum

264 2048 355 2104 latere
372 2048 552 2117 transibant,
584 2049 636 2105 sed
658 2048 784 2105 traducti
804 2048 863 2105 iam
884 2057 952 2124 post
973 2058 1085 2105 montes
1111 2044 1243 2105 instructi
1263 2055 1325 2100 sta·

265 2155 345 2211 bant.
386 2153 422 2210 In
447 2154 473 2210 P
495 2162 550 2209 est:
573 2171 636 2228 per
657 2153 862 2210 convallem
887 2153 1177 2210 mediumsmnem
1202 2149 1324 2206 tradu-

265 2257 328 2322 cit,
346 2259 403 2314 hoc
419 2267 475 2315 est:
497 2277 562 2334 per
584 2257 790 2315 convallem
805 2259 956 2315 mediam
980 2257 1160 2324 traducit,
1182 2264 1324 2321 correcto,

265 2363 343 2438 quod
364 2363 488 2438 primum
511 2363 649 2438 scriptum
676 2371 755 2430 erat,
788 2363 955 2434 medium,
987 2363 1086 2420 addito
1108 2361 1211 2417 deinde
1231 2379 1324 2426 nam,

265 2477 298 2525 ut
321 2468 381 2525 dixi
402 2466 491 2543 paulo
514 2475 581 2524 ante
606 2468 644 2524 ad
666 2486 691 2528 o.
714 2467 764 2535 28,
788 2463 846 2539 t.¹)

348 2571 443 2648 ⁴''Csp
456 2575 505 2642 tt,
518 2576 533 2628 l
550 2571 594 2650 (in
606 2573 798 2647 descriptione
810 2572 911 2648 proelii
922 2569 1110 2644 Cannensisl:
1130 2571 1202 2630 Sub
1221 2589 1287 2644 equ
1294 2590 1323 2626 e·

264 2678 352 2734 atris
380 2675 489 2734 finem
511 2678 723 2734 certaminis
753 2688 882 2735 coorta
914 2685 969 2733 est
997 2677 1160 2752 peditum
1190 2693 1322 2750 pugna.

265 2781 390 2838 Primo
407 2791 440 2837 at
455 2783 596 2839 viribus
612 2791 648 2839 et
661 2783 794 2840 animis
812 2801 926 2857 pares
941 2783 1163 2839 constabant
1177 2780 1323 2838 ordines

265 2885 388 2945 Gallis
411 2885 676 2961 Hispanisque;
704 2888 850 2944 tandem
879 2888 1045 2957 Romani,
1079 2887 1137 2944 diu
1167 2905 1208 2943 ae
1229 2903 1324 2958 saepe

264 2991 406 3048 connisi
434 3033 499 3061 ...,
521 2991 704 3066 impulere
725 2993 883 3049 hostium
915 3011 1062 3049 cuneum
1095 3003 1149 3050 cet..
1203 2991 1260 3064 Qui
1281 2991 1323 3046 sie

263 3095 349 3171 primi
370 3095 546 3170 scripserunt
566 3104 728 3171 posteaque
749 3107 911 3166 tenuerunt,
933 3097 1068 3154 videntur
1090 3096 1246 3171 significari
1269 3114 1322 3170 pu-

264 3207 350 3268 tasse,
371 3197 452 3255 initio
474 3199 579 3257 Gallos
613 3199 820 3274 Hispanosque
848 3202 989 3259 Romanis
1021 3221 1107 3277 pares
1139 3201 1240 3270 luissa;
1271 3201 1323 3257 sed

263 3322 357 3377 neque
369 3305 569 3362 Ronramrum
591 3323 697 3362 nomen
718 3313 779 3361 tum
794 3306 887 3364 omitti
901 3317 1016 3382 poterat
1030 3326 1123 3382 neque
1137 3307 1265 3380 alioquin
1287 3325 1323 3363 ea

263 3409 404 3466 sententia
426 3429 462 3466 ex
481 3410 577 3466 verbis
600 3413 721 3485 (pares
745 3410 890 3468 ordines
915 3423 1086 3470 constant
1108 3412 1241 3487 Gallis)
1263 3412 1323 3469 ullo

263 3515 350 3571 modo
374 3513 592 3589 strictiusque
621 3513 720 3590 potius
742 3516 921 3591 significant,
952 3537 1051 3577 omnes
1082 3519 1235 3578 Gallorum
1266 3517 1322 3574 Hi-

263 3637 479 3694 spanorumque
501 3619 617 3676 ordines
633 3621 738 3694 aequali
752 3621 930 3696 longitudine
946 3633 1077 3680 servatos
1097 3641 1169 3681 esse.
1212 3622 1322 3678 Verum

261 3723 348 3799 longa
369 3725 426 3781 alio
449 3723 562 3781 codices
584 3725 701 3796 ducunt,
725 3726 753 3782 in
776 3727 881 3801 quibus
904 3727 952 3802 (Ρ,
974 3739 1034 3786 tum
1057 3727 1090 3798 C,
1106 3730 1204 3796 Voss,
1226 3727 1323 3796 Harl,

263 3910 460 3920 ———

281 4035 304 4104 ¹)
329 4043 403 4091 Hane
421 4044 626 4095 emandationem
647 4047 691 4098 W.
711 4057 815 4098 astutas
833 4057 882 4104 eat.
