2820 4646
259 301 314 350 uu
329 299 430 354 xnrv.
602 311 606 320 ·
757 265 816 363 582

176 535 179 542 ,
254 485 633 550 adversusGentium.
672 486 976 544 Patrel'leureto
997 505 1081 562 rege
1102 486 1317 562 Illyriorum

254 601 290 650 et
311 601 425 649 matre
446 592 633 670 Eurydica
663 593 813 670 genitus
842 591 982 650 fratres
1003 593 1092 650 duos
1119 636 1148 656 ..
1176 594 1316 650 habuit.

255 699 360 774 Neque
374 699 404 755 in
426 699 569 757 sententie
589 700 714 757 relativa
728 697 889 775 imperfecti
909 698 1048 774 temporis
1067 701 1186 757 verbum
1210 700 1317 774 (eret)

255 803 349 862 omitti
378 805 456 882 apud
478 805 668 881 gerundivum
698 805 801 882 potuit,
835 823 929 880 neque
949 806 1089 862 narratiol
1098 805 1250 863 transferri
1279 805 1317 861 ad

255 910 354 970 Gentii
378 929 470 988 genus
492 911 704 987 exponendum,
725 911 781 968 uisi
808 919 910 969 notata
932 929 1058 988 persona
1084 913 1185 970 saltem
1208 929 1317 987 prono-

254 1017 331 1076 mine
354 1015 425 1092 (is).
482 1017 551 1077 Siue
576 1016 664 1075 dubio
686 1017 788 1074 Livius
809 1019 978 1093 scripserat:
1011 1017 1179 1076 Gentium
1212 1014 1317 1095 [erat.

255 1121 425 1202 Gentius]
448 1133 556 1201 petre
576 1123 753 1181 Pleurato
775 1120 861 1199 cet.¹)

338 1228 410 1308 Cap.
435 1233 484 1300 31,
508 1234 540 1287 7:
572 1229 677 1304 Quod
700 1229 730 1286 si
751 1229 886 1288 clausis
908 1231 1027 1306 portis
1050 1247 1170 1287 muros
1193 1237 1317 1303 porte·

253 1353 406 1412 rumque
446 1345 567 1394 turres
614 1335 809 1412 dispositis
847 1337 1003 1394 armetis
1048 1335 1318 1404 defendissent,

253 1459 352 1499 veno
374 1461 450 1500 cum
473 1443 621 1518 incepto
643 1441 878 1517 pepulissent
909 1444 1097 1501 Romanos.
1142 1440 1216 1498 Cod.
1240 1451 1317 1496 tur-

253 1547 638 1624 risdispositaarmati
674 1546 937 1609 defendissent.
997 1545 1185 1608 Scribendum
1214 1545 1316 1621 igitur:

253 1652 430 1728 dispositi
463 1655 595 1712 armati
629 1653 887 1712 defendissent
915 1664 969 1715 etc.
1027 1653 1165 1729 Alioquin
1188 1653 1317 1710 defen-

252 1757 369 1816 disset
392 1759 428 1816 de
450 1759 557 1818 Gentio
579 1779 648 1836 rege
669 1761 777 1818 dictum
800 1771 884 1818 esset.

338 1863 411 1941 Cap.
425 1867 502 1935 32‚7
527 1865 557 1923 in
579 1865 677 1922 codice
698 1867 740 1923 sic
763 1866 912 1924 scribitur:
934 1867 1076 1922 AEnean
1092 1879 1143 1925 00
1166 1865 1317 1939 equites

253 1969 586 2046 Oreantigonensis
627 1973 727 2030 misit
768 1973 812 2029 ad
857 1971 1043 2029 tutandam
1081 1970 1315 2028 maritumam

252 2093 362 2132 oraui.
418 2076 543 2136 Videtur
570 2078 674 2136 luisse:
705 2079 859 2136 AEueam
890 2091 941 2138 00
971 2077 1114 2152 equites
1138 2085 1172 2132 et
1201 2077 1314 2137 Creon

252 2182 522 2258 Antigonensis
543 2185 646 2242 missi
668 2185 712 2243 ad
733 2183 754 2246 l.
776 2203 814 2241 m.
837 2203 865 2244 o.
913 2183 1099 2260 Kreyssigius
1122 2181 1181 2258 (cui
1203 2180 1316 2240 Creon·

251 2288 288 2345 tis
310 2307 415 2346 nomeu
437 2291 570 2365 debetur)
597 2299 625 2348 et
652 2289 907 2348 Weissenbornius
932 2289 1046 2366 longius
1068 2309 1086 2346 a
1110 2289 1241 2365 vestigiis
1264 2309 1315 2346 eo-

251 2394 323 2452 dicis
354 2395 512 2453 discedunt
574 2396 679 2454 Misit
710 2406 740 2454 et
773 2395 877 2454 missi
911 2397 979 2455 alibi
1012 2413 1127 2471 quoque
1158 2395 1187 2451 in
1222 2395 1313 2452 vind.

251 2499 381 2560 confuse.

335 2607 409 2684 Cap.
442 2609 500 2678 33,
536 2611 548 2665 1
574 2607 657 2684 (post
676 2608 827 2678 lacunam,
862 2607 911 2664 ubi
932 2607 968 2664 de
992 2607 1028 2666 L.
1049 2607 1172 2665 AEmilio
1194 2607 1315 2665 consule

251 2733 335 2790 aquea
357 2715 470 2792 inopiae,
493 2733 552 2789 que
576 2712 719 2772 exercitus
740 2711 904 2783 laborabat,
928 2731 1095 2771 succurrere
1116 2721 1221 2769 conato
1244 2731 1314 2770 nar·

249 2816 361 2898 retur):
393 2821 584 2878 Postremo
614 2817 718 2894 sequi
749 2835 785 2874 se
809 2819 971 2876 utrarios
1002 2820 1178 2887 edmero,
1213 2821 1314 2893 quod

249 2926 367 2983 minus
388 2934 721 3001 trecentospassus
737 2925 875 2996 aberet,
890 2923 1098 2984 iussitetiu
1113 2925 1226 2982 litore
1248 2925 1312 2982 ali·

250 3049 289 3089 os
311 3031 401 3088 alibi
422 3031 575 3089 modicis
597 3029 815 3088 intervallis
837 3027 973 3091 fodere.
1014 3031 1209 3101 Unanorum,
1232 3032 1312 3106 quod

249 3155 354 3194 nomen
377 3136 446 3194 alibi
468 3157 525 3195 ιιοιι
547 3137 707 3214 reperitur,
741 3135 805 3210 quis
831 3153 901 3194 usus
922 3134 1009 3194 fuerit
1031 3137 1060 3194 in
1081 3136 1176 3212 puteis
1197 3135 1311 3193 fodien-

249 3243 294 3300 dis
317 3243 433 3301 dilficile
455 3254 498 3302 est
519 3243 681 3314 intellectu3
711 3243 736 3298 si
756 3259 840 3318 aque
862 3241 947 3320 copie
968 3251 1073 3318 parete
1094 3240 1205 3310 luisset,
1237 3243 1312 3298 utri·

247 3351 302 3408 bus
324 3369 388 3407 eam
410 3350 440 3407 in
462 3359 558 3408 cast-ra
580 3350 684 3408 milites
705 3348 761 3424 ipsi
782 3359 965 3424 portassent,
1002 3369 1060 3406 non
1081 3347 1231 3425 proprium
1254 3349 1311 3405 sli-

248 3455 328 3529 quod
348 3455 497 3513 hominum
512 3474 612 3532 genus.
657 3453 773 3512 Codexz
793 3455 899 3530 sequi
921 3454 1168 3512 sedutrarios.
1208 3453 1312 3512 Livius

246 3561 416 3636 scripserat.-
447 3561 552 3636 aequi
584 3579 620 3618 se
652 3561 847 3641 putearios
878 3561 908 3642 (p
937 3580 990 3638 pro
1014 3561 1053 3633 l).
1119 3561 1229 3618 Eorum
1262 3561 1312 3618 hie

245 3667 331 3724 labor
362 3676 425 3725 erat
455 3676 607 3744 puteorum
640 3665 859 3737 fodiendorum3
898 3685 1001 3723 nomen
1033 3675 1076 3724 est
1110 3668 1196 3724 etiem
1230 3668 1310 3743 apud

266 3907 290 3970 ¹)
317 3916 384 3977 §1³
403 3914 538 3966 Liuianum
560 3927 679 3968 nonest:
698 3917 736 3964 ad
761 3917 895 3966 auxilia
924 3915 1156 3966 Parthinorum
1184 3918 1311 3968 iunctis

315 4006 382 4066 (cod.
401 4005 548 4068 iuventa)
567 4009 694 4060 duobus
713 4009 866 4070 milibus,
895 4009 940 4058 sed
959 4009 1143 4068 adiunctis,
1170 4009 1221 4059 nisi
1241 4009 1311 4060 forta

314 4095 384 4143 aliud
405 4096 493 4146 subest
512 4099 536 4162 (e
554 4089 794 4152 Parthinorum
814 4103 985 4152 iuventute
1003 4102 1177 4153 adiunctis
1196 4104 1221 4156 d.
1241 4105 1291 4165 m.)
