2826 4640
256 245 418 298 libmv.
762 249 823 308 566

255 432 399 502 mute,
428 429 695 508 mereim
716 431 879 509 Gom
911 433 968 502 (sie
995 432 1070 490 min
1098 430 1330 505 reum

256 534 1330 615 sstimleuegereiusimuteumt‚qunireeetoeenioues

255 653 441 702 muman
466 643 685 720 oppa-unm,
713 665 774 703 unu
794 645 927 704 nimiter
947 644 1155 710 deboram)
1182 641 1238 698 sed
1260 641 1329 698 reti-

256 751 329 826 quit,
351 769 440 825 quam
463 749 723 808 Drakenborehius
743 750 854 808 frustra
874 748 1052 813 desudent,
1078 767 1253 823 perversam
1275 766 1329 803 vo-

256 875 323 914 eurn
345 856 437 914 beili
468 865 498 912 et
524 854 682 914 fortuna
710 857 925 934 separationum
955 863 984 910 et
1004 853 1119 930 prioris,
1147 854 1179 910 in
1200 871 1274 928 qua,
1304 853 1328 908 si

256 979 323 1020 eum
345 961 466 1020 fortuna
487 963 681 1038 eomuugnur.
712 963 784 1020 nihii
806 973 851 1020 est
871 959 1026 1036 singultus
1047 960 1195 1035 ponderis,
1217 958 1249 1015 in
1271 959 1328 1014 ini-

257 1067 329 1124 tium
361 1069 512 1126 amteutiae
545 1079 613 1126 ante
643 1087 804 1146 pronomen
836 1067 1076 1143 interr-optivum
1112 1065 1326 1122 traiectiouem.

257 1172 450 1232 Senheuduu
471 1183 531 1232 est:
559 1175 725 1250 ignarum
753 1175 857 1245 belii,
879 1173 974 1254 qud
1005 1173 1040 1230 in
1072 1171 1150 1230 dies
1172 1170 1328 1228 fortuna

256 1287 428 1346 novaret,
449 1287 505 1338 oet.
547 1279 681 1338 Fortuna
700 1281 778 1338 bello
799 1298 908 1338 novum
932 1279 962 1336 iu
984 1277 1045 1336 dies
1060 1287 1168 1334 stetum
1193 1287 1224 1334 et
1243 1277 1326 1334 babi-

257 1393 320 1440 tnm
341 1383 402 1440 dat.
449 1383 576 1442 Relativi
591 1385 773 1461 pronominis
794 1385 967 1444 nominativi
990 1395 1020 1440 et
1041 1384 1201 1441 sementivi
1221 1382 1327 1442 forme

257 1489 372 1564 quoties
393 1497 424 1546 et
444 1491 483 1548 ab
509 1491 565 1548 bon
587 1491 708 1550 bbrsrio
730 1501 760 1549 et
781 1492 819 1550 ab
842 1491 907 1548 uiiis
928 1499 1136 1566 permutentur,
1165 1489 1224 1546 diei
1252 1508 1325 1567 opus

256 1613 315 1652 uon
337 1601 390 1652 est.
447 1594 562 1652 Deinde
589 1595 638 1653 hie
664 1599 721 1665 §5
752 1595 895 1671 primum,
924 1603 1029 1670 postes
1049 1605 1146 1652 antem
1168 1596 1325 1671 aliquoties

257 1699 394 1758 obiicitur
414 1717 520 1758 nomen
542 1700 654 1760 fluvioli
677 1701 806 1776 quinque
834 1699 951 1758 mitibus
977 1719 1116 1776 passuum
1141 1703 1180 1758 eb
1202 1703 1265 1759 Dio
1286 1703 1322 1758 ad

258 1805 407 1864 meridiem
429 1823 532 1864 versus
553 1806 702 1876 distentis,
729 1807 767 1864 ed
789 1825 875 1881 quem
897 1807 1023 1864 Perseus
1045 1817 1141 1864 cestra
1170 1821 1201 1865 et
1222 1819 1324 1866 nonna

257 1909 294 1982 Q.
317 1910 463 1968 Marcium
494 1923 524 1968 et
555 1923 660 1988 postea
690 1923 793 1971 eontra
825 1914 859 1970 L.
881 1913 1034 1970 AEmiiiurn
1067 1913 1177 1972 habuit.
1234 1915 1265 1970 Is
1293 1915 1321 1970 in

256 2011 432 2072 editionttrns
454 2017 619 2092 appelletur
639 2019 811 2096 Enipeus.
869 2016 970 2076 Codex
991 2020 1020 2078 b.
1046 2018 1064 2075 l.
1092 2019 1202 2095 Enipi
1224 2021 1323 2088 hebet,

256 2118 393 2193 proximo
426 2123 522 2199 eapite
554 2129 569 2194 ξ
602 2127 619 2182 2
651 2125 835 2202 Elipeum‚
863 2123 1321 2199 e.2⁰‚³1·]pele,c.2u,5

257 2224 405 2301 Elpeio,
426 2245 451 2288 o.
475 2231 525 2298 3²,
551 2233 586 2289 10
609 2231 724 2308 Elpei.
772 2229 953 2306 Comparate
974 2231 1099 2298 Zouern,
1131 2230 1209 2305 apud
1235 2249 1319 2304 quem

256 2327 315 2398 ῘΧ,
339 2331 379 2388 23
405 2335 446 2408 (p.
469 2337 528 2393 457
546 2337 637 2406 Due.)
654 2329 804 2406 Ἕλπιος
825 2336 938 2406 dieitur,
960 2345 1082 2411 apparet
1103 2335 1246 2410 Elpium
1272 2347 1320 2392 aut

256 2433 409 2510 Elpeum
443 2457 463 2496 s
491 2441 578 2500 Livio
605 2443 785 2518 appellatum
810 2461 884 2505 esse.
931 2440 1036 2516 Enipei
1058 2441 1153 2498 notius
1173 2459 1281 2499 nomen
1302 2461 1321 2498 a

255 2537 396 2615 Grynem
418 2562 504 2618 quem
528 2546 640 2621 primus
670 2547 783 2608 librarii
812 2568 895 2607 error
917 2549 1044 2624 decepit,
1076 2547 1271 2606 eThessalis
1290 2547 1319 2603 in

255 2644 460 2706 Macedoniam
482 2651 655 2710 translatum
677 2663 731 2711 est
774 2655 916 2712 Extremo
937 2653 1033 2729 capite
1056 2658 1089 2724 (§
1105 2657 1131 2722 t,
1151 2653 1203 2710 nbi
1224 2654 1319 2712 Weis-

253 2751 426 2812 senbornins
448 2757 617 2833 occupavit,
648 2760 728 2834 quod
757 2777 811 2836 ego
834 2777 951 2834 quoque
973 2760 1163 2829 comesuram,
1192 2761 1318 2835 obsep-

255 2865 327 2916 tum
346 2860 419 2920 iter
449 2881 487 2920 ex
519 2863 628 2923 codicis
660 2865 805 2940 scriptura
828 2866 1146 2940 hospesetseptum
1170 2859 1259 2940 iter)
1288 2863 1316 2919 in

253 2962 299 3020 his
321 2966 432 3024 verbis:
461 2972 657 3030 extrahere
688 2970 869 3045 reliquum
901 2979 1041 3045 tempus
1070 2969 1147 3026 eius
1180 2969 1317 3026 testatis

253 3067 288 3126 iu
310 3069 430 3130 enimn
462 3073 638 3146 habebat,
670 3074 775 3132 vitiose
808 3075 939 3132 abundet
968 3075 1058 3144 eius;
1086 3075 1116 3132 in
1147 3075 1247 3132 oodioe
1275 3083 1317 3132 est

252 3178 602 3251 tempuseaoestatis‚
625 3180 781 3256 geminetis
803 3199 902 3240 errore
922 3180 1025 3238 litteris
1047 3199 1097 3240 ue.

336 3278 409 3357 Cep.
433 3285 461 3354 9,
484 3285 502 3342 8
530 3279 595 3359 (ubi
626 3285 800 3344 describitur
832 3287 968 3346 circensis
996 3286 1100 3344 ludicri
1121 3286 1149 3342 in
1175 3287 1314 3344 testudIne

252 3383 406 3444 efficienda
426 3388 532 3446 bellios
552 3389 582 3446 iu
604 3393 822 3467 oppugnatione
850 3391 986 3452 Heraclei
1006 3391 1143 3464 imitatio)
1168 3401 1256 3448 untes
1275 3391 1313 3448 sio

251 3487 405 3547 edebatur:
427 3492 522 3551 Huiu
542 3496 721 3552 testudini
736 3497 1038 3575 simillimspttrti
1059 3495 1148 3555 muri
1172 3495 1315 3553 admota

251 3593 328 3662 (eod.
349 3599 545 3674 permota),
575 3619 649 3659 oum
678 3602 814 3660 armati
842 3613 1098 3679 superstantes
1131 3601 1314 3658 subissent

251 3699 328 3770 (eod.
350 3703 586 3781 subipssent),
607 3709 950 3784 propugnatoribus
972 3710 1062 3766 muri
1088 3708 1245 3782 fastigio
1267 3707 1312 3765 el·

250 3801 421 3866 titudinis
463 3811 712 3886 teqnabentur.
775 3813 981 3892 Kreyssigius‚
1023 3833 1111 3890 quum
1147 3814 1177 3871 in
1218 3813 1312 3872 codiee

249 3909 370 3968 vidisset
401 3914 503 3972 scribi:
544 3917 637 3974 Huio
675 3921 823 3978 testudo
856 3921 1044 3980 simillime
1079 3921 1178 3997 perti
1210 3919 1311 3988 muri,

247 4022 326 4068 rente
347 4017 558 4077 nominativum
581 4022 752 4096 (testudo)
775 4025 876 4096 tenuit,
897 4033 976 4083 reete
998 4026 1085 4082 etiem
1107 4025 1313 4083 humillime
