<?xml version="1.0" encoding="UTF-8"?>
<!DOCTYPE html PUBLIC "-//W3C//DTD XHTML 1.0 Transitional//EN"
    "http://www.w3.org/TR/xhtml1/DTD/xhtml1-transitional.dtd">
<html xmlns="http://www.w3.org/1999/xhtml" xml:lang="en" lang="en">
 <head>
  <title>
</title>
<meta http-equiv="Content-Type" content="text/html;charset=utf-8" />
  <meta name='ocr-system' content='tesseract 3.04.00' />
  <meta name='ocr-capabilities' content='ocr_page ocr_carea ocr_par ocr_line ocrx_word'/>
</head>
<body>
  <div class='ocr_page' id='page_1' title='image "./emendationesliv02madvgoog_0192.png"; bbox 0 0 2800 4646; ppageno 0'>
   <div class='ocr_carea' id='block_1_1' title="bbox 586 260 1106 319">
    <p class='ocr_par' dir='ltr' id='par_1_1' title="bbox 586 260 1106 319">
     <span class='ocr_line' id='line_1_1' title="bbox 586 260 1106 319; baseline -0.017 0"><span class='ocrx_word' id='word_1_1' title='bbox 586 262 639 319; x_wconf 81' lang='lat'>183</span> <span class='ocrx_word' id='word_1_2' title='bbox 984 260 1042 313; x_wconf 84' lang='lat' dir='ltr'>Lib.</span> <span class='ocrx_word' id='word_1_3' title='bbox 1060 260 1106 310; x_wconf 83' lang='lat' dir='ltr'>lx.</span> 
     </span>
    </p>
   </div>
   <div class='ocr_carea' id='block_1_2' title="bbox 65 442 1144 3052">
    <p class='ocr_par' dir='ltr' id='par_1_2' title="bbox 65 442 1144 714">
     <span class='ocr_line' id='line_1_2' title="bbox 65 442 1144 520; baseline 0.002 -18"><span class='ocrx_word' id='word_1_4' title='bbox 65 445 99 502; x_wconf 89' lang='lat' dir='ltr'>id</span> <span class='ocrx_word' id='word_1_5' title='bbox 140 455 243 504; x_wconf 84' lang='lat' dir='ltr'>autem</span> <span class='ocrx_word' id='word_1_6' title='bbox 275 442 481 519; x_wconf 85' lang='lat' dir='ltr'>interpolatum</span> <span class='ocrx_word' id='word_1_7' title='bbox 519 443 557 500; x_wconf 89' lang='lat' dir='ltr'>sit</span> <span class='ocrx_word' id='word_1_8' title='bbox 589 442 682 500; x_wconf 87' lang='lat' dir='ltr'>altero</span> <span class='ocrx_word' id='word_1_9' title='bbox 717 443 816 502; x_wconf 84' lang='lat' dir='ltr'>addito</span> <span class='ocrx_word' id='word_1_10' title='bbox 847 461 941 520; x_wconf 87' lang='lat' dir='ltr'>pars.</span> <span class='ocrx_word' id='word_1_11' title='bbox 1006 443 1144 504; x_wconf 74' lang='lat' dir='ltr'>Similiter</span> 
     </span>
     <span class='ocr_line' id='line_1_3' title="bbox 66 547 1141 620; baseline 0.001 -11"><span class='ocrx_word' id='word_1_12' title='bbox 66 551 256 618; x_wconf 84' lang='lat' dir='ltr'>XXXVII,</span> <span class='ocrx_word' id='word_1_13' title='bbox 298 550 355 620; x_wconf 76' lang='lat'>⁴2,</span> <span class='ocrx_word' id='word_1_14' title='bbox 395 551 412 606; x_wconf 89' lang='lat'><strong>2</strong></span> <span class='ocrx_word' id='word_1_15' title='bbox 442 547 472 606; x_wconf 92' lang='lat' dir='ltr'>in</span> <span class='ocrx_word' id='word_1_16' title='bbox 504 549 708 608; x_wconf 75' lang='lat' dir='ltr'>distributione</span> <span class='ocrx_word' id='word_1_17' title='bbox 739 548 836 606; x_wconf 87' lang='lat' dir='ltr'>verbis</span> <span class='ocrx_word' id='word_1_18' title='bbox 869 549 985 608; x_wconf 84' lang='lat' dir='ltr'>variata</span> <span class='ocrx_word' id='word_1_19' title='bbox 1016 560 1141 610; x_wconf 87' lang='lat' dir='ltr'>erratum</span> 
     </span>
     <span class='ocr_line' id='line_1_4' title="bbox 67 655 252 714; baseline 0.011 -4"><span class='ocrx_word' id='word_1_20' title='bbox 67 655 252 714; x_wconf 78' lang='lat' dir='ltr'>videbimus.</span> 
     </span>
    </p>

    <p class='ocr_par' dir='ltr' id='par_1_3' title="bbox 67 759 1143 1683">
     <span class='ocr_line' id='line_1_5' title="bbox 160 759 1143 837; baseline 0.003 -18"><span class='ocrx_word' id='word_1_21' title='bbox 160 760 235 837; x_wconf 87' lang='lat' dir='ltr'>Cap.</span> <span class='ocrx_word' id='word_1_22' title='bbox 251 763 301 830; x_wconf 91' lang='grc'>33,</span> <span class='ocrx_word' id='word_1_23' title='bbox 324 763 356 818; x_wconf 84' lang='lat'>3:</span> <span class='ocrx_word' id='word_1_24' title='bbox 378 759 560 818; x_wconf 87' lang='lat' dir='ltr'>Permulti</span> <span class='ocrx_word' id='word_1_25' title='bbox 582 761 666 818; x_wconf 88' lang='lat' dir='ltr'>anui</span> <span class='ocrx_word' id='word_1_26' title='bbox 688 762 757 818; x_wconf 87' lang='lat' dir='ltr'>iarn</span> <span class='ocrx_word' id='word_1_27' title='bbox 780 772 900 832; x_wconf 76' lang='lat' dir='ltr'>erant,</span> <span class='ocrx_word' id='word_1_28' title='bbox 922 779 1026 836; x_wconf 88' lang='lat' dir='ltr'>quum</span> <span class='ocrx_word' id='word_1_29' title='bbox 1047 761 1143 822; x_wconf 90' lang='lat' dir='ltr'>inter</span> 
     </span>
     <span class='ocr_line' id='line_1_6' title="bbox 67 865 1142 942; baseline 0.002 -18"><span class='ocrx_word' id='word_1_30' title='bbox 67 867 258 942; x_wconf 85' lang='lat' dir='ltr'>patricios</span> <span class='ocrx_word' id='word_1_31' title='bbox 281 866 523 941; x_wconf 79' lang='lat' dir='ltr'>magistratus</span> <span class='ocrx_word' id='word_1_32' title='bbox 545 865 792 942; x_wconf 80' lang='lat' dir='ltr'>tribunosque</span> <span class='ocrx_word' id='word_1_33' title='bbox 819 867 918 924; x_wconf 90' lang='lat' dir='ltr'>nulla</span> <span class='ocrx_word' id='word_1_34' title='bbox 940 867 1142 926; x_wconf 88' lang='lat' dir='ltr'>certamina</span> 
     </span>
     <span class='ocr_line' id='line_1_7' title="bbox 69 971 1141 1048; baseline 0.002 -20"><span class='ocrx_word' id='word_1_35' title='bbox 69 971 243 1044; x_wconf 81' lang='lat' dir='ltr'>fuerant,</span> <span class='ocrx_word' id='word_1_36' title='bbox 281 992 386 1048; x_wconf 89' lang='lat' dir='ltr'>quum</span> <span class='ocrx_word' id='word_1_37' title='bbox 418 993 460 1030; x_wconf 85' lang='lat' dir='ltr'>ex</span> <span class='ocrx_word' id='word_1_38' title='bbox 494 992 534 1030; x_wconf 89' lang='lat' dir='ltr'>ea</span> <span class='ocrx_word' id='word_1_39' title='bbox 565 971 727 1042; x_wconf 79' lang='lat' dir='ltr'>familia,</span> <span class='ocrx_word' id='word_1_40' title='bbox 760 991 835 1046; x_wconf 85' lang='lat' dir='ltr'>quse</span> <span class='ocrx_word' id='word_1_41' title='bbox 871 973 972 1030; x_wconf 85' lang='lat' dir='ltr'>velut</span> <span class='ocrx_word' id='word_1_42' title='bbox 1003 973 1141 1032; x_wconf 80' lang='lat' dir='ltr'>fatales</span> 
     </span>
     <span class='ocr_line' id='line_1_8' title="bbox 69 1077 1140 1149; baseline 0.001 -14"><span class='ocrx_word' id='word_1_43' title='bbox 69 1079 148 1148; x_wconf 79' lang='grc' dir='ltr'>(ΜΡ</span> <span class='ocrx_word' id='word_1_44' title='bbox 172 1097 260 1136; x_wconf 89' lang='lat' dir='ltr'>manu</span> <span class='ocrx_word' id='word_1_45' title='bbox 289 1083 312 1146; x_wconf 78' lang='lat'>1,</span> <span class='ocrx_word' id='word_1_46' title='bbox 347 1079 429 1138; x_wconf 89' lang='lat' dir='ltr'>Leid.</span> <span class='ocrx_word' id='word_1_47' title='bbox 458 1084 484 1149; x_wconf 86' lang='grc'>1,</span> <span class='ocrx_word' id='word_1_48' title='bbox 507 1077 587 1136; x_wconf 87' lang='lat' dir='ltr'>Flor.</span> <span class='ocrx_word' id='word_1_49' title='bbox 611 1077 642 1136; x_wconf 79' lang='lat' dir='ltr'>S.</span> <span class='ocrx_word' id='word_1_50' title='bbox 667 1079 774 1147; x_wconf 88' lang='lat' dir='ltr'>Marci;</span> <span class='ocrx_word' id='word_1_51' title='bbox 803 1078 890 1136; x_wconf 89' lang='lat' dir='ltr'>ceteri</span> <span class='ocrx_word' id='word_1_52' title='bbox 912 1088 941 1136; x_wconf 91' lang='lat' dir='ltr'>et</span> <span class='ocrx_word' id='word_1_53' title='bbox 963 1080 1021 1137; x_wconf 88' lang='lat' dir='ltr'>MP</span> <span class='ocrx_word' id='word_1_54' title='bbox 1043 1099 1062 1136; x_wconf 90' lang='lat' dir='ltr'>a</span> <span class='ocrx_word' id='word_1_55' title='bbox 1083 1097 1140 1142; x_wconf 88' lang='lat' dir='ltr'>seo.</span> 
     </span>
     <span class='ocr_line' id='line_1_9' title="bbox 68 1183 1141 1258; baseline 0.002 -18"><span class='ocrx_word' id='word_1_56' title='bbox 68 1203 165 1242; x_wconf 89' lang='lat' dir='ltr'>manu</span> <span class='ocrx_word' id='word_1_57' title='bbox 193 1183 336 1257; x_wconf 79' lang='lat' dir='ltr'>fatalis)</span> <span class='ocrx_word' id='word_1_58' title='bbox 367 1203 445 1242; x_wconf 91' lang='lat' dir='ltr'>cum</span> <span class='ocrx_word' id='word_1_59' title='bbox 468 1183 629 1242; x_wconf 88' lang='lat' dir='ltr'>tribunis</span> <span class='ocrx_word' id='word_1_60' title='bbox 651 1201 691 1240; x_wconf 89' lang='lat' dir='ltr'>ac</span> <span class='ocrx_word' id='word_1_61' title='bbox 714 1183 821 1258; x_wconf 87' lang='lat' dir='ltr'>plebe</span> <span class='ocrx_word' id='word_1_62' title='bbox 842 1195 935 1254; x_wconf 80' lang='lat' dir='ltr'>erat,</span> <span class='ocrx_word' id='word_1_63' title='bbox 957 1194 1141 1242; x_wconf 88' lang='lat' dir='ltr'>certamen</span> 
     </span>
     <span class='ocr_line' id='line_1_10' title="bbox 68 1289 1141 1364; baseline 0 -16"><span class='ocrx_word' id='word_1_64' title='bbox 68 1290 205 1350; x_wconf 88' lang='lat' dir='ltr'>oritur.</span> <span class='ocrx_word' id='word_1_65' title='bbox 248 1289 320 1362; x_wconf 81' lang='lat' dir='ltr'>Quae</span> <span class='ocrx_word' id='word_1_66' title='bbox 342 1289 391 1348; x_wconf 89' lang='lat' dir='ltr'>alii</span> <span class='ocrx_word' id='word_1_67' title='bbox 413 1297 568 1357; x_wconf 79' lang='lat' dir='ltr'>tentarunt,</span> <span class='ocrx_word' id='word_1_68' title='bbox 589 1289 727 1346; x_wconf 83' lang='lat' dir='ltr'>Hertzius</span> <span class='ocrx_word' id='word_1_69' title='bbox 749 1289 873 1364; x_wconf 84' lang='lat' dir='ltr'>collegit.</span> <span class='ocrx_word' id='word_1_70' title='bbox 915 1290 989 1348; x_wconf 90' lang='lat' dir='ltr'>Mihi</span> <span class='ocrx_word' id='word_1_71' title='bbox 1010 1291 1040 1347; x_wconf 90' lang='lat' dir='ltr'>in</span> <span class='ocrx_word' id='word_1_72' title='bbox 1062 1309 1141 1350; x_wconf 87' lang='lat' dir='ltr'>man·</span> 
     </span>
     <span class='ocr_line' id='line_1_11' title="bbox 68 1393 1141 1471; baseline -0.003 -17"><span class='ocrx_word' id='word_1_73' title='bbox 68 1405 131 1454; x_wconf 87' lang='lat' dir='ltr'>tem</span> <span class='ocrx_word' id='word_1_74' title='bbox 163 1395 260 1456; x_wconf 85' lang='lat' dir='ltr'>venit:</span> <span class='ocrx_word' id='word_1_75' title='bbox 303 1396 387 1471; x_wconf 90' lang='lat' dir='ltr'>quoi</span> <span class='ocrx_word' id='word_1_76' title='bbox 430 1395 532 1454; x_wconf 87' lang='lat' dir='ltr'>velut</span> <span class='ocrx_word' id='word_1_77' title='bbox 562 1393 694 1454; x_wconf 88' lang='lat' dir='ltr'>fatalis</span> <span class='ocrx_word' id='word_1_78' title='bbox 726 1395 772 1454; x_wconf 88' lang='lat' dir='ltr'>lis</span> <span class='ocrx_word' id='word_1_79' title='bbox 808 1414 883 1452; x_wconf 92' lang='lat' dir='ltr'>cum</span> <span class='ocrx_word' id='word_1_80' title='bbox 918 1394 1077 1452; x_wconf 90' lang='lat' dir='ltr'>tribunis</span> <span class='ocrx_word' id='word_1_81' title='bbox 1101 1412 1141 1451; x_wconf 89' lang='lat' dir='ltr'>ac</span> 
     </span>
     <span class='ocr_line' id='line_1_12' title="bbox 69 1499 1140 1577; baseline 0 -19"><span class='ocrx_word' id='word_1_82' title='bbox 69 1501 183 1577; x_wconf 84' lang='lat' dir='ltr'>plebe</span> <span class='ocrx_word' id='word_1_83' title='bbox 204 1511 292 1560; x_wconf 91' lang='lat' dir='ltr'>erat.</span> <span class='ocrx_word' id='word_1_84' title='bbox 336 1502 461 1574; x_wconf 84' lang='lat' dir='ltr'>(Fatalis</span> <span class='ocrx_word' id='word_1_85' title='bbox 484 1501 606 1560; x_wconf 86' lang='lat' dir='ltr'>tribunis</span> <span class='ocrx_word' id='word_1_86' title='bbox 631 1501 749 1558; x_wconf 88' lang='lat' dir='ltr'>minime</span> <span class='ocrx_word' id='word_1_87' title='bbox 770 1519 841 1576; x_wconf 86' lang='lat' dir='ltr'>gens</span> <span class='ocrx_word' id='word_1_88' title='bbox 863 1501 964 1577; x_wconf 86' lang='lat' dir='ltr'>Appia</span> <span class='ocrx_word' id='word_1_89' title='bbox 985 1500 1056 1570; x_wconf 89' lang='lat' dir='ltr'>fuit;</span> <span class='ocrx_word' id='word_1_90' title='bbox 1085 1499 1140 1558; x_wconf 84' lang='lat' dir='ltr'>ia·</span> 
     </span>
     <span class='ocr_line' id='line_1_13' title="bbox 69 1601 1119 1683; baseline -0.002 -19"><span class='ocrx_word' id='word_1_91' title='bbox 69 1606 165 1664; x_wconf 85' lang='lat' dir='ltr'>talis</span> <span class='ocrx_word' id='word_1_92' title='bbox 187 1607 231 1664; x_wconf 91' lang='lat' dir='ltr'>ad</span> <span class='ocrx_word' id='word_1_93' title='bbox 253 1606 342 1664; x_wconf 87' lang='lat' dir='ltr'>lites</span> <span class='ocrx_word' id='word_1_94' title='bbox 363 1627 420 1665; x_wconf 90' lang='lat' dir='ltr'>non</span> <span class='ocrx_word' id='word_1_95' title='bbox 443 1607 556 1672; x_wconf 78' lang='lat' dir='ltr'>dicitur,</span> <span class='ocrx_word' id='word_1_96' title='bbox 579 1606 624 1664; x_wconf 91' lang='lat' dir='ltr'>cui</span> <span class='ocrx_word' id='word_1_97' title='bbox 649 1607 705 1682; x_wconf 87' lang='lat' dir='ltr'>ipsi</span> <span class='ocrx_word' id='word_1_98' title='bbox 727 1606 790 1663; x_wconf 90' lang='lat' dir='ltr'>lites</span> <span class='ocrx_word' id='word_1_99' title='bbox 812 1605 874 1664; x_wconf 85' lang='lat' dir='ltr'>fato</span> <span class='ocrx_word' id='word_1_100' title='bbox 899 1607 976 1664; x_wconf 84' lang='lat' dir='ltr'>datm</span> <span class='ocrx_word' id='word_1_101' title='bbox 996 1601 1119 1683; x_wconf 83' lang='lat' dir='ltr'>sunt.)¹)</span> 
     </span>
    </p>

    <p class='ocr_par' dir='ltr' id='par_1_4' title="bbox 69 1710 1142 3052">
     <span class='ocr_line' id='line_1_14' title="bbox 161 1710 1140 1790; baseline 0 -20"><span class='ocrx_word' id='word_1_102' title='bbox 161 1710 234 1786; x_wconf 87' lang='lat' dir='ltr'>Cap.</span> <span class='ocrx_word' id='word_1_103' title='bbox 257 1713 306 1782; x_wconf 87' lang='grc'>39,</span> <span class='ocrx_word' id='word_1_104' title='bbox 329 1715 345 1770; x_wconf 85' lang='grc'>3</span> <span class='ocrx_word' id='word_1_105' title='bbox 370 1723 398 1771; x_wconf 89' lang='lat' dir='ltr'>et</span> <span class='ocrx_word' id='word_1_106' title='bbox 427 1717 454 1785; x_wconf 78' lang='lat'>4,</span> <span class='ocrx_word' id='word_1_107' title='bbox 475 1724 631 1790; x_wconf 90' lang='lat' dir='ltr'>postquam</span> <span class='ocrx_word' id='word_1_108' title='bbox 654 1713 756 1770; x_wconf 87' lang='lat' dir='ltr'>Livius</span> <span class='ocrx_word' id='word_1_109' title='bbox 780 1712 812 1772; x_wconf 82' lang='lat' dir='ltr'>L.</span> <span class='ocrx_word' id='word_1_110' title='bbox 839 1713 990 1788; x_wconf 88' lang='lat' dir='ltr'>Papirium</span> <span class='ocrx_word' id='word_1_111' title='bbox 1018 1712 1140 1770; x_wconf 88' lang='lat' dir='ltr'>dictato·</span> 
     </span>
     <span class='ocr_line' id='line_1_15' title="bbox 69 1816 1141 1894; baseline 0 -20"><span class='ocrx_word' id='word_1_112' title='bbox 69 1837 138 1875; x_wconf 89' lang='lat' dir='ltr'>rem</span> <span class='ocrx_word' id='word_1_113' title='bbox 162 1826 191 1874; x_wconf 87' lang='lat' dir='ltr'>et</span> <span class='ocrx_word' id='word_1_114' title='bbox 211 1816 245 1878; x_wconf 89' lang='lat' dir='ltr'>C.</span> <span class='ocrx_word' id='word_1_115' title='bbox 270 1818 412 1876; x_wconf 88' lang='lat' dir='ltr'>Marcium</span> <span class='ocrx_word' id='word_1_116' title='bbox 436 1817 581 1876; x_wconf 89' lang='lat' dir='ltr'>consulem</span> <span class='ocrx_word' id='word_1_117' title='bbox 604 1819 698 1894; x_wconf 89' lang='lat' dir='ltr'>iisque</span> <span class='ocrx_word' id='word_1_118' title='bbox 721 1819 872 1894; x_wconf 85' lang='lat' dir='ltr'>oppositos</span> <span class='ocrx_word' id='word_1_119' title='bbox 895 1817 1040 1878; x_wconf 87' lang='lat' dir='ltr'>Samnites</span> <span class='ocrx_word' id='word_1_120' title='bbox 1068 1816 1141 1874; x_wconf 89' lang='lat' dir='ltr'>dixit</span> 
     </span>
     <span class='ocr_line' id='line_1_16' title="bbox 70 1922 1140 1998; baseline 0 -18"><span class='ocrx_word' id='word_1_121' title='bbox 70 1923 224 1998; x_wconf 86' lang='lat' dir='ltr'>quietos</span> <span class='ocrx_word' id='word_1_122' title='bbox 267 1922 495 1996; x_wconf 81' lang='lat' dir='ltr'>aliquamdiu</span> <span class='ocrx_word' id='word_1_123' title='bbox 520 1941 583 1982; x_wconf 90' lang='lat' dir='ltr'>nec</span> <span class='ocrx_word' id='word_1_124' title='bbox 620 1925 695 1982; x_wconf 87' lang='lat' dir='ltr'>suis</span> <span class='ocrx_word' id='word_1_125' title='bbox 740 1923 961 1982; x_wconf 82' lang='lat' dir='ltr'>diffidentes</span> <span class='ocrx_word' id='word_1_126' title='bbox 997 1923 1140 1980; x_wconf 83' lang='lat' dir='ltr'>viribus</span> 
     </span>
     <span class='ocr_line' id='line_1_17' title="bbox 69 2029 1139 2105; baseline 0 -20"><span class='ocrx_word' id='word_1_127' title='bbox 69 2045 142 2086; x_wconf 87' lang='lat' dir='ltr'>nec</span> <span class='ocrx_word' id='word_1_128' title='bbox 165 2029 303 2085; x_wconf 85' lang='lat' dir='ltr'>hostem</span> <span class='ocrx_word' id='word_1_129' title='bbox 327 2038 544 2103; x_wconf 83' lang='lat' dir='ltr'>spernentes</span> <span class='ocrx_word' id='word_1_130' title='bbox 574 2029 715 2088; x_wconf 87' lang='lat' dir='ltr'>stativa</span> <span class='ocrx_word' id='word_1_131' title='bbox 736 2030 771 2086; x_wconf 91' lang='lat' dir='ltr'>in</span> <span class='ocrx_word' id='word_1_132' title='bbox 793 2029 1002 2105; x_wconf 91' lang='lat' dir='ltr'>propinquo</span> <span class='ocrx_word' id='word_1_133' title='bbox 1024 2029 1139 2086; x_wconf 91' lang='lat' dir='ltr'>habu-</span> 
     </span>
     <span class='ocr_line' id='line_1_18' title="bbox 69 2133 1140 2210; baseline -0.001 -19"><span class='ocrx_word' id='word_1_134' title='bbox 69 2135 165 2204; x_wconf 78' lang='lat' dir='ltr'>isse,</span> <span class='ocrx_word' id='word_1_135' title='bbox 186 2133 282 2192; x_wconf 83' lang='lat' dir='ltr'>subito</span> <span class='ocrx_word' id='word_1_136' title='bbox 307 2133 336 2190; x_wconf 91' lang='lat' dir='ltr'>in</span> <span class='ocrx_word' id='word_1_137' title='bbox 358 2133 505 2191; x_wconf 84' lang='lat' dir='ltr'>Etruriam</span> <span class='ocrx_word' id='word_1_138' title='bbox 529 2135 566 2192; x_wconf 90' lang='lat' dir='ltr'>ad</span> <span class='ocrx_word' id='word_1_139' title='bbox 587 2153 691 2210; x_wconf 89' lang='lat' dir='ltr'>resque</span> <span class='ocrx_word' id='word_1_140' title='bbox 712 2135 752 2194; x_wconf 90' lang='lat' dir='ltr'>ibi</span> <span class='ocrx_word' id='word_1_141' title='bbox 775 2155 793 2192; x_wconf 88' lang='lat' dir='ltr'>a</span> <span class='ocrx_word' id='word_1_142' title='bbox 827 2134 863 2208; x_wconf 85' lang='lat' dir='ltr'>Q.</span> <span class='ocrx_word' id='word_1_143' title='bbox 886 2133 980 2192; x_wconf 81' lang='lat' dir='ltr'>Fabio</span> <span class='ocrx_word' id='word_1_144' title='bbox 1004 2133 1140 2191; x_wconf 86' lang='lat' dir='ltr'>Rulliano</span> 
     </span>
     <span class='ocr_line' id='line_1_19' title="bbox 72 2237 1141 2315; baseline -0.004 -17"><span class='ocrx_word' id='word_1_145' title='bbox 72 2250 175 2315; x_wconf 81' lang='lat' dir='ltr'>gestas</span> <span class='ocrx_word' id='word_1_146' title='bbox 203 2238 398 2308; x_wconf 83' lang='lat' dir='ltr'>traducimur,</span> <span class='ocrx_word' id='word_1_147' title='bbox 424 2239 526 2297; x_wconf 90' lang='lat' dir='ltr'>deinde</span> <span class='ocrx_word' id='word_1_148' title='bbox 550 2259 613 2315; x_wconf 91' lang='lat' dir='ltr'>cap.</span> <span class='ocrx_word' id='word_1_149' title='bbox 636 2244 674 2298; x_wconf 80' lang='lat'>40</span> <span class='ocrx_word' id='word_1_150' title='bbox 698 2241 736 2299; x_wconf 88' lang='lat' dir='ltr'>ad</span> <span class='ocrx_word' id='word_1_151' title='bbox 767 2239 912 2298; x_wconf 81' lang='lat' dir='ltr'>Samnites</span> <span class='ocrx_word' id='word_1_152' title='bbox 939 2237 1066 2296; x_wconf 88' lang='lat' dir='ltr'>redimus</span> <span class='ocrx_word' id='word_1_153' title='bbox 1089 2255 1141 2294; x_wconf 89' lang='lat' dir='ltr'>nec</span> 
     </span>
     <span class='ocr_line' id='line_1_20' title="bbox 75 2343 1141 2422; baseline -0.001 -22"><span class='ocrx_word' id='word_1_154' title='bbox 75 2357 175 2402; x_wconf 86' lang='lat' dir='ltr'>tamen</span> <span class='ocrx_word' id='word_1_155' title='bbox 197 2344 234 2401; x_wconf 86' lang='lat' dir='ltr'>ad</span> <span class='ocrx_word' id='word_1_156' title='bbox 257 2363 333 2416; x_wconf 79' lang='lat' dir='ltr'>euru,</span> <span class='ocrx_word' id='word_1_157' title='bbox 356 2364 442 2420; x_wconf 89' lang='lat' dir='ltr'>quem</span> <span class='ocrx_word' id='word_1_158' title='bbox 463 2355 612 2403; x_wconf 86' lang='lat' dir='ltr'>narratum</span> <span class='ocrx_word' id='word_1_159' title='bbox 634 2347 806 2422; x_wconf 80' lang='lat' dir='ltr'>legeramus,</span> <span class='ocrx_word' id='word_1_160' title='bbox 835 2365 929 2404; x_wconf 88' lang='lat' dir='ltr'>rerum</span> <span class='ocrx_word' id='word_1_161' title='bbox 945 2353 1069 2412; x_wconf 84' lang='lat' dir='ltr'>statum,</span> <span class='ocrx_word' id='word_1_162' title='bbox 1091 2343 1141 2400; x_wconf 89' lang='lat' dir='ltr'>sed</span> 
     </span>
     <span class='ocr_line' id='line_1_21' title="bbox 76 2447 1141 2525; baseline -0.005 -16"><span class='ocrx_word' id='word_1_163' title='bbox 76 2451 114 2509; x_wconf 84' lang='lat' dir='ltr'>ad</span> <span class='ocrx_word' id='word_1_164' title='bbox 138 2450 225 2506; x_wconf 87' lang='lat' dir='ltr'>aliam</span> <span class='ocrx_word' id='word_1_165' title='bbox 252 2470 417 2525; x_wconf 88' lang='lat' dir='ltr'>novamque</span> <span class='ocrx_word' id='word_1_166' title='bbox 438 2449 543 2508; x_wconf 85' lang='lat' dir='ltr'>faciem</span> <span class='ocrx_word' id='word_1_167' title='bbox 567 2451 643 2508; x_wconf 90' lang='lat' dir='ltr'>belli.</span> <span class='ocrx_word' id='word_1_168' title='bbox 691 2451 757 2524; x_wconf 86' lang='lat' dir='ltr'>Quo</span> <span class='ocrx_word' id='word_1_169' title='bbox 780 2460 876 2510; x_wconf 78' lang='lat' dir='ltr'>etitem</span> <span class='ocrx_word' id='word_1_170' title='bbox 899 2450 964 2507; x_wconf 92' lang='lat' dir='ltr'>loco</span> <span class='ocrx_word' id='word_1_171' title='bbox 987 2469 1005 2506; x_wconf 87' lang='lat' dir='ltr'>a</span> <span class='ocrx_word' id='word_1_172' title='bbox 1026 2447 1141 2508; x_wconf 87' lang='lat' dir='ltr'>Samni-</span> 
     </span>
     <span class='ocr_line' id='line_1_22' title="bbox 75 2552 1142 2628; baseline -0.006 -14"><span class='ocrx_word' id='word_1_173' title='bbox 75 2557 154 2614; x_wconf 88' lang='lat' dir='ltr'>tibus</span> <span class='ocrx_word' id='word_1_174' title='bbox 176 2557 214 2612; x_wconf 88' lang='lat' dir='ltr'>ad</span> <span class='ocrx_word' id='word_1_175' title='bbox 237 2557 392 2614; x_wconf 85' lang='lat' dir='ltr'>Etruscum</span> <span class='ocrx_word' id='word_1_176' title='bbox 416 2556 523 2614; x_wconf 86' lang='lat' dir='ltr'>ballum</span> <span class='ocrx_word' id='word_1_177' title='bbox 547 2556 675 2613; x_wconf 87' lang='lat' dir='ltr'>narratio</span> <span class='ocrx_word' id='word_1_178' title='bbox 697 2555 880 2626; x_wconf 85' lang='lat' dir='ltr'>transfertur,</span> <span class='ocrx_word' id='word_1_179' title='bbox 903 2557 963 2612; x_wconf 85' lang='lat' dir='ltr'>haec</span> <span class='ocrx_word' id='word_1_180' title='bbox 977 2553 1035 2628; x_wconf 86' lang='lat' dir='ltr'>legi</span> <span class='ocrx_word' id='word_1_181' title='bbox 1049 2552 1142 2610; x_wconf 87' lang='lat' dir='ltr'>solent</span> 
     </span>
     <span class='ocr_line' id='line_1_23' title="bbox 75 2661 1141 2738; baseline -0.007 -18"><span class='ocrx_word' id='word_1_182' title='bbox 75 2663 104 2720; x_wconf 92' lang='lat' dir='ltr'>in</span> <span class='ocrx_word' id='word_1_183' title='bbox 128 2661 316 2720; x_wconf 88' lang='lat' dir='ltr'>editionibus:</span> <span class='ocrx_word' id='word_1_184' title='bbox 349 2663 498 2720; x_wconf 86' lang='lat' dir='ltr'>Interea</span> <span class='ocrx_word' id='word_1_185' title='bbox 520 2681 577 2720; x_wconf 90' lang='lat' dir='ltr'>res</span> <span class='ocrx_word' id='word_1_186' title='bbox 613 2662 647 2720; x_wconf 90' lang='lat' dir='ltr'>in</span> <span class='ocrx_word' id='word_1_187' title='bbox 669 2661 824 2720; x_wconf 83' lang='lat' dir='ltr'>Etruria</span> <span class='ocrx_word' id='word_1_188' title='bbox 849 2671 978 2738; x_wconf 83' lang='lat' dir='ltr'>gestoe;</span> <span class='ocrx_word' id='word_1_189' title='bbox 1007 2669 1141 2715; x_wconf 87' lang='lat' dir='ltr'>namet</span> 
     </span>
     <span class='ocr_line' id='line_1_24' title="bbox 75 2766 1139 2842; baseline -0.004 -16"><span class='ocrx_word' id='word_1_190' title='bbox 75 2787 155 2826; x_wconf 86' lang='lat' dir='ltr'>cum</span> <span class='ocrx_word' id='word_1_191' title='bbox 184 2767 403 2826; x_wconf 87' lang='lat' dir='ltr'>Umbrorum</span> <span class='ocrx_word' id='word_1_192' title='bbox 426 2767 595 2825; x_wconf 85' lang='lat' dir='ltr'>exercitu</span> <span class='ocrx_word' id='word_1_193' title='bbox 617 2766 696 2824; x_wconf 90' lang='lat' dir='ltr'>acie</span> <span class='ocrx_word' id='word_1_194' title='bbox 721 2767 970 2842; x_wconf 82' lang='lat' dir='ltr'>depugnatum</span> <span class='ocrx_word' id='word_1_195' title='bbox 999 2775 1055 2824; x_wconf 89' lang='lat' dir='ltr'>est</span> <span class='ocrx_word' id='word_1_196' title='bbox 1086 2775 1139 2822; x_wconf 89' lang='lat' dir='ltr'>cet.</span> 
     </span>
     <span class='ocr_line' id='line_1_25' title="bbox 75 2871 1140 2948; baseline -0.004 -16"><span class='ocrx_word' id='word_1_197' title='bbox 75 2874 135 2932; x_wconf 83' lang='lat' dir='ltr'>Sed</span> <span class='ocrx_word' id='word_1_198' title='bbox 159 2873 251 2930; x_wconf 87' lang='lat' dir='ltr'>verba</span> <span class='ocrx_word' id='word_1_199' title='bbox 272 2873 414 2930; x_wconf 89' lang='lat' dir='ltr'>interea</span> <span class='ocrx_word' id='word_1_200' title='bbox 434 2891 492 2930; x_wconf 88' lang='lat' dir='ltr'>res</span> <span class='ocrx_word' id='word_1_201' title='bbox 519 2872 552 2928; x_wconf 92' lang='lat' dir='ltr'>in</span> <span class='ocrx_word' id='word_1_202' title='bbox 582 2873 732 2944; x_wconf 82' lang='lat' dir='ltr'>Etruria</span> <span class='ocrx_word' id='word_1_203' title='bbox 753 2883 863 2948; x_wconf 75' lang='lat' dir='ltr'>gestat</span> <span class='ocrx_word' id='word_1_204' title='bbox 883 2873 912 2930; x_wconf 89' lang='lat' dir='ltr'>in</span> <span class='ocrx_word' id='word_1_205' title='bbox 936 2873 1009 2930; x_wconf 76' lang='lat' dir='ltr'>ML!</span> <span class='ocrx_word' id='word_1_206' title='bbox 1037 2871 1140 2928; x_wconf 91' lang='lat' dir='ltr'>deteri·</span> 
     </span>
     <span class='ocr_line' id='line_1_26' title="bbox 75 2977 1141 3052; baseline -0.001 -16"><span class='ocrx_word' id='word_1_207' title='bbox 75 2997 158 3036; x_wconf 93' lang='lat' dir='ltr'>orum</span> <span class='ocrx_word' id='word_1_208' title='bbox 191 2978 303 3052; x_wconf 87' lang='lat' dir='ltr'>aliquot</span> <span class='ocrx_word' id='word_1_209' title='bbox 344 2982 393 3048; x_wconf 84' lang='lat' dir='ltr'>(ut</span> <span class='ocrx_word' id='word_1_210' title='bbox 424 2977 497 3036; x_wconf 87' lang='lat' dir='ltr'>Lov.</span> <span class='ocrx_word' id='word_1_211' title='bbox 528 2981 564 3047; x_wconf 89' lang='grc'>3,</span> <span class='ocrx_word' id='word_1_212' title='bbox 600 2982 627 3046; x_wconf 77' lang='lat' dir='ltr'>l,</span> <span class='ocrx_word' id='word_1_213' title='bbox 659 2981 695 3046; x_wconf 81' lang='lat'>5,</span> <span class='ocrx_word' id='word_1_214' title='bbox 725 2978 750 3034; x_wconf 92' lang='lat' dir='ltr'>si</span> <span class='ocrx_word' id='word_1_215' title='bbox 778 2989 855 3036; x_wconf 89' lang='lat' dir='ltr'>recte</span> <span class='ocrx_word' id='word_1_216' title='bbox 884 2978 1141 3037; x_wconf 85' lang='lat' dir='ltr'>Drakenborchius</span> 
     </span>
    </p>
   </div>
   <div class='ocr_carea' id='block_1_3' title="bbox 76 3123 274 3132">
    <p class='ocr_par' dir='ltr' id='par_1_5' title="bbox 76 3123 274 3132">
     <span class='ocr_line' id='line_1_27' title="bbox 76 3123 274 3132; baseline 0 0"><span class='ocrx_word' id='word_1_217' title='bbox 76 3123 274 3132; x_wconf 60' lang='lat' dir='ltr'>...a-n--uu——a</span> 
     </span>
    </p>
   </div>
   <div class='ocr_carea' id='block_1_4' title="bbox 92 3217 1142 4120">
    <p class='ocr_par' dir='ltr' id='par_1_6' title="bbox 92 3217 1142 4120">
     <span class='ocr_line' id='line_1_28' title="bbox 92 3217 1142 3290; baseline 0.003 -20"><span class='ocrx_word' id='word_1_218' title='bbox 92 3217 117 3286; x_wconf 88' lang='lat'>¹)</span> <span class='ocrx_word' id='word_1_219' title='bbox 146 3222 210 3286; x_wconf 84' lang='lat' dir='ltr'>Gap.</span> <span class='ocrx_word' id='word_1_220' title='bbox 230 3226 279 3280; x_wconf 82' lang='grc'>36,</span> <span class='ocrx_word' id='word_1_221' title='bbox 308 3225 419 3274; x_wconf 66' lang='lat' dir='ltr'>adoles</span> <span class='ocrx_word' id='word_1_222' title='bbox 437 3233 463 3274; x_wconf 90' lang='lat' dir='ltr'>et</span> <span class='ocrx_word' id='word_1_223' title='bbox 480 3225 607 3288; x_wconf 81' lang='lat' dir='ltr'>indignor,</span> <span class='ocrx_word' id='word_1_224' title='bbox 635 3239 667 3273; x_wconf 90' lang='lat' dir='ltr'>ne</span> <span class='ocrx_word' id='word_1_225' title='bbox 687 3228 880 3276; x_wconf 82' lang='lat' dir='ltr'>commemorari</span> <span class='ocrx_word' id='word_1_226' title='bbox 900 3228 1000 3290; x_wconf 83' lang='lat' dir='ltr'>quidem</span> <span class='ocrx_word' id='word_1_227' title='bbox 1019 3242 1035 3275; x_wconf 85' lang='lat' dir='ltr'>a</span> <span class='ocrx_word' id='word_1_228' title='bbox 1052 3240 1142 3274; x_wconf 67' lang='lat' dir='ltr'>recem</span> 
     </span>
     <span class='ocr_line' id='line_1_29' title="bbox 146 3315 1140 3377; baseline 0.004 -15"><span class='ocrx_word' id='word_1_229' title='bbox 146 3315 249 3363; x_wconf 84' lang='lat' dir='ltr'>tissimis</span> <span class='ocrx_word' id='word_1_230' title='bbox 268 3316 409 3366; x_wconf 86' lang='lat' dir='ltr'>editoribus</span> <span class='ocrx_word' id='word_1_231' title='bbox 428 3319 598 3366; x_wconf 82' lang='lat' dir='ltr'>necessarium</span> <span class='ocrx_word' id='word_1_232' title='bbox 617 3317 669 3366; x_wconf 85' lang='lat' dir='ltr'>Ire.</span> <span class='ocrx_word' id='word_1_233' title='bbox 682 3318 806 3368; x_wconf 82' lang='lat' dir='ltr'>Pcn&#39;ronli</span> <span class='ocrx_word' id='word_1_234' title='bbox 827 3321 1032 3368; x_wconf 84' lang='lat' dir='ltr'>emendationem</span> <span class='ocrx_word' id='word_1_235' title='bbox 1052 3317 1140 3377; x_wconf 78' lang='lat' dir='ltr'>(Tum</span> 
     </span>
     <span class='ocr_line' id='line_1_30' title="bbox 145 3407 1139 3470; baseline 0.003 -16"><span class='ocrx_word' id='word_1_236' title='bbox 145 3407 259 3466; x_wconf 87' lang='lat' dir='ltr'>exiis,</span> <span class='ocrx_word' id='word_1_237' title='bbox 284 3410 338 3470; x_wconf 88' lang='lat' dir='ltr'>qui</span> <span class='ocrx_word' id='word_1_238' title='bbox 366 3411 516 3468; x_wconf 85' lang='lat' dir='ltr'>aderant,</span> <span class='ocrx_word' id='word_1_239' title='bbox 545 3409 694 3461; x_wconf 84' lang='lat' dir='ltr'>consulis</span> <span class='ocrx_word' id='word_1_240' title='bbox 724 3411 830 3462; x_wconf 83' lang='lat' dir='ltr'>irater</span> <span class='ocrx_word' id='word_1_241' title='bbox 854 3439 882 3449; x_wconf 91' lang='lat'><em>-</em></span> <span class='ocrx_word' id='word_1_242' title='bbox 911 3427 978 3462; x_wconf 87' lang='lat' dir='ltr'>eum</span> <span class='ocrx_word' id='word_1_243' title='bbox 1005 3410 1139 3460; x_wconf 77' lang='lat' dir='ltr'>Fabium</span> 
     </span>
     <span class='ocr_line' id='line_1_31' title="bbox 145 3498 1139 3566; baseline 0.001 -19"><span class='ocrx_word' id='word_1_244' title='bbox 145 3498 313 3549; x_wconf 66' lang='lat' dir='ltr'>Kaesonem</span> <span class='ocrx_word' id='word_1_245' title='bbox 345 3501 417 3561; x_wconf 85' lang='lat' dir='ltr'>alii,</span> <span class='ocrx_word' id='word_1_246' title='bbox 452 3501 479 3550; x_wconf 89' lang='lat' dir='ltr'>C.</span> <span class='ocrx_word' id='word_1_247' title='bbox 509 3501 683 3552; x_wconf 87' lang='lat' dir='ltr'>Claudium</span> <span class='ocrx_word' id='word_1_248' title='bbox 715 3503 857 3566; x_wconf 82' lang='lat' dir='ltr'>quidnm,</span> <span class='ocrx_word' id='word_1_249' title='bbox 884 3513 985 3552; x_wconf 84' lang='lat' dir='ltr'>marro</span> <span class='ocrx_word' id='word_1_250' title='bbox 1019 3501 1139 3564; x_wconf 84' lang='lat' dir='ltr'>eadem,</span> 
     </span>
     <span class='ocr_line' id='line_1_32' title="bbox 145 3593 1141 3659; baseline 0.002 -21"><span class='ocrx_word' id='word_1_251' title='bbox 145 3605 208 3654; x_wconf 80' lang='lat' dir='ltr'>qua</span> <span class='ocrx_word' id='word_1_252' title='bbox 236 3593 423 3652; x_wconf 87' lang='lat' dir='ltr'>consulem,</span> <span class='ocrx_word' id='word_1_253' title='bbox 453 3597 614 3656; x_wconf 81' lang='lat' dir='ltr'>genitum,</span> <span class='ocrx_word' id='word_1_254' title='bbox 646 3595 779 3645; x_wconf 88' lang='lat' dir='ltr'>tradunt</span> <span class='ocrx_word' id='word_1_255' title='bbox 811 3622 841 3632; x_wconf 89' lang='lat'><em>-</em></span> <span class='ocrx_word' id='word_1_256' title='bbox 874 3593 1079 3659; x_wconf 85' lang='lat' dir='ltr'>speculatum</span> <span class='ocrx_word' id='word_1_257' title='bbox 1109 3607 1141 3642; x_wconf 90' lang='lat' dir='ltr'>se</span> 
     </span>
     <span class='ocr_line' id='line_1_33' title="bbox 146 3684 1140 3752; baseline 0 -21"><span class='ocrx_word' id='word_1_258' title='bbox 146 3685 265 3732; x_wconf 88' lang='lat' dir='ltr'>iturum</span> <span class='ocrx_word' id='word_1_259' title='bbox 294 3684 466 3750; x_wconf 78' lang='lat' dir='ltr'>professus</span> <span class='ocrx_word' id='word_1_260' title='bbox 498 3688 569 3748; x_wconf 88' lang='lat' dir='ltr'>cet.)</span> <span class='ocrx_word' id='word_1_261' title='bbox 589 3689 719 3752; x_wconf 87' lang='lat' dir='ltr'>tenerique</span> <span class='ocrx_word' id='word_1_262' title='bbox 748 3689 823 3738; x_wconf 87' lang='lat' dir='ltr'>tacite</span> <span class='ocrx_word' id='word_1_263' title='bbox 848 3703 905 3737; x_wconf 87' lang='lat' dir='ltr'>eam</span> <span class='ocrx_word' id='word_1_264' title='bbox 927 3687 1087 3752; x_wconf 83' lang='lat' dir='ltr'>scripturam,</span> <span class='ocrx_word' id='word_1_265' title='bbox 1113 3685 1140 3731; x_wconf 92' lang='lat' dir='ltr'>iu</span> 
     </span>
     <span class='ocr_line' id='line_1_34' title="bbox 146 3777 1139 3843; baseline 0.002 -19"><span class='ocrx_word' id='word_1_266' title='bbox 146 3791 205 3839; x_wconf 86' lang='lat' dir='ltr'>qun,</span> <span class='ocrx_word' id='word_1_267' title='bbox 229 3777 285 3837; x_wconf 88' lang='lat' dir='ltr'>quis</span> <span class='ocrx_word' id='word_1_268' title='bbox 312 3778 373 3842; x_wconf 83' lang='lat' dir='ltr'>qnid</span> <span class='ocrx_word' id='word_1_269' title='bbox 398 3777 498 3837; x_wconf 83' lang='lat' dir='ltr'>lecerit,</span> <span class='ocrx_word' id='word_1_270' title='bbox 526 3779 669 3838; x_wconf 83' lang='lat' dir='ltr'>omittatur,</span> <span class='ocrx_word' id='word_1_271' title='bbox 694 3789 823 3843; x_wconf 72' lang='lat' dir='ltr'>quaeratur</span> <span class='ocrx_word' id='word_1_272' title='bbox 847 3788 932 3828; x_wconf 87' lang='lat' dir='ltr'>autom</span> <span class='ocrx_word' id='word_1_273' title='bbox 950 3779 1021 3842; x_wconf 85' lang='lat' dir='ltr'>quusi</span> <span class='ocrx_word' id='word_1_274' title='bbox 1040 3791 1086 3842; x_wconf 87' lang='lat' dir='ltr'>per</span> <span class='ocrx_word' id='word_1_275' title='bbox 1104 3791 1139 3834; x_wconf 76' lang='lat' dir='ltr'>sc.</span> 
     </span>
     <span class='ocr_line' id='line_1_35' title="bbox 145 3868 1140 3936; baseline 0.002 -21"><span class='ocrx_word' id='word_1_276' title='bbox 145 3882 197 3932; x_wconf 88' lang='lat' dir='ltr'>quo</span> <span class='ocrx_word' id='word_1_277' title='bbox 218 3868 320 3916; x_wconf 86' lang='lat' dir='ltr'>nomine</span> <span class='ocrx_word' id='word_1_278' title='bbox 340 3869 453 3920; x_wconf 86' lang='lat' dir='ltr'>consulis</span> <span class='ocrx_word' id='word_1_279' title='bbox 471 3869 549 3920; x_wconf 86' lang='lat' dir='ltr'>iretcr</span> <span class='ocrx_word' id='word_1_280' title='bbox 567 3871 649 3921; x_wconf 85' lang='lat' dir='ltr'>luerit</span> <span class='ocrx_word' id='word_1_281' title='bbox 693 3873 733 3922; x_wconf 89' lang='lat' dir='ltr'>Do</span> <span class='ocrx_word' id='word_1_282' title='bbox 758 3871 815 3922; x_wconf 91' lang='lat' dir='ltr'>loco</span> <span class='ocrx_word' id='word_1_283' title='bbox 839 3872 930 3936; x_wconf 86' lang='lat' dir='ltr'>capitis</span> <span class='ocrx_word' id='word_1_284' title='bbox 949 3876 992 3930; x_wconf 77' lang='grc'>34,</span> <span class='ocrx_word' id='word_1_285' title='bbox 1021 3875 1051 3918; x_wconf 80' lang='lat' dir='ltr'>la</span> <span class='ocrx_word' id='word_1_286' title='bbox 1072 3879 1140 3918; x_wconf 87' lang='lat' dir='ltr'>recte</span> 
     </span>
     <span class='ocr_line' id='line_1_36' title="bbox 145 3961 1140 4028; baseline 0.002 -20"><span class='ocrx_word' id='word_1_287' title='bbox 145 3961 350 4024; x_wconf 83' lang='lat' dir='ltr'>interpungendo</span> <span class='ocrx_word' id='word_1_288' title='bbox 373 3962 542 4012; x_wconf 86' lang='lat' dir='ltr'>admonitioni</span> <span class='ocrx_word' id='word_1_289' title='bbox 570 3979 632 4013; x_wconf 80' lang='lat' dir='ltr'>moa</span> <span class='ocrx_word' id='word_1_290' title='bbox 649 3964 694 4028; x_wconf 90' lang='lat' dir='ltr'>(ad</span> <span class='ocrx_word' id='word_1_291' title='bbox 720 3964 774 4014; x_wconf 83' lang='lat' dir='ltr'>Cic.</span> <span class='ocrx_word' id='word_1_292' title='bbox 802 3963 857 4012; x_wconf 82' lang='lat' dir='ltr'>Flu.</span> <span class='ocrx_word' id='word_1_293' title='bbox 887 3979 911 4028; x_wconf 93' lang='lat' dir='ltr'>p.</span> <span class='ocrx_word' id='word_1_294' title='bbox 935 3961 998 4026; x_wconf 76' lang='lat'>273)</span> <span class='ocrx_word' id='word_1_295' title='bbox 1024 3963 1140 4012; x_wconf 80' lang='lat' dir='ltr'>llcrtzius</span> 
     </span>
     <span class='ocr_line' id='line_1_37' title="bbox 145 4053 1087 4120; baseline 0.001 -18"><span class='ocrx_word' id='word_1_296' title='bbox 145 4053 281 4102; x_wconf 82' lang='lat' dir='ltr'>obsecutus</span> <span class='ocrx_word' id='word_1_297' title='bbox 301 4061 352 4113; x_wconf 80' lang='lat' dir='ltr'>est3</span> <span class='ocrx_word' id='word_1_298' title='bbox 371 4053 596 4104; x_wconf 85' lang='lat' dir='ltr'>Weissenboruius</span> <span class='ocrx_word' id='word_1_299' title='bbox 614 4064 712 4118; x_wconf 88' lang='lat' dir='ltr'>partem</span> <span class='ocrx_word' id='word_1_300' title='bbox 730 4057 800 4120; x_wconf 80' lang='lat' dir='ltr'>pravi</span> <span class='ocrx_word' id='word_1_301' title='bbox 826 4055 957 4118; x_wconf 75' lang='lat' dir='ltr'>(dicati)</span> <span class='ocrx_word' id='word_1_302' title='bbox 977 4055 1087 4118; x_wconf 83' lang='lat' dir='ltr'>reliquit.</span> 
     </span>
    </p>
   </div>
   <div class='ocr_carea' id='block_1_5' title="bbox 0 0 1404 4646">
    <p class='ocr_par' dir='ltr' id='par_1_7' title="bbox 0 0 1404 4646">
     <span class='ocr_line' id='line_1_38' title="bbox 0 0 1404 4646; baseline 0 0"><span class='ocrx_word' id='word_1_303' title='bbox 0 0 1404 4646; x_wconf 95' lang='lat' dir='ltr'> </span> 
     </span>
    </p>
   </div>
  </div>
 </body>
</html>
