2822 4648
577 305 614 364 83
968 302 1024 352 nis.
1043 289 1097 351 111.¹

58 488 243 545 restituta
285 484 381 564 [trib]
428 497 637 564 potestate,
668 487 789 564 redigi
828 488 862 544 in
891 487 1126 544 concordiam

59 611 123 650 res
161 603 362 668 nequeant,
391 595 498 670 agique
525 595 561 653 de
593 613 664 652 cura
696 604 725 651 et
759 594 861 651 timore
896 593 1027 668 patribus
1063 592 1127 649 inii·

59 701 181 768 ciendo,
216 717 267 768 ue,
299 699 332 756 si‘
356 699 410 756 illis
443 701 549 760 diutius
581 701 837 777 tergiversantibus
869 699 951 775 plebs
978 700 1043 775 ipss
1073 700 1127 757 sibi

59 805 245 862 consuluerit
275 817 304 863 et
324 807 454 863 tribunos
474 827 528 883 per
549 827 580 865 se
609 809 764 879 creaverit,
796 807 889 865 omnis
912 805 1031 864 tollatur
1060 823 1128 862 con·

61 911 176 968 cordia
201 913 383 970 restituendae
410 931 486 989 spes.
542 914 600 974 Sed
626 923 723 971 utrum
750 914 779 970 in
808 915 881 970 hanc
908 911 1033 969 formem
1060 931 1128 970 ora·

60 1018 108 1073 tio
132 1017 211 1074 Livii
234 1029 375 1094 concepta
395 1018 494 1076 fuerit:
528 1021 789 1094 veriturosque
812 1017 944 1094 (patres),
965 1037 1016 1087 ne,
1038 1037 1075 1075 an
1097 1019 1125 1076 in

61 1125 160 1181 banc:
181 1141 449 1200 cessurosque,
477 1144 518 1182 ne
540 1133 610 1195 εἴας
633 1145 692 1182 non
713 1125 827 1195 definio,
859 1125 965 1182 nedum
995 1125 1031 1182 de
1058 1125 1128 1202 ipsis

63 1230 167 1286 verbis
188 1230 345 1305 quidquam
362 1229 512 1290 affirmem.
546 1229 712 1290 Subiectum
726 1231 858 1288 infinitivi
871 1229 1128 1308 (sciturosque)

64 1345 168 1410 patres
188 1355 260 1404 esse,
285 1357 321 1394 ne
345 1338 408 1412 quis
429 1338 555 1409 dubitet,
577 1347 659 1414 patet
682 1357 719 1394 ex
740 1357 784 1408 eo,
807 1338 885 1412 quod
906 1338 944 1394 ad
968 1337 1130 1395 admoni-

65 1453 188 1499 turum
212 1444 327 1500 auditur
348 1463 416 1501 cos.

159 1547 256 1625 lCap.
281 1553 384 1620 56,5:
407 1551 482 1607 Nec
510 1550 545 1606 in
579 1549 781 1607 tribunicio
812 1547 957 1606 auxilio
985 1549 1129 1624 Appius

65 1673 133 1710 uec
155 1655 192 1712 in
214 1655 351 1712 iudicio
374 1656 499 1730 populi
519 1656 631 1713 ullam
653 1675 748 1732 spem
771 1656 942 1724 habebat;
972 1664 1128 1712 attamen

65 1771 101 1817 et
134 1762 304 1818 tribunos
325 1761 445 1836 plebis
467 1760 675 1836 appellavit
699 1769 733 1816 st
758 1791 792 1802 -
818 1771 988 1836 arreptus
1011 1779 1029 1817 a
1051 1761 1129 1818 via-

66 1871 168 1938 tore',
195 1870 382 1938 Provoco,
412 1866 539 1941 inquit.
593 1868 656 1924 Aut
677 1883 718 1923 sc
738 1874 855 1924 tamen
877 1867 1057 1924 scribendum
1080 1875 1131 1924 aut

67 1973 168 2048 potius
191 1983 227 2028 at
250 1972 417 2042 tollendum,
440 1991 476 2030 ex
499 1971 612 2048 syllaba
633 1973 806 2047 precedenti
828 1983 932 2029 ortum.

155 2077 231 2155 Cap.
257 2083 304 2148 56,
332 2081 367 2136 tt
391 2077 432 2154 (in
455 2079 586 2136 oratione
602 2077 718 2153 Appiit:
741 2079 842 2152 Quod
864 2079 894 2136 si
915 2079 1053 2137 tribuni
1075 2099 1129 2136 eo·

67 2185 148 2242 dem
171 2185 323 2243 t'ooderc
345 2185 532 2260 obligatos
554 2203 591 2240 se
616 2182 987 2242 fateanturtollendae
1009 2185 1129 2262 appel·

70 2293 231 2350 lationis
269 2309 393 2362 censu,
429 2291 463 2347 in
489 2307 591 2365 quam
627 2289 866 2364 conspirasse
904 2291 1131 2350 decemviros

69 2398 258 2454 criminati
286 2396 376 2466 sint,
399 2405 435 2452 at
456 2413 493 2453 se
514 2414 720 2472 provocare
751 2397 794 2453 ad
818 2397 996 2472 populum.
1051 2397 1131 2457 Scri-

69 2503 197 2560 bendum
220 2521 299 2560 esse:
321 2503 443 2560 eodem
465 2499 620 2559 loedere
648 2533 700 2570 —,
721 2503 756 2558 in
780 2503 883 2576 quod,
904 2513 964 2560 tam
990 2513 1131 2579 estaper-
1194 2551 1197 2560 .

70 2620 149 2678 tum,
172 2621 204 2666 ut
224 2611 342 2678 mirere,
366 2609 471 2666 nemini
502 2608 532 2664 in
554 2615 677 2665 mentem
698 2609 821 2666 venisse.
875 2612 922 2668 Ac
949 2610 1070 2684 nequis
1098 2613 1131 2668 fi-

70 2733 176 2788 guram
202 2715 331 2789 aliquem
352 2715 599 2784 comminiscetur,
622 2733 681 2790 qua
701 2715 854 2772 relativum
880 2716 917 2772 ab
941 2716 1062 2772 eodem
1086 2733 1131 2772 se·

70 2821 153 2896 iungi
175 2822 268 2896 possit
296 2823 344 2895 (-·
376 2823 428 2878 etsi
454 2821 515 2879 fieri
537 2821 565 2878 id
591 2821 669 2878 nullo
689 2821 776 2878 modo
797 2829 893 2896 potest
916 2821 983 2896 —),
1014 2821 1132 2893 addam,

69 2927 194 2985 ridicule
224 2927 280 2984 dici
309 2928 526 3004 conspirare
557 2927 593 2984 in
627 2927 929 3002 appellationem
958 2946 1025 2984 nam
1054 2928 1132 3002 quod

69 3033 273 3090 tollendam
296 3033 389 3090 audiri
409 3034 519 3106 volunt,
541 3034 605 3109 quis
627 3051 753 3107 unquam
776 3032 916 3088 eiusmodi
937 3035 1059 3108 figurem
1080 3053 1132 3091 no-

69 3140 124 3208 vit,
152 3149 185 3196 ut
194 3139 385 3216 gerundivum
398 3141 578 3198 substantivo
601 3139 742 3195 adiectum
766 3139 900 3196 audiatur
924 3139 960 3194 ad
971 3159 1131 3214 pronomen

70 3244 226 3302 relativum
239 3245 398 3303 subiectum
410 3247 507 3321 (quasi
520 3247 615 3304 dicas:
632 3245 881 3321 oppugnandae
892 3246 991 3302 urbis
1014 3265 1132 3317 causa,

71 3351 105 3406 in
129 3369 235 3425 quam
257 3353 339 3409 veui
360 3371 423 3410 esse
444 3353 594 3428 inquam
609 3349 921 3427 oppugnandam?
942 3352 1133 3410 Tamnehoc

71 3457 192 3532 quidem
217 3458 353 3515 Latinum
376 3469 419 3516 est
441 3457 658 3534 conspirare
684 3457 720 3513 in
741 3475 812 3513 rem
835 3455 1057 3529 faciendam,
1081 3460 1132 3516 sed

72 3565 210 3621 adrem
233 3563 300 3620 lac.
348 3562 549 3622 Confitendum
579 3563 683 3639 igitur,
705 3562 824 3638 opinor,
846 3563 909 3634 erit,
930 3583 1089 3638 pronomen
1112 3585 1131 3622 e

70 3671 192 3728 librario
215 3689 312 3728 errore
334 3672 370 3728 ad
391 3671 556 3748 proximum
577 3689 682 3727 nomen
694 3669 944 3726 accommodatum
955 3687 1026 3727 esse.
1062 3671 1130 3729 Vid.

70 3795 205 3852 prooem.
229 3795 258 3851 p.
287 3779 322 3833 10
346 3796 390 3852 sq.

158 3881 233 3958 Cap.
257 3885 306 3950 61,
332 3884 382 3940 12ε
409 3883 483 3940 Iam
505 3880 682 3939 Horatius
710 3897 772 3937 eos
795 3879 924 3956 (milites)
947 3879 1133 3942 excursio-

71 3990 181 4046 nibus
213 3987 439 4046 sufliciendo
469 3987 698 4064 proeliisque
729 3985 875 4043 levibus
909 3989 1134 4063 experiundo

71 4092 332 4152 adsuefecerat
352 4093 590 4150 sibi-fidere.
617 4091 699 4150 Nihil
710 4091 961 4152 essesufficere
982 4095 1134 4154 militent
