2822 4648
587 277 641 332 119
992 277 1049 325 Lib.
1077 276 1110 324 V.

67 473 114 510 ea
145 475 178 531 p.
205 456 281 518 Etr.
304 458 534 516 invisitatam
556 468 713 534 gentam3
750 479 787 516 ex
809 478 867 534 quo
889 459 1073 534 perspicuum
1094 469 1147 530 est,

68 559 239 618 desiderari
260 563 451 636 infinitivum,
489 566 539 639 qui
568 573 619 622 aut
637 565 777 622 exciderit
803 565 904 622 autin
927 563 1081 620 maxime
1104 564 1146 620 la-

68 675 145 740 teat,
171 667 227 722 etsi
248 669 312 724 lieri
333 679 437 745 potest,
457 679 488 727 ut
510 670 644 727 mendum
666 689 725 727 non
748 689 806 728 uno
829 671 879 728 illo
897 669 988 726 verbo
1001 669 1147 726 continea-

70 779 129 825 tur.
202 772 252 828 Ad
286 776 456 833 sententiam
492 787 592 853 aptum
622 775 672 832 sit:
715 777 908 835 Imminere
941 774 1148 849 [Imminere

70 877 199 952 quum]
223 879 379 937 maxime
400 881 435 938 in
457 901 532 938 eam
557 891 698 957 partem
721 881 877 938 Etruriae
897 889 1039 956 gentem
1059 879 1147 936 invi-

70 982 244 1054 sitatam3
280 985 322 1042 ita
345 986 460 1044 Livium
483 987 646 1063 scripsisse,
678 986 798 1042 multum
822 989 919 1058 abest,
942 994 973 1042 ut
994 983 1147 1056 affirmem,

72 1107 110 1144 ac
132 1089 235 1164 potius
256 1091 436 1165 probabilius
459 1091 568 1167 aliquid
589 1091 715 1165 requiro.

163 1187 242 1270 Cap.
273 1199 318 1266 18,
342 1202 376 1266 t,
398 1199 427 1255 iu
450 1198 581 1254 oratione
604 1199 639 1253 P.
662 1195 766 1253 Licinii
788 1192 872 1250 Calvi
894 1194 1071 1253 tribunatum
1093 1198 1146 1254 mi·

74 1299 162 1356 litum
184 1301 383 1374 deprecantis,
416 1305 484 1362 olim
506 1303 660 1360 edebatur:
683 1300 721 1358 Si
746 1299 909 1374 collegas
932 1304 1074 1360 eosdem
1096 1324 1147 1361 re-

74 1403 210 1474 ficitis,
232 1407 340 1464 etiam
364 1427 428 1465 usu
451 1409 624 1466 meliores
647 1406 777 1475 factos,
799 1425 851 1462 me
874 1405 943 1463 iam
970 1426 1038 1466 non
1060 1428 1147 1466 eun·

74 1508 157 1566 dem
181 1543 220 1551 —
243 1512 390 1570 videtis.
446 1514 519 1573 Cod.
543 1515 574 1570 M
598 1514 646 1570 sit
667 1511 847 1586 collegas,
879 1513 905 1569 P
932 1514 961 1569 si
985 1523 1018 1569 et
1040 1515 1147 1571 colle·

74 1633 143 1690 gas
196 1617 256 1691 llll
290 1626 323 1674 et
351 1619 382 1674 si
420 1619 603 1694 collegas,
638 1620 677 1676 Ll
705 1618 758 1674 sic
788 1618 984 1692 collegas),
1022 1637 1059 1675 ex
1089 1637 1146 1693 quo

74 1721 335 1779 Weissenbornius
354 1722 436 1779 iecit:
472 1723 540 1782 Sed
575 1724 605 1780 si
636 1723 822 1798 collegas,
859 1731 970 1780 retenta
1005 1724 1148 1800 particula

75 1827 282 1898 condicionali,
306 1845 369 1902 quae
391 1829 561 1885 sententiam
586 1828 764 1905 pessumdat,
787 1829 870 1902 quasi
888 1828 1000 1885 dubitet
1011 1829 1146 1900 Licinius,

75 1932 174 1987 sintne
197 1932 315 2008 collegae
337 1933 438 2002 iidem,
467 1935 516 2008 qui
538 1935 660 2006 fuerint,
682 1945 711 1992 et
732 1935 816 2009 quasi
839 1936 894 1992 hoc
916 1933 1072 2008 quicquam
1094 1953 1147 1990 va-

76 2037 139 2093 leat
160 2037 198 2092 ad
221 2038 311 2112 ipsius
333 2039 408 2095 vires
431 2047 459 2095 et
481 2040 621 2116 vigorem.
648 2041 755 2115 Neque
777 2040 905 2098 enimsi
927 2039 1005 2115 opud
1026 2040 1147 2096 Latinos

78 2162 210 2218 unquam
237 2143 266 2200 in
293 2145 510 2219 comparatione
546 2147 588 2203 ita
623 2145 756 2221 ponitur,
801 2136 1046 2219 quemadmddum
1069 2145 1144 2203 Ger·

79 2250 195 2306 manica
235 2250 329 2305 dicas:
375 2251 472 2307 Wenn
503 2253 548 2308 ihr
578 2254 649 2308 aber
677 2269 714 2306 an
753 2251 865 2308 meinen
902 2249 1041 2326 Collegen
1074 2269 1147 2326 ganz

78 2355 227 2412 disselben
250 2355 374 2412 Manner
402 2356 446 2412 als
468 2356 570 2414 irnher
595 2357 698 2428 findet,
732 2375 765 2413 so
797 2357 845 2414 bin
869 2358 916 2414 ich
941 2358 1071 2433 dagegcn
1093 2369 1146 2416 etc.

77 2461 270 2520 scribendum
298 2470 376 2530 erat,
413 2463 595 2538 apertissime
621 2463 700 2520 viam
723 2463 952 2520 monstrantibus
979 2465 1053 2520 MP:
1090 2465 1148 2529 Sal

77 2566 244 2642 collegas
267 2567 411 2625 eosdem
433 2569 649 2626 reficitis-
665 2588 715 2637 -3
738 2587 790 2624 me
811 2568 880 2624 iam
902 2588 971 2625 non
999 2571 1146 2626 eundern

78 2706 117 2716 -
142 2668 328 2736 videtis.¹)

164 2775 237 2852 Cap.
261 2779 318 2846 21,
342 2781 359 2835 9
382 2797 437 2854 pro
459 2799 503 2850 eo,
526 2781 605 2854 quod
628 2779 657 2836 in
681 2781 829 2838 codicibus
851 2780 934 2837 bonis
957 2781 1146 2840 deteriorum·

79 2903 137 2957 qus
169 2883 255 2957 longa
290 2882 420 2958 plurimis
452 2894 481 2941 et
501 2885 675 2943 editionibus
704 2895 760 2942 est:
793 2905 868 2960 quae
898 2885 1037 2942 similia
1070 2887 1148 2943 veri

79 2989 169 3058 sint,
193 2989 376 3046 scribendum
402 3000 473 3064 puto
500 3009 565 3050 curn
587 2993 679 3049 tribus
701 2991 779 3065 apud
801 2991 1075 3049 Drakenborchium
1097 3010 1147 3048 co-

80 3094 194 3150 dicibus
216 3094 321 3150 nullius
344 3115 396 3170 per
418 3113 450 3152 se
473 3095 540 3152 fidei
562 3095 662 3168 (Voss.
685 3095 718 3166 2,
742 3098 814 3153 Lov.
838 3099 866 3166 3,
892 3096 1049 3164 Gncrtn.):
1073 3117 1148 3172 quar

81 3199 221 3257 similis
242 3201 341 3257 veris
363 3201 446 3270 sint,
469 3197 712 3275 quemadmodum
736 3201 872 3259 scribitur
894 3201 954 3270 VI,
976 3205 1025 3271 20,
1051 3207 1068 3260 4
1092 3203 1147 3277 (si-

81 3305 184 3363 milia
205 3305 303 3362 veris
327 3313 452 3376 crant),
474 3307 524 3363 ubi
545 3305 678 3362 nullaest
699 3317 819 3382 propter
839 3306 997 3364 subiectam
1021 3308 1147 3366 litteram

83 3431 97 3472 s
120 3411 279 3479 dubitati03
300 3431 366 3468 narn
390 3411 518 3482 XXVI,
541 3414 595 3481 49,
619 3416 636 3469 6
659 3431 695 3468 ea
716 3411 846 3468 subiecta
868 3412 970 3468 minuit
989 3415 1147 3470 auctorita-

86 3528 142 3573 tem
165 3517 247 3582 (Put.
270 3517 458 3575 simillima
483 3517 627 3574 ueneris
657 3523 764 3582 sunt).
821 3517 942 3574 Inversa
964 3518 1081 3588 ordine,
1115 3529 1147 3575 nt

86 3685 282 3695 -.-——--

102 3781 127 3846 ¹)
153 3783 237 3833 Paulo
255 3793 314 3832 ante
333 3783 375 3844 §t
395 3783 482 3840 miror,
505 3783 547 3844 qui
566 3783 677 3831 dubitari
687 3783 806 3846 potnerit,
826 3783 887 3845 quin
901 3781 1148 3832 rectissimellusch-

152 3879 210 3927 kiua
229 3875 368 3926 correxerit
386 3875 507 3924 mendum
528 3882 611 3924 ortum
629 3889 661 3922 ex
680 3874 853 3936 geminatione
867 3873 1007 3924 litterarum
1019 3875 1147 3938 (renuu-

153 3967 564 4030 tiarenturiurevocatis),
591 3967 721 4015 restituto:
741 3968 1038 4026 renuntiarentur,
1057 3983 1147 4017 revo-

154 4064 238 4112 catis
258 4061 420 4110 tribubus.
