2810 4644
271 263 471 318 hssmfl·
772 271 832 328 ³38

271 449 338 507 uis.
404 451 513 508 Enure
540 459 640 508 netum
672 461 717 508 est
744 451 868 527 primum
900 451 1321 517 totomnis.tn1ntutis·

271 556 369 616 sime.

353 659 427 738 Cup.
450 663 506 731 43,
538 667 568 720 t:
603 662 720 736 Quum
752 661 930 719 untione
958 664 1002 721 ed
1029 673 1322 740 tenpuspnrste

270 768 408 826 Fabius
434 777 506 826 tum
538 769 767 826 enetos-itote
802 777 836 824 et
870 767 1078 826 inveterate
1118 769 1323 845 prudentie

270 872 367 930 ieme
387 893 552 950 megnem
573 887 714 950 purtem
729 875 1142 944 senatus...1novisset‚
1242 871 1323 932 Sei·

269 979 330 1054 pio
350 980 403 1036 ite
422 980 567 1038 loentns
587 980 716 1050 fertur,
737 989 792 1038 oet.
834 977 1041 1054 Comparative
1062 979 1137 1036 inter
1167 997 1199 1035 se
1219 977 1323 1036 reieni

270 1103 377 1160 quum
401 1095 429 1142 et
447 1095 518 1143 tnrn
540 1095 570 1144 et
591 1087 686 1144 omnis
707 1087 847 1146 omu’on'u
868 1085 965 1144 forme
986 1095 1015 1144 et
1027 1085 1234 1144 vocabulorum
1250 1085 1324 1142 onio

269 1209 431 1267 nomenque
451 1192 537 1250 Fnbii
558 1192 653 1250 medio
675 1193 725 1250 illo
745 1193 811 1250 Ioco
832 1192 957 1268 positum
981 1191 1024 1248 ito
1036 1191 1193 1260 deelmt,
1212 1201 1247 1248 ut
1270 1190 1323 1246 du-

268 1297 355 1356 bitari
374 1317 432 1356 nou
452 1299 552 1375 possit.
595 1299 699 1375 Iteque
720 1299 801 1356 deest
821 1297 860 1355 ed
880 1297 1035 1354 sententies
1063 1295 1229 1353 viueiendss
1251 1314 1324 1353 oon·

268 1403 374 1461 iunctio
395 1405 534 1481 temporis
558 1403 646 1461 index
666 1403 906 1478 seribendumque
935 1413 980 1459 est
999 1401 1176 1459 necessario:
1206 1401 1322 1474 Quum

269 1509 442 1568 oratioue
557 1510 693 1568 Fabius
720 1519 791 1567 tum
821 1508 1049 1565 auotoritete
1077 1519 1111 1565 et
1223 1506 1324 1564 ieme

269 1631 371 1694 qm
398 1635 559 1691 magnum
589 1625 731 1692 portem
768 1623 919 1672 senatus
1038 1613 1231 1675 movisset.

269 1719 396 1795 Scipio
415 1731 469 1779 oet.
513 1721 666 1792 Similiter,
694 1731 727 1777 nt
752 1739 789 1778 ex
816 1721 918 1778 eodem
938 1719 1144 1796 partioulumm
1164 1736 1273 1794 genere
1294 1733 1323 1776 et

268 1843 305 1880 ex
326 1825 461 1900 proxime
484 1827 629 1886 vicinitate
639 1827 774 1902 exemplo
794 1837 900 1902 petum,
922 1827 951 1883 in
972 1846 998 1884 e.
1020 1829 1074 1896 41,
1098 1827 1116 1882 9
1139 1843 1248 1899 quem
1270 1845 1321 1882 ex-

267 1929 355 2000 cidit,
378 1931 407 1988 iu
428 1949 454 1989 o.
479 1934 534 2002 42,
561 1937 595 1990 17
620 1935 692 2004 hio,
713 1951 778 2008 que
800 1949 886 1989 nemo
907 1932 1050 1990 dubitavit
1070 1939 1121 1988 ent
1139 1929 1248 1988 addere
1270 1941 1321 1988 eut

268 2035 368 2094 eddite
388 2037 519 2096 retinere.
564 2041 624 2097 Pro
645 2041 856 2097 inveterate
886 2037 1085 2113 prudentie
1110 2035 1222 2104 inme,
1256 2055 1320 2112 quse

267 2141 322 2198 bue
343 2151 486 2200 vetustate
506 2145 626 2203 multum
657 2145 751 2214 velet,
778 2143 928 2212 librarius,
955 2161 1053 2200 cesum
1084 2141 1122 2197 ed
1152 2143 1318 2218 proximum

266 2247 476 2306 substantivum
497 2253 721 2309 accommodans
749 2250 825 2321 (vid.
845 2269 873 2324 p.
899 2248 972 2322 207)
994 2248 1206 2306 inveterate
1230 2269 1316 2326 prn-

266 2351 400 2410 dentioe
421 2353 530 2412 semem
550 2357 645 2414 Fabio
667 2357 781 2426 inbuit,
808 2355 966 2428 habuitque
994 2353 1197 2428 obsequentem
1217 2354 1316 2412 Weis-

266 2457 459 2516 tenbornium.
501 2460 540 2517 Et
567 2471 664 2518 temon
692 2457 1175 2537 hoopotiusierne(quon1quam
1200 2461 1316 2519 minitne

265 2561 414 2622 serendum
436 2565 502 2641 est),
524 2585 612 2641 quom
634 2569 711 2642 quod
732 2568 808 2625 idem
829 2573 844 2638 5
867 2570 884 2622 4
905 2564 1054 2622 mirificem
1076 2565 1151 2622 hene
1176 2569 1316 2626 orationis

266 2667 390 2727 formem
418 2671 504 2729 Livio
535 2673 669 2730 adfinxit:
699 2683 872 2748 tanquam
895 2672 982 2730 mihi
1008 2672 1051 2728 eb
1076 2670 1205 2729 ultimo
1228 2692 1316 2748 quo·

267 2793 333 2848 qne
354 2777 554 2850 perieulum
575 2779 643 2848 sit,
663 2799 705 2836 ne
725 2797 858 2836 meeum
885 2777 1087 2846 semeleter,
1116 2787 1151 2835 et
1176 2798 1245 2836 non
1275 2781 1316 2836 eb

266 2897 317 2949 eo,
339 2881 398 2954 qui
421 2883 507 2956 quin
529 2901 637 2959 super
656 2895 799 2942 eeteros
822 2883 1314 2959 excelleuquoquenitinon

266 2983 474 3056 dissimulo,
503 3009 553 3046 me
585 2991 655 3048 sibi
682 2990 823 3066 aequari
844 2967 949 3060 nolit;
980 3007 1104 3064 eumque
1131 2989 1173 3046 sie
1200 2999 1316 3047 enarrat

267 3093 403 3164 (etopus
425 3101 469 3148 est
496 3093 627 3170 profecto
650 3095 863 3168 enarratione),
891 3103 924 3152 ut
947 3113 1089 3170 quoque
1118 3095 1155 3152 sit
1181 3105 1215 3152 et
1236 3113 1315 3171 quo.

266 3193 420 3254 Debebunt
440 3197 509 3255 talis
530 3200 618 3258 tacito
647 3201 870 3276 uniuscuiusque
890 3219 975 3258 seusu
997 3201 1107 3276 respui;
1136 3201 1187 3258 sod
1212 3220 1248 3258 eo
1271 3221 1316 3258 er·

265 3299 352 3373 gntiis
373 3313 489 3361 ventum
511 3317 571 3376 est,
602 3317 634 3364 ut
663 3307 840 3388 argumentis
860 3306 997 3363 utendum
1019 3306 1065 3366 sit.
1117 3308 1186 3364 Non
1208 3325 1315 3382 quero.

264 3405 314 3462 ubi
335 3406 364 3464 iu
384 3427 472 3484 prose
494 3411 625 3470 oratione
650 3431 792 3488 quoquo
813 3413 854 3470 sio
874 3412 999 3487 positum
1015 3412 1131 3488 leget-in
1151 3413 1220 3470 illud
1237 3433 1315 3489 qne·

264 3531 308 3582 ro,
329 3531 393 3588 quae
414 3515 452 3572 sit
471 3517 575 3575 umbre
595 3518 751 3589 sementim,
772 3518 826 3576 nisi
841 3527 981 3594 preterea
996 3527 1030 3575 et
1050 3538 1118 3594 quo
1141 3518 1315 3594 soeipiumus

265 3635 335 3692 pro:
356 3637 425 3694 quo
450 3621 558 3680 etiem
581 3642 647 3694 me;
669 3643 737 3682 nem
762 3624 928 3700 copulative
950 3625 1092 3700 particula
1113 3625 1210 3682 omnia
1231 3623 1316 3700 plene

265 3724 383 3794 evertit3
409 3745 460 3784 me
482 3741 578 3786 eutem
601 3731 679 3806 quod
699 3739 777 3788 reete
801 3729 895 3788 omitti
915 3731 1044 3806 potuisse
1065 3731 1122 3802 eit,
1152 3729 1202 3805 qui
1222 3729 1315 3806 potuit

266 3827 294 3884 id
315 3848 474 3905 pronomen
496 3834 598 3905 omitt-i,
619 3833 649 3892 in
673 3854 731 3911 quo
752 3855 837 3894 omne
858 3837 973 3912 pondus
994 3837 1133 3896 orationis
1153 3837 1228 3894 inest
1251 3845 1314 3906 (me

264 3953 380 4009 quoque
401 3955 458 3994 non
480 3939 573 3996 minus
595 3957 683 4015 quem
706 3942 861 4017 Fabium?
904 3945 944 4002 Et
963 3945 1025 4003 hese
1045 3945 1191 4018 finguntur
1211 3941 1250 3998 eb
1272 3958 1313 4004 eo,

264 4039 363 4114 quiin
390 4042 445 4099 boe
464 4061 521 4100 uno
551 4044 626 4102 libro
648 4047 791 4106 XXVIII
820 4068 912 4126 prope
943 4047 1241 4125 quinquagintanos
1262 4065 1313 4102 vo-
