2810 4644
314 265 373 316 nis.
384 266 473 320 xxx.
789 273 849 330 356

363 449 438 528 Cap.
464 454 513 522 35,
538 455 554 508 4
581 461 609 508 ct
632 455 668 510 5:
691 453 881 512 Hannibal
987 455 1245 518 Hadrumetum
1266 482 1337 538 per·

280 557 385 636 fugit,
407 559 529 618 omnia
550 567 585 615 st
604 559 640 616 in
661 559 812 634 proelio
836 569 872 616 et
893 569 976 618 ante
997 561 1118 632 aciem,
1134 567 1336 642 prinsquam

279 667 479 724 excederet
509 683 646 740 pugna,
689 673 864 740 expertus
903 677 938 724 et
961 667 1198 728 confessione
1230 675 1337 732 etiam

280 773 470 848 Scipionis
496 771 736 846 omniumque
762 771 962 846 peritorum
985 774 1124 832 militiae
1149 797 1281 837 omnem
1301 781 1338 838 il-

279 879 349 937 lam
363 880 507 938 laudem
534 878 701 953 adeptus,
720 876 903 951 singulari
920 887 1000 935 arte
1025 881 1142 940 aciem
1160 904 1202 940 eo
1216 886 1274 943 die
1294 888 1338 944 in-

278 985 472 1046 struxisse.
500 984 549 1044 Sic
571 983 686 1042 codices
707 982 764 1039 nisi
775 983 853 1057 quod
865 982 1089 1060 Bambergensis
1101 986 1214 1066 (ncnc)
1227 993 1336 1069 etLips.
1381 999 1382 1008 ’

279 1100 313 1148 et
332 1093 558 1168 postproelio
573 1088 785 1158 omittunt;sed
806 1087 1024 1165 frustrafigurae
1035 1093 1342 1156 auxiliumadvocatur

278 1198 306 1254 in
320 1197 508 1256 defendendis
528 1197 584 1254 illis
607 1206 691 1254 ante
714 1195 768 1252 aci
775 1213 841 1265 ειυς
853 1215 920 1252 nam
931 1206 962 1252 ut
980 1197 1080 1254 Livius
1104 1203 1241 1276 temporis
1266 1205 1339 1261 ordi·

278 1324 343 1362 nem
366 1303 527 1374 inverterit,
551 1312 650 1360 tamen
672 1319 731 1359 non
752 1302 846 1376 potuit
862 1302 1037 1377 interpositis
1047 1303 1103 1361 illis
1125 1317 1207 1364 ante
1228 1311 1336 1366 aciem

279 1431 485 1488 separarem,
508 1427 572 1483 quse
595 1408 756 1466 arctissime
778 1408 936 1466 cohaerent:
970 1409 1005 1468 iu
1027 1411 1190 1486 proelio,
1221 1416 1342 1490 prius-

277 1538 381 1594 quam
404 1515 603 1576 excederet
625 1531 761 1589 pugna3
796 1522 825 1569 et
855 1531 918 1586 quas
939 1523 1024 1572 ante
1046 1517 1161 1576 aciem
1191 1521 1337 1580 Hannibal

277 1625 316 1682 ad
337 1625 510 1682 vincendum
534 1629 671 1695 expertus
693 1627 737 1676 est
766 1617 846 1693 (nem
871 1638 907 1675 ea
930 1619 994 1677 sola
1016 1641 1063 1679 res
1083 1624 1130 1682 hic
1151 1626 1268 1700 agitur,
1289 1649 1339 1685 ex-

277 1731 364 1789 clusis
386 1731 459 1800 illis,
495 1745 559 1803 quse
594 1726 632 1783 ad
663 1744 766 1801 pacem
791 1727 1020 1800 componendam
1053 1740 1162 1788 tentata
1184 1735 1283 1808 sunt),
1305 1755 1336 1790 ca

276 1837 459 1895 continentur
486 1832 558 1891 aciei
588 1841 749 1900 structura,
773 1849 838 1905 quae
859 1840 926 1906 post
950 1847 1202 1895 commemoratur.
1253 1842 1339 1912 (An-

275 1955 310 2001 te
341 1943 454 2000 aciem
490 1943 526 1998 dc
558 1939 622 1996 loco
644 1937 737 2012 accipi
758 1955 860 2012 posse,
896 1938 985 1996 miror
1006 1941 1139 2016 cuiquam
1161 1943 1190 2000 in
1213 1955 1335 2002 mentem

276 2049 400 2116 venisse,
422 2047 507 2123 quasi
532 2065 596 2122 quae
617 2046 678 2100 dux
700 2051 767 2100 aute
790 2044 882 2101 aciem
903 2048 1093 2120 pugnantium
1114 2068 1234 2108 versans
1257 2051 1336 2108 forti-

275 2163 320 2212 ter
342 2164 430 2230 agat,
461 2173 497 2212 ea
519 2152 628 2210 nonin
654 2149 766 2226 proelio
787 2148 883 2227 fiant.)
931 2151 971 2208 Ni
994 2151 1095 2224 fallor,
1116 2154 1251 2212 tollendae
1274 2165 1336 2212 sunt

274 2279 361 2320 vocas
384 2271 419 2320 et
443 2269 525 2320 ante
551 2258 672 2326 aciem,
695 2255 800 2312 additae
823 2255 860 2312 ab
883 2255 996 2330 aliquo,
1019 2259 1082 2332 qui,
1105 2279 1193 2334 quum
1215 2280 1276 2320 nou
1298 2263 1338 2320 in-

274 2368 424 2444 telligeret,
448 2387 505 2426 uno
530 2363 670 2422 orationis
691 2364 821 2420 membro
844 2362 942 2420 omnia
962 2364 1023 2420 haec
1045 2365 1196 2422 contineri:
1219 2369 1338 2424 omnia

274 2483 308 2530 et
329 2474 363 2532 in
388 2473 548 2550 proelio,
572 2471 785 2548 priusquam
808 2487 880 2529 exc.
902 2487 942 2544 p.‚
964 2479 1157 2544 expertus,
1187 2474 1274 2548 eique
1294 2494 1335 2530 re·

274 2581 419 2655 spondere
444 2581 566 2637 alterum
589 2578 659 2634 hoc:
681 2584 715 2632 ct
737 2574 972 2632 confessione
1077 2577 1245 2654 adeptus,
1269 2581 1336 2637 sin-

272 2687 397 2762 gulari
419 2695 499 2744 arte
521 2693 584 2752 cet,
609 2680 793 2750 desideravit
817 2681 894 2754 quod
916 2681 971 2739 illis
988 2691 1022 2738 ct
1042 2683 1078 2739 iu
1100 2684 1244 2758 proelio
1268 2705 1335 2743 con-

273 2793 394 2850 trarium
430 2791 594 2852 referretur.
662 2785 739 2862 Quid
769 2787 798 2843 in
833 2785 939 2844 vitioso
975 2787 1023 2845 illo
1059 2809 1193 2848 omnem
1230 2792 1336 2859 lateat,

273 2896 381 2956 nescio.

272 3119 471 3128 n———n-

340 3309 459 3360 habere
478 3307 526 3372 (0)
547 3317 592 3358 aut
610 3323 710 3359 ancre
730 3309 810 3374 (Bb.)‚
831 3311 899 3374 quod
920 3311 1020 3360 codices
1040 3319 1099 3360 ente
1117 3313 1274 3362 adventus
1289 3314 1332 3361 nd·

341 3403 412 3460 dunt,
431 3411 476 3452 aut
494 3403 564 3452 allud
582 3403 646 3450 latet
668 3409 712 3449 aut
731 3409 810 3450 totum
830 3401 979 3465 (habere)
998 3403 1030 3452 ab
1049 3404 1231 3470 interpolatore
1250 3415 1332 3455 ortum

341 3503 392 3554 est,
416 3511 493 3558 quum
521 3509 607 3559 spem
627 3510 674 3559 pro
695 3509 749 3557 spe
767 3509 852 3544 errore
871 3496 992 3558 scriptum
1017 3505 1093 3548 esset.
1138 3500 1186 3561 §8
1212 3497 1270 3548 let-ri
1288 3515 1330 3547 ne·

341 3589 516 3652 quitprcpc
534 3603 648 3637 manus
668 3596 871 3646 consertum,
900 3601 951 3635 non
979 3587 1061 3638 solum
1088 3592 1172 3653 quod.
1191 3591 1224 3640 ad
1255 3607 1329 3655 quent

340 3693 395 3728 rent
417 3679 548 3730 Hannibal
574 3687 708 3728 revocatus
731 3681 778 3738 sit,
806 3693 858 3730 non
886 3682 983 3742 agitur,
1016 3685 1060 3732 sed
1092 3683 1203 3732 maxime
1229 3693 1331 3750 propter

339 3788 457 3836 propa,
486 3787 542 3834 ques
568 3771 695 3836 particula
720 3781 807 3836 aperte
829 3773 941 3837 pertinet
965 3776 997 3824 arl
1025 3779 1074 3825 vim
1100 3791 1172 3839 paene
1189 3779 1328 3826 adhibitam

340 3865 472 3914 restitanti.
510 3865 590 3914 Recta
608 3866 687 3927 igitur
707 3867 849 3928 superiores
868 3877 1051 3917 consertum
1072 3871 1165 3932 (ortum
1186 3886 1218 3920 ex
1238 3871 1330 3920 resti-

340 3957 476 4012 tantem]
496 3955 522 4004 in
542 3965 704 4006 conserta
722 3967 889 4008 mutaverant.
