2826 4640
251 255 306 305 Lib.
322 253 381 308 XL.

250 438 376 514 suspicio
407 438 554 508 nascitur,
590 437 719 498 Gracchi
753 456 858 494 nornen
880 438 1064 497 incommodo
1094 439 1160 498 loco
1182 438 1304 495 additum

252 563 315 602 esse
336 545 373 602 ab
396 544 495 619 aliquo
520 543 659 614 (fortasse
680 544 745 619 ipso
767 542 861 618 primo
883 545 1017 618 editore),
1038 545 1088 620 qui
1110 545 1171 602 eius
1193 545 1308 601 incom-
1374 542 1376 670 Ι

250 649 403 726 paratione
434 669 539 708 nomen
569 659 597 707 ct
623 659 722 725 partes
744 649 838 706 omitti
859 669 916 706 non
940 667 1027 726 posse
1062 651 1209 709 sensisset.
1254 649 1309 709 Sed
1375 678 1377 788 1

250 766 329 814 totus
360 755 442 812 locus
468 773 588 812 mancus
620 765 673 812 est.
731 755 809 812 Nam
842 773 930 829 quom
957 755 1057 812 Livias
1079 754 1219 824 dixisset,
1250 771 1311 829 que

251 861 362 928 Albini,
384 879 448 936 quaa
472 861 599 918 Gracchi
621 871 721 936 partes
743 870 855 931 essent,
882 861 986 918 deinde
1008 861 1113 918 adres
1135 879 1155 917 a
1175 859 1311 918 Graccho

252 976 349 1043 gestas
374 967 525 1024 transisset
557 967 608 1039 (ad
630 965 770 1024 Albinum
793 966 962 1024 brevissime
984 977 1099 1024 etcum
1120 967 1312 1041 repugnantia
1378 950 1379 1008 l

252 1071 427 1130 narrationis
448 1071 592 1128 rediturus
614 1090 638 1129 c.
663 1075 712 1140 50,
736 1074 775 1140 6),
797 1083 915 1130 servata
936 1081 1153 1140 contutatum,
1182 1088 1249 1144 qnae
1276 1071 1311 1126 ad
1379 1084 1380 1110 t

253 1177 392 1236 Albinum
414 1176 572 1252 pertinente
677 1187 717 1234 ut
738 1177 772 1234 in
796 1177 835 1238 V.
857 1195 923 1254 per
949 1177 1029 1234 Lus.
1052 1176 1122 1232 iret
1143 1175 1312 1234 Albinus.
1380 1220 1381 1240 t

253 1303 317 1359 per
338 1281 579 1340 Celtiberiam
600 1282 685 1338 inde
707 1292 975 1352 reverteretur3
1002 1282 1034 1338 si
1058 1282 1173 1338 maius
1194 1282 1248 1339 ibi
1272 1282 1311 1355 (in

253 1389 403 1462 Vaccaeis)
432 1387 567 1445 bellum
597 1397 708 1458 esset,
738 1387 773 1444 in
802 1388 936 1446 ultima
957 1387 1170 1446 Celtiberiae
1201 1407 1313 1463 pene-

253 1505 371 1552 traret
403 1491 534 1572 (omissis
556 1493 687 1550 Vaccaeis
722 1503 751 1551 et
773 1494 952 1566 Lusitanis);
974 1493 1159 1560 exciderunt,
1190 1513 1256 1568 quae
1277 1495 1311 1550 de

254 1599 382 1659 Gracchi
403 1599 536 1675 partibus
567 1597 645 1656 dicta
665 1611 762 1669 erant,
791 1601 895 1675 quibus
928 1599 1160 1675 adiungebantur
1193 1602 1255 1658 haee
1277 1599 1312 1656 ad

256 1705 379 1762 eundem
402 1703 568 1763 Gracchum
592 1705 781 1780 pertinentia:
806 1706 975 1764 Mundam
1004 1705 1128 1762 urbem
1158 1706 1313 1780 primum

254 1821 308 1868 cet.
366 1809 471 1884 Itaque
503 1809 577 1866 inter
606 1823 826 1884 penetraret
848 1822 876 1870 et
897 1811 1067 1869 Mundam
1100 1809 1213 1866 lacunae
1244 1821 1313 1867 nota

252 1915 322 1992 poni
340 1915 435 1973 debet.

338 2017 412 2096 Cap.
435 2021 489 2092 49,
525 2023 540 2076 7
571 2021 600 2078 in
628 2021 693 2078 loco
723 2021 897 2098 desperato,
934 2021 1012 2097 qued
1034 2037 1092 2078 nen
1117 2019 1241 2076 libenter
1261 2037 1313 2075 nec
1349 2073 1354 2082 ,

254 2143 330 2201 sape
363 2125 455 2196 facio,
491 2125 683 2202 suspicionem
719 2146 826 2203 ponam
856 2101 920 2188 nec·
942 2127 1073 2186 codicum
1095 2124 1225 2199 vestigiis
1244 2125 1314 2181 satis

197 2221 203 2236 ⁸
254 2231 344 2288 firmis
368 2231 467 2288 nixam
495 2233 643 2308 (quoniam
666 2233 752 2290 unius
773 2235 881 2292 codicis
911 2233 1013 2291 ductus
1042 2251 1079 2288 ne
1110 2239 1188 2286 recte
1223 2230 1312 2286 inter·

253 2347 397 2412 pretatum
419 2337 534 2412 quidam
549 2357 612 2394 esse
633 2337 758 2413 primum
780 2339 919 2396 editorem
940 2339 1132 2409 constat)nee
1146 2347 1225 2393 certo
1249 2353 1312 2392 sen-

252 2443 406 2501 tentiarum
429 2450 565 2500 conthu
588 2451 789 2500 monstratam.
832 2445 911 2501 Nam
927 2441 1037 2500 Thurri
1056 2442 1159 2518 reguli,
1176 2441 1314 2500 Graccho

255 2558 284 2607 et
304 2548 445 2607 Romanis
467 2565 498 2604 se
521 2547 650 2604 dedentis
677 2557 706 2604 et
736 2548 895 2624 mogontie,
925 2549 1016 2605 verba
1047 2547 1089 2605 sic
1114 2567 1172 2604 non
1194 2567 1314 2624 prorsus

255 2653 486 2730 improbabiliter
507 2653 612 2728 corrigi
633 2671 720 2728 posse
741 2655 890 2712 videntur:
915 2653 1070 2728 Sequar,
1092 2653 1224 2728 inquit,
1248 2672 1314 2712 vos

254 2759 431 2816 adversus
452 2766 598 2815 veteres
620 2760 742 2817 socios
764 2777 870 2830 meos,
892 2759 1067 2836 quoniam
1089 2759 1175 2816 illos
1198 2778 1238 2817 ac
1261 2779 1315 2816 me

253 2863 427 2938 populum
452 2863 652 2922 Romanum
683 2868 730 2939 (P.
752 2867 795 2925 Ri
816 2865 938 2942 opes?)
967 2867 1003 2923 di
1023 2863 1150 2923 volunt
1184 2866 1313 2941 suspi-

254 2985 345 3024 cere.
429 2969 523 3026 Paulo
546 2979 613 3028 anta
636 2975 669 3043 (5
693 2976 724 3040 6)
756 2971 938 3030 scribendum
960 2971 1090 3037 videtur,
1119 2969 1253 3044 proxime
1276 2969 1314 3026 ad

254 3071 399 3130 Gronovii
420 3075 663 3134 emendationem:
687 3075 857 3152 quesivit
878 3075 923 3132 ab
945 3093 1004 3144 eo,
1028 3071 1175 3150 [libero]
1205 3093 1249 3131 ne
1272 3075 1315 3131 si·

253 3176 288 3234 bi
309 3176 442 3250 liceret
463 3199 503 3239 ac
524 3182 600 3240 suis
629 3183 764 3240 vivere.
813 3181 900 3256 Quod
927 3179 1180 3238 Weissenbornius
1207 3181 1315 3255 posuit,

253 3283 321 3340 aab
343 3301 451 3353 eone,
471 3304 572 3344 verum
594 3305 658 3344 esee
679 3288 794 3362 nequit;
826 3287 1017 3363 nequeenim
1039 3285 1069 3343 id
1089 3286 1224 3343 Thurrus
1246 3305 1316 3362 age·

256 3387 315 3460 bat,
351 3397 384 3446 ut
402 3391 456 3447 sub
479 3389 615 3448 Graccho
650 3393 830 3467 potissimum
852 3393 974 3464 viveret,
1007 3391 1057 3466 qui
1077 3392 1214 3466 proximo
1237 3411 1315 3450 anno

259 3513 296 3552 ex
316 3494 462 3570 Hispania
482 3494 660 3554 discessurus
682 3507 754 3557 erat.

338 3597 412 3674 Cap.
436 3603 484 3670 50,
509 3601 543 3657 3:
564 3601 704 3660 Multos
725 3602 908 3678 utrimque
929 3603 1142 3674 (Romanorum
1165 3603 1315 3680 Hispane·

254 3705 394 3779 rumque)
418 3705 599 3763 cecidisse
621 3707 750 3782 (quidam
770 3717 903 3765 auctores
918 3711 1072 3777 sunt)nec
1093 3708 1194 3764 aliud
1217 3727 1312 3784 mag·

253 3829 397 3886 nopere
424 3810 576 3868 berbioe
599 3813 771 3870 crederes
793 3811 909 3870 fuisse
931 3813 1136 3882 Romanos,
1158 3813 1231 3870 nisi
1255 3814 1316 3888 qui

255 3923 404 3988 postero
440 3914 496 3972 die
535 3917 765 3975 accesserint
794 3926 988 3976 manentes
1020 3917 1164 3993 proelio
1193 3919 1316 3994 spolia

254 4017 352 4076 intra
373 4017 507 4077 vallum
530 4039 594 4096 per
614 4031 731 4079 totum
755 4023 847 4079 diem
869 4023 1033 4099 legisset
1077 4023 1127 4083 Sic
1147 4024 1314 4082 editioMc·
