2810 4644
307 261 477 314 Ῑῠ-ΠῊ-
780 267 841 322 tto

274 445 1081 526 decuimsignifiostioinilloipsonominelstet.
1122 447 1347 522 Nequequic-

274 551 344 627 qnid
365 563 501 624 tentetur,
522 563 770 612 accusatores
791 553 939 612 excidio
963 557 1114 627 (unquam
1143 559 1208 623 reo)
1230 553 1345 610 uddu-

274 659 306 718 ci
330 671 409 716 recte
430 659 579 728 dicuntur,
600 659 708 717 nedum
731 660 846 717 excidio
868 679 904 716 sc
924 659 1012 719 viris.
1034 675 1127 732 neque
1146 658 1188 715 illi
1208 659 1345 716 homines

274 764 418 822 excidium
440 765 604 822 soensuturi
627 775 725 836 munt,
748 765 801 822 sed
825 765 894 823 victi
916 765 1059 822 rimorum
1079 763 1230 823 serium.
1274 765 1346 822 lloc

271 869 376 928 vitium
397 870 546 928 sententia
566 871 766 930 removebitur
786 871 903 932 sublsts
925 869 1070 947 porticulo
1089 887 1146 938 sc,
1175 887 1242 944 quse
1263 888 1303 926 ex
1326 889 1343 928 s

274 973 319 1050 (ι)
340 983 370 1031 et
392 993 409 1036 e
429 975 584 1048 geminetis
613 989 682 1033 orte
702 987 755 1036 est.
811 977 1002 1035 Scribendum
1024 985 1068 1031 est
1087 973 1164 1032 euim
1185 974 1240 1031 its:
1264 975 1345 1032 llsc

274 1079 522 1137 circumfusus
565 1081 822 1152 multitudine,
866 1081 975 1140 simul
1014 1078 1149 1138 Siculis
1192 1079 1341 1136 obvium

273 1185 435 1260 egressis
455 1187 677 1262 secutisque,
698 1190 848 1250 lernen
873 1187 1029 1264 prebuit
1049 1185 1340 1244 clarissimorum

274 1291 417 1349 urbium
438 1293 584 1350 excidio
606 1293 865 1352 celeberrimis
892 1293 989 1351 viris
1017 1293 1136 1349 victos
1157 1288 1262 1346 bello
1284 1309 1344 1346 ec·

274 1407 468 1456 cusstores
488 1398 524 1454 in
547 1400 669 1456 urbem
692 1399 917 1457 adducentis
946 1399 1016 1466 (lroc
1040 1405 1099 1466 est,
1126 1395 1252 1471 speciem
1273 1415 1339 1451 eum

275 1503 417 1579 prebuit,
439 1505 523 1578 quusi
556 1505 627 1562 siris
648 1503 810 1580 Cupue'et
832 1508 1044 1581 Syracusarum
1066 1501 1180 1558 excidio
1203 1501 1339 1558 nobssita-

274 1607 310 1664 tis
332 1607 425 1666 victos
448 1609 525 1668 bello
546 1621 732 1668 socusstores
754 1611 932 1682 adduceret).
973 1607 1168 1675 Adiectirum,
1195 1607 1274 1681 quod
1296 1617 1341 1661 est

274 1713 547 1784 celeberrimus,
568 1733 640 1773 sene
655 1717 767 1793 primus
778 1716 929 1773 Liviusex
944 1715 989 1784 iis,
1010 1731 1133 1788 quorum
1155 1713 1264 1788 scripte
1287 1731 1342 1768 ex·

274 1829 363 1888 stent,
385 1829 415 1876 et
435 1821 491 1878 hoc
505 1835 563 1877 uno
577 1821 644 1878 loco
655 1821 693 1878 de
704 1823 822 1879 homine
833 1821 939 1896 posuit,
954 1838 1007 1876 nec
1017 1829 1114 1874 temen
1128 1817 1270 1886 sbsolnte,
1286 1817 1341 1874 sed

273 1924 374 1982 uddito
398 1926 543 1996 cinerei,
574 1927 613 1984 ob
645 1945 735 2002 quum
758 1926 824 2000 quis
845 1926 1024 1994 celebretur,
1059 1923 1184 1980 nomine.
1239 1921 1339 1980 Secuti

274 2038 342 2086 sont
362 2029 494 2102 Tacitus,
515 2030 642 2102 Curtius,
665 2032 724 2090 ulii.
808 2030 929 2090 Addam
951 2029 1091 2098 breviter,
1119 2028 1255 2086 Letinuur
1279 2047 1339 2084 non

273 2149 347 2204 esse,
369 2135 448 2210 quod
469 2155 560 2213 suprs
580 2139 608 2196 in
632 2140 688 2196 hoc
712 2136 809 2212 capite
831 2138 858 2204 (ξ
882 2136 913 2210 7)
935 2135 1042 2192 editur:
1077 2135 1153 2209 qni,
1187 2152 1337 2208 quorum

274 2256 387 2315 opere
409 2242 446 2298 id
466 2242 670 2302 ooniletum
691 2241 921 2311 incendium,
942 2241 1206 2317 profiteretur,
1228 2239 1340 2296 omisso

274 2359 374 2404 esset
404 2347 434 2404 in
468 2347 701 2425 interrogatione.
728 2348 876 2425 pendenti.
943 2346 1122 2405 Exciderunt
1149 2346 1177 2402 in
1198 2347 1224 2403 P
1246 2345 1337 2402 multe

274 2450 333 2507 elis
354 2470 413 2509 nou
436 2453 530 2528 magis
552 2454 695 2512 eminente
716 2473 816 2512 cause.
824 2449 850 2529 ¹)

357 2555 431 2632 Cep.
452 2559 513 2630 29,
548 2563 583 2618 3:
622 2560 883 2618 Circumibsnt
912 2557 1015 2632 (Siculi
1045 2557 1148 2633 legati)
1169 2565 1336 2612 sonetum

273 2679 351 2718 cum
372 2673 474 2720 veste
495 2666 668 2736 sordide,
696 2665 942 2724 edlirmsntes
963 2679 1001 2720 se
1021 2679 1090 2720 non
1113 2661 1216 2719 modo
1238 2679 1337 2716 susm

274 2865 471 2876 ------,Ι

291 2945 316 3012 ¹)
338 2949 378 3001 Ne
396 2953 460 3001 illud
482 2954 585 3016 quidem
604 2957 660 3004 sine
682 2955 828 3020 suspicione
846 2955 995 3017 legendum,
1025 2955 1094 3016 quod
1113 2955 1140 3002 iu
1160 2953 1175 3012 ξ
1198 2957 1228 3001 12
1247 2951 1337 3001 scribi·

344 3052 398 3092 tur:
432 3046 511 3093 ideo
538 3061 573 3096 se
599 3049 775 3096 moenibus
800 3047 950 3096 inclusos
972 3055 1088 3094 tencre
1107 3060 1175 3104 eos,
1199 3043 1290 3107 quis,
1310 3044 1333 3092 si

343 3136 400 3198 qui
419 3138 613 3188 evasissent
634 3139 770 3200 ulique,
790 3139 884 3189 velut
901 3138 989 3188 ierus
1008 3139 1134 3187 bestius
1159 3152 1217 3203 per
1240 3151 1337 3199 egros

342 3229 454 3290 regeri
480 3237 545 3289 cet,
565 3230 665 3279 infinite
682 3231 809 3280 sententie
839 3231 957 3280 subiects
975 3231 1107 3295 particulo
1126 3229 1232 3288 csussli,
1264 3229 1335 3276 cuins

343 3321 444 3380 generis
456 3321 555 3370 nullum
574 3323 666 3386 opinor
683 3331 776 3387 prester
792 3323 843 3372 hoc
861 3323 931 3387 upud
949 3323 1033 3372 bonos
1044 3325 1180 3386 scriptores
1189 3320 1332 3383 exemplum

342 3423 414 3472 οπεος
438 3413 504 3464 nlius
531 3414 599 3464 enim
619 3417 721 3477 generis
746 3425 787 3465 est
806 3415 907 3464 infinite
924 3413 1006 3464 forms
1030 3423 1130 3464 retentu
1152 3414 1179 3462 in
1205 3413 1335 3462 sententiis

342 3515 433 3568 respue
451 3519 485 3553 ex
504 3518 577 3567 mquo
595 3507 687 3572 positis
706 3508 987 3572 (quemadmodum
1006 3541 1015 3561 .
1035 3543 1043 3556 .
1062 3509 1121 3568 its,
1147 3507 1175 3555 si
1198 3519 1260 3554 non
1285 3539 1292 3553 .
1312 3540 1336 3562 .,

341 3595 518 3658 ettamen),
537 3599 619 3662 ipsum
639 3599 800 3649 etismillud
819 3597 954 3663 (lV,51):
986 3613 1080 3662 quum
1106 3598 1242 3648 interim
1271 3597 1332 3662 (hoc

342 3695 396 3734 est:
415 3695 447 3735 et
464 3687 611 3754 interim)
630 3725 653 3739 ..
672 3693 829 3741 exerceri.
868 3693 976 3752 Vereor,
996 3707 1028 3741 ne
1047 3692 1123 3756 quis
1141 3691 1227 3740 eliens
1244 3705 1332 3740 menos

342 3777 469 3828 addiderit
488 3789 591 3845 propter
608 3783 700 3843 idco,
723 3785 793 3847 quod
816 3785 849 3834 ed
869 3785 1001 3850 superiore
1019 3795 1078 3849 epte
1096 3781 1183 3832 referri
1202 3791 1299 3847 potest,
1317 3798 1332 3830 s

312 3937 315 3944 .
342 3867 468 3934 Livioque
492 3873 613 3935 scriptum
638 3871 729 3925 luerit:
751 3877 826 3926 ideo
854 3893 888 3926 se
908 3893 940 3927 m.
965 3875 1115 3926 inclusos
1136 3885 1249 3925 tenere
1267 3891 1330 3934 eos;

341 3959 442 4023 siqui
462 3965 653 4016 evasissent
673 3969 788 4034 ulique
796 4003 911 4030 .....
932 3968 1050 4028 rugari
1070 3979 1117 4020 cet.
1172 3967 1269 4018 Saltem
1287 3983 1331 4016 no-

340 4053 448 4102 mudum
465 4053 551 4104 locum
570 4058 665 4120 putusi.
707 4051 730 4060 ’“
