2810 4644
263 251 320 304 Lib.
332 249 445 302 XXVII.
748 251 808 310 320

244 437 366 506 urbas,
395 435 430 494 in
459 453 571 510 agros
598 452 685 492 suos
715 435 890 494 reductos
919 453 1028 492 arare
1049 443 1116 494 cett.
1163 434 1233 492 Non
1255 451 1314 514 ep·

245 543 315 600 time
336 559 390 600 nec
420 542 459 598 ad
491 541 567 600 Livii
601 540 837 600 consuetudinem
873 539 1008 598 dicuntur
1037 540 1101 598 iila:
1133 539 1312 598 neminem

245 647 423 718 Siculum,
445 647 506 722 qai
532 689 561 710 ..
580 645 755 716 afuerint,
775 663 830 721 pro
847 663 898 716 eo,
920 646 1000 721 qaod
1022 657 1079 706 eet:
1101 645 1312 706 Siculorum

244 773 377 825 eoram,
399 753 463 828 qui
485 763 539 814 cet.
595 752 654 812 Sed
687 749 837 808 molestius
866 761 919 821 est,
951 751 1031 826 quod
1050 753 1223 829 interposita
1244 751 1315 808 illa:

245 860 305 935 qui
326 858 447 934 fugati
475 901 505 920 ..
532 857 697 918 afuerint
719 865 758 927 et,
782 856 949 932 aequalitate
966 859 1162 916 membrorum
1183 859 1258 916 inter
1278 875 1314 916 sa

245 966 400 1024 relatorum
423 964 557 1034 sublata,
591 962 743 1020 artificium
777 961 951 1020 rhetoricam
988 973 1121 1020 evertunt
1150 973 1180 1022 st
1212 964 1313 1040 ipsam

245 1071 487 1147 magnificentiam
502 1069 693 1147 professionis
713 1069 884 1144 infringunt,
905 1085 1011 1144 genere
1032 1078 1062 1126 et
1081 1087 1201 1127 numero
1222 1081 1313 1128 caute

243 1177 471 1253 circumscripto.
521 1175 639 1248 Quanto
661 1173 841 1250 elegantiora
872 1173 970 1232 omnia
1000 1181 1093 1243 erunt,
1122 1175 1256 1233 retractis
1281 1177 1311 1234 in

245 1299 327 1338 suam
359 1280 457 1338 sedem
488 1279 602 1338 duabus
634 1279 771 1351 vocibus,
807 1299 872 1355 quae
904 1279 1028 1357 primum
1059 1279 1182 1350 emese,
1203 1279 1312 1338 deinde

244 1404 337 1462 pravo
358 1385 423 1444 loco
444 1386 559 1444 inserte
588 1393 668 1442 sunt:
704 1386 880 1444 neminem
905 1360 1249 1462 Carthaginiensem
1272 1388 1311 1444 in

245 1491 376 1550 Sicilia
398 1510 490 1562 esse;
512 1490 691 1548 neminem
713 1489 874 1549 Siculum
897 1509 965 1548 non
989 1509 1083 1563 esse;
1106 1492 1310 1574 qai·fugati

246 1607 344 1656 metu
366 1596 449 1654 inde
471 1595 650 1664 afuerint,
682 1614 807 1654 omnes
829 1597 863 1656 in
886 1598 1010 1668 urbes,
1032 1597 1066 1655 in
1088 1616 1199 1674 agros
1221 1617 1311 1656 suos

244 1703 415 1760 reductos
450 1721 558 1760 arare
593 1711 647 1758 cet
700 1702 765 1759 lam
788 1703 952 1778 aptissime,
979 1703 1129 1778 praemissa
1154 1703 1310 1779 splendida

244 1809 294 1866 illa
314 1807 494 1885 professione
516 1815 617 1874 (nera.
639 1807 709 1868 Sic.
730 1827 801 1866 non
823 1814 930 1878 esse),
960 1825 1007 1866 res
1036 1809 1162 1884 pressius
1185 1811 1310 1885 exponi-

244 1927 298 1972 tur.
347 1913 478 1972 Accedat
507 1913 596 1989 igitur
623 1914 679 1970 hoc
713 1913 751 1970 ad
772 1913 822 1970 illa
845 1913 1011 1972 huiusmodi
1032 1913 1230 1972 traiectionum
1253 1933 1309 1972 ex·

244 2018 349 2095 emple,
370 2037 433 2094 que
456 2019 493 2076 ad
516 2019 630 2089 XXII,
666 2023 713 2090 10,
736 2022 753 2078 3
777 2019 1013 2102 commemoravi.
1063 2019 1228 2078 Turbatam
1250 2017 1308 2076 ali·

245 2125 316 2201 quid
336 2125 384 2183 hic
408 2125 438 2182 iu
460 2125 559 2182 codiee
588 2125 747 2202 archetypo
768 2124 867 2198 faisse,
896 2125 1088 2201 suspicionem
1120 2124 1207 2182 etiam
1233 2123 1307 2182 illud

245 2230 340 2290 faeere
362 2239 470 2306 posset,
492 2229 570 2305 qaod
596 2229 624 2287 in
648 2232 673 2288 P
695 2231 740 2288 bis
764 2230 873 2306 scripta
896 2237 964 2286 sunt
988 2239 1017 2288 et
1036 2229 1100 2286 illa:
1129 2229 1306 2288 neminem

244 2335 589 2412 Carthaginiensem
624 2335 679 2411 (in)
710 2335 845 2396 Sicilia
864 2353 946 2392 esse
968 2343 998 2392 et
1025 2335 1106 2393 hec:
1127 2354 1251 2394 omnes
1274 2337 1309 2394 in

243 2442 349 2500 urbes
372 2441 465 2517 (prius
487 2441 522 2498 in
545 2441 661 2518 urbe),
694 2443 749 2500 nisi
782 2442 812 2500 id
844 2441 940 2499 mendi
972 2459 1064 2516 genus
1096 2441 1136 2499 ibi
1171 2437 1309 2517 frequens

243 2556 327 2606 essct.
397 2547 536 2621 Sequitur
550 2551 642 2617 (ἕως
664 2547 759 2605 Exin
780 2546 936 2604 Muttine
958 2557 992 2604 et
1013 2547 1044 2604 si
1065 2565 1218 2622 quorum
1240 2548 1309 2605 ali·

243 2672 343 2711 orum
364 2637 496 2710 merita
517 2670 603 2727 erge
625 2671 705 2729 pop.
722 2653 920 2710 Romanurn
943 2663 1061 2723 erant,
1082 2653 1118 2710 in
1139 2663 1307 2710 senatum

243 2757 489 2826 introductis,
532 2757 690 2815 honores
741 2757 908 2816 omnibus
955 2759 999 2816 ad
1042 2759 1306 2817 exsolvendam

243 2863 350 2922 fidem
374 2883 393 2920 a
413 2862 566 2920 consttle
587 2861 716 2922 habiti.
769 2864 935 2934 Enarrant,
966 2863 1075 2922 fidem
1105 2882 1124 2920 a
1154 2863 1308 2920 consule

243 2969 344 3028 eodem
368 2969 455 3026 rnodo
484 2967 550 3036 dici,
568 2985 632 3042 ·qu0
667 2968 801 3026 bellum
824 2991 843 3026 a
865 2969 1026 3039 Volscis,
1059 2987 1177 3046 poena
1198 2987 1216 3025 a
1237 2969 1309 3026 Ro-

243 3074 372 3144 manis,
402 3083 518 3131 metus
549 3073 592 3130 ab
624 3073 730 3130 hoste
761 3083 789 3130 et
821 3074 926 3132 similia
948 3075 1089 3136 dicantar.
1131 3071 1309 3131 incredibile

242 3189 296 3250 est,
317 3198 375 3236 non
401 3179 602 3248 animadverti,
624 3179 667 3235 ita
689 3178 746 3237 dici
767 3179 804 3236 de
826 3179 923 3248 rebus,
954 3199 1018 3255 quae
1042 3182 1080 3238 ab
1103 3177 1201 3254 aliqua
1221 3191 1310 3254 perte

242 3284 359 3343 veniant
380 3293 431 3342 aut
451 3283 653 3360 impendeant,
681 3285 823 3357 (motum
859 3285 974 3360 quidem
1005 3287 1043 3344 ab
1072 3286 1170 3362 ailquo
1193 3286 1242 3356 ita,
1275 3297 1309 3344 ut

242 3391 310 3450 mali
332 3391 398 3448 inde
422 3390 535 3448 venturi
558 3391 638 3448 notio
660 3391 762 3461 subsit,
784 3409 822 3448 ex
843 3409 903 3466 quo
923 3392 1044 3452 dicimus
1067 3392 1153 3450 etiam
1175 3410 1309 3450 carere

242 3499 285 3556 ab
306 3497 432 3572 aliquo
453 3505 483 3554 et
515 3495 610 3572 ipsum
641 3505 802 3554 metuere
824 3497 868 3554 ab
890 3496 1018 3572 aliquo
1047 3497 1148 3556 Livius
1172 3495 1309 3556 absolute

240 3602 338 3679 posuit
361 3601 484 3666 XXIII,
508 3603 557 3672 36,
589 3601 637 3658 alii
668 3601 828 3659 insidias
858 3602 902 3659 ab
933 3601 1061 3678 aliquo
1091 3612 1250 3660 metuere
1278 3619 1311 3662 at

241 3705 378 3784 similia),
414 3727 467 3765 nec
498 3726 585 3784 posse
621 3708 699 3765 bunc
728 3725 811 3764 usum
841 3708 1005 3783 promiscue
1031 3709 1069 3766 ed
1097 3708 1155 3766 elia
1183 3709 1307 3774 traduci,

241 3823 272 3870 ut
292 3811 386 3870 fides
416 3811 606 3871 aeonsule
638 3832 693 3889 pro
728 3811 854 3870 consulis
882 3811 939 3870 lide
965 3813 1094 3885 dicatur,
1126 3833 1192 3872 cum
1222 3823 1309 3875 tanta

240 3917 397 3994 presertim
414 3917 613 3993 ambiguitate,
628 3925 661 3975 ut
675 3917 835 3975 bonores
850 3917 893 3976 ad
909 3919 1175 3978 exsolvendam
1196 3919 1307 3980 fidem

240 4043 259 4079 a
281 4023 431 4080 consule
451 4023 575 4080 habiti
603 4041 662 4080 non
695 4023 905 4098 intelligantur,
938 4026 1016 4100 quod
1038 4026 1180 4084 sermonis
1202 4034 1309 4084 natura
