2800 4646
565 276 621 334 221
935 274 993 322 Lib.
1013 273 1086 323 XXI.

60 460 90 516 si
114 459 201 516 inde
223 477 377 528 cessero,
399 460 434 517 in
455 457 620 518 Africam
645 466 698 516 cet.
753 457 811 516 Sed
832 469 928 516 tamen
959 468 1050 516 restat
1071 460 1122 516 ali-

60 566 133 639 quid
156 565 346 622 dubitetionis
367 577 405 636 et,
426 565 480 623 nisi
501 565 597 635 fallor,
621 566 725 622 mendi.
767 566 845 623 Nam
867 565 917 621 illa
934 565 1040 622 etiam
1063 567 1122 623 lli·

60 669 238 746 spanias?
268 691 327 729 non
348 681 426 728 recte
449 673 644 749 superioribus
667 672 875 748 adiunguntur,
902 683 933 728 ut
954 671 1020 728 indo
1041 673 1122 729 audi-

60 789 129 834 atur
151 777 298 847 adimis;
320 787 350 834 et
370 795 415 844 res
437 777 512 834 enim
534 778 675 854 postulat,
705 787 738 834 nt
758 778 927 854 Hispaniae,
960 779 989 834 in
1018 778 1122 853 quibus

59 884 192 940 nondum
225 883 378 958 qnisquam
399 885 598 942 Romanorum
627 885 728 960 pedem
751 893 902 959 posuerat,
934 904 952 941 a
974 883 1074 943 Sicilia
1095 895 1125 942 et

61 989 206 1048 Sardinia
227 990 361 1048 seiunctae
394 1009 458 1048 cum
481 989 585 1048 Africa
613 990 823 1065 coniungantur
844 999 873 1048 et
900 991 938 1046 ad
959 991 1035 1049 idem
1058 1011 1122 1049 ver-

60 1098 132 1152 bum
156 1095 424 1170 (transcendes)
443 1096 614 1166 referantur,
636 1104 665 1152 ct
685 1095 849 1154 itnaLivio
872 1099 1032 1155 orationem
1043 1117 1122 1155 conr-

59 1202 189 1278 positam
201 1200 298 1273 fuisse,
307 1204 440 1274 ostendit,
450 1203 528 1278 quod
549 1203 679 1278 sequitur
698 1201 734 1258 de
754 1211 877 1276 utroquo
890 1204 1014 1274 consule,
1030 1205 1122 1262 altero

60 1309 91 1364 in
118 1307 288 1382 Hispanias,
310 1309 402 1366 altero
423 1310 452 1366 in
474 1309 606 1368 Africam
629 1309 726 1378 misso,
749 1309 804 1364 hoc
822 1319 874 1378 est,
896 1309 932 1365 de
954 1319 1122 1368 transcensu

62 1415 122 1472 iarn
144 1414 174 1471 in
196 1425 350 1492 utramque
372 1427 479 1474 terram
501 1414 589 1472 facto.
639 1415 743 1489 Itaque
769 1423 893 1472 retracta
919 1415 1123 1490 praepositione

61 1521 108 1585 in,
125 1540 190 1596 qun
215 1535 245 1578 ut
269 1522 338 1580 alibi
360 1541 437 1598 saepe
458 1518 532 1598 (vid.
558 1523 594 1578 ad
609 1521 668 1591 IX,
682 1527 730 1590 ll,
744 1523 774 1591 8)
796 1520 967 1596 praecedenti
986 1521 1083 1578 littero
1096 1541 1123 1584 ιιι

63 1629 171 1684 hausta
193 1639 245 1698 est,
268 1628 354 1686 scribi
377 1629 475 1685 debet:
498 1628 619 1686 Etiam
642 1627 676 1684 in
698 1626 903 1701 Hispanias
925 1638 967 1697 et,
989 1627 1018 1684 si
1040 1628 1123 1684 indo

63 1751 231 1801 cessero,
262 1735 297 1792 in
325 1733 492 1792 Africam
515 1731 771 1789 transcendes?
813 1733 891 1790 Nam
928 1733 956 1790 in
978 1734 1033 1790 huc
1056 1753 1122 1790 cra·

62 1840 152 1896 tionis
174 1839 286 1907 forms,
319 1840 456 1914 quoniam
479 1839 581 1896 rnediae
603 1849 680 1896 certe
702 1839 848 1894 sentcntiae
870 1839 921 1896 illa
945 1859 999 1916 pro
1022 1841 1123 1898 condi-

61 1949 147 2004 cione
170 1947 326 2004 affirmatio
347 1948 415 2002 ficta
436 1946 523 2002 inseri
544 1965 602 2002 non
630 1961 716 2020 posse
737 1943 867 2014 videtur,
894 1947 1056 2004 necessario
1085 1947 1123 2003 si·

62 2053 123 2110 mul
132 2052 296 2110 addendum
308 2053 338 2108 si
350 2047 458 2128 puto.¹)
486 2052 600 2110 Deinde
612 2065 707 2108 autern
721 2049 953 2126 interrogationis
968 2051 1123 2108 correctio·

63 2178 129 2215 neni
153 2157 306 2215 indicantis
328 2158 422 2216 fornia
445 2158 516 2215 scite
547 2155 750 2212 animadversa
780 2173 799 2211 a
826 2154 977 2213 Gronovio
1007 2157 1123 2229 (tran-

62 2264 224 2322 scendes
247 2275 365 2322 autern
389 2262 501 2334 disci)
524 2263 612 2319 habet
633 2270 747 2326 tamen,
783 2256 813 2313 iu
835 2275 893 2332 quo
915 2260 976 2318 iure
998 2263 1123 2329 haereas3

61 2391 132 2431 nam
155 2379 206 2426 aut
232 2370 472 2428 transcendes
496 2365 633 2425 autem?
666 2375 717 2420 aut
748 2365 985 2422 transcendes
1020 2367 1123 2424 dico?

60 2477 217 2534 dicendum
250 2476 363 2534 videtur
384 2474 486 2544 luisse;
521 2473 570 2530 ubi
592 2481 745 2544 utrumque
766 2470 957 2545 coniungatur
990 2471 1121 2543 (nutem

59 2583 191 2652 dicei),
212 2583 329 2652 frustra,
353 2581 471 2657 opinor,
493 2596 616 2654 quaerns.
665 2576 765 2652 (Locis
787 2576 912 2651 quinque
936 2577 971 2632 da
1002 2587 1121 2636 nutem

66 2693 109 2747 sic
133 2690 229 2766 posito
257 2690 295 2746 ab
321 2687 440 2744 Handio
462 2683 587 2742 Tursell.
619 2681 634 2738 1
657 2701 686 2757 p.
712 2686 770 2741 576
794 2682 925 2739 excitatis
947 2701 984 2739 ox
1006 2681 1122 2741 Cicero-

59 2797 107 2854 nis
129 2795 211 2870 epist
233 2795 272 2852 ad
294 2794 385 2852 Attio.
416 2793 462 2862 V,
489 2794 534 2856 13,
556 2791 620 2858 Vl,
643 2791 680 2860 2,
703 2789 781 2859 Vll,
808 2793 841 2858 l,
874 2799 946 2845 orat.
969 2809 1023 2866 pro
1046 2791 1120 2850 Rau.

60 2904 148 2960 Post.
174 2910 264 2976 repet.
289 2903 321 2968 5,
351 2903 400 2969 10,
423 2897 509 2954 Plinii
531 2899 642 2970 Pancg.
666 2915 689 2954 c.
714 2896 752 2952 28
775 2895 842 2952 addi
863 2906 984 2970 possunt
1005 2894 1122 2954 Cicero-

61 3009 107 3064 nis
136 3007 204 3076 dno,
227 3027 272 3083 ep.
295 3005 333 3062 ad
357 3005 443 3062 Fam.
470 3006 503 3073 l,
542 3005 575 3073 9,
616 3007 650 3058 to
675 3010 703 3056 ct
723 3002 752 3058 in
776 3003 878 3064 Pison.
900 3001 1046 3076 fragm.2
1085 3023 1122 3060 cx

61 3114 144 3170 initio
167 3112 320 3170 orationis:
348 3109 505 3186 ingenii;
540 3107 677 3184 ingenii
701 3107 838 3166 autern?
870 3109 940 3165 imo
970 3109 1121 3184 ingenui
1200 3123 1216 3141 ⁸

63 3217 222 3276 hominis
244 3237 284 3275 ac
306 3217 431 3286 liberi,
452 3227 481 3273 et
501 3215 631 3273 nonnihil
652 3215 788 3271 inflexum
805 3215 935 3272 'ferentii
957 3234 993 3272 cx
1014 3216 1121 3292 Hecyr.
1216 3242 1223 3251 ν

66 3331 91 3394 l,
107 3327 135 3392 2,
150 3327 201 3392 25,
225 3324 283 3396 ubi,
304 3335 459 3400 postquam
478 3323 602 3381 Philotis
618 3321 704 3378 dixit:
723 3340 871 3379 uxorem
890 3321 1032 3392 habere,
1047 3323 1121 3378 Par·

62 3449 147 3487 meno
180 3429 328 3505 corrigens
356 3429 484 3487 subiicit:
512 3428 649 3485 habere
671 3425 808 3484 autem?
830 3429 885 3486 hoc
906 3437 964 3484 cst:
986 3428 1121 3484 habere

58 3535 189 3610 di·cis?)
232 3538 333 3612 Auget
356 3536 558 3611 suspicionem,
581 3534 658 3609 quod
680 3534 708 3590 in
731 3535 878 3593 codicibus
901 3535 939 3607 (P
961 3545 989 3590 ct
1004 3534 1119 3601 ceteris)

73 3746 260 3754 .-.-..-.—-

78 3879 99 3932 ¹t
132 3883 218 3932 Video
238 3897 313 3942 nnnc,
332 3884 408 3932 etium
427 3881 659 3944 Freudcnbcrginm
688 3882 713 3928 in
731 3879 822 3930 Jahnii
848 3881 977 3931 annalium
996 3897 1119 3931 novorum

128 3977 181 4026 vol.
200 3975 290 4025 Lxxt
309 3977 345 4039 (s.
368 3979 446 4040 lent)
464 3991 487 4040 p.
510 3979 559 4024 726
578 3975 609 4022 ἰη
629 3975 808 4038 Hispanias
827 3974 988 4024 scribendum
1007 3988 1063 4024 esso
1081 3975 1120 4022 iu-

128 4070 268 4120 tellexissc.
