2822 4648
274 290 331 339 Lib.
340 288 401 338 Vll.
743 289 799 346 ¹54

238 493 287 531 me
314 474 344 530 vi
365 479 596 550 persequeretur.
655 469 813 546 Scripsitne
848 470 963 527 Livius:
997 468 1215 545 relictisque
1258 487 1303 534 ex

238 580 378 636 duobus
399 575 609 652 legionibus
631 576 812 633 custodire
836 574 1052 650 etpraesidii
1068 577 1304 650 consegrsvi

239 685 359 742 edicto
381 681 542 751 monitis,
564 682 619 739 hoo
641 689 694 750 est,
715 681 760 751 iis,
783 699 856 756 quos
879 699 916 738 ex
938 679 1052 737 duabus
1074 679 1234 755 legionibus
1254 700 1304 738 re·

237 789 395 864 linquebat,
416 787 500 863 grnvi
522 786 617 844 edicto
634 785 773 843 monitis?
795 787 870 843 duro
891 784 1022 862 proiecto
1046 793 1075 840 et
1095 785 1212 844 insolito
1232 805 1304 862 par-

238 895 401 970 ticipiorum
426 893 636 962 coniunctione,
657 901 690 948 ut
712 893 835 960 alterum
858 911 911 968 pro
934 889 1116 948 substantivo
1138 891 1174 948 sit
1188 901 1217 948 et
1233 893 1303 948 sub·

238 1000 304 1058 ieeti
325 999 419 1056 loeum
441 1007 547 1068 teneat,
570 1015 623 1054 neo
644 1005 757 1068 temen,
787 1017 852 1072 quor
873 1015 993 1073 prorsus
1022 1015 1040 1052 u
1062 995 1140 1052 Livii
1161 997 1303 1054 orationis

238 1104 416 1180 proprietate
437 1103 497 1174 illo,
520 1121 608 1177 quum
632 1101 669 1158 ed
694 1121 718 1160 o.
745 1107 790 1174 10,
818 1107 852 1162 13
879 1103 978 1177 attigi,
998 1102 1163 1159 obhorreat
1203 1101 1305 1177 Serip-

238 1211 276 1267 sit
297 1219 374 1267 oerte
395 1209 550 1279 XXXIV,
578 1213 623 1278 ll,
647 1211 679 1264 4:
702 1217 736 1265 et
758 1210 964 1267 credentem
987 1225 1024 1263 se
1045 1207 1194 1282 aliquid
1217 1225 1304 1264 eux·

239 1315 297 1372 ilii
319 1316 453 1374 bebere
479 1345 514 1356 -
538 1313 621 1390 ipso
645 1312 788 1371 liduoio
813 1347 847 1358 --
865 1321 1051 1372 servotum
1067 1314 1204 1384 (hooestz
1226 1331 1304 1384 eum,

238 1420 451 1497 quiorederet).
479 1419 538 1479 Sed
549 1437 601 1476 eur
621 1417 708 1478 illud:
730 1439 773 1477 ex
795 1421 934 1476 duobus
956 1418 1165 1492 legionibus
1187 1419 1306 1476 additur

239 1535 290 1582 out
311 1527 381 1600 quid
403 1527 441 1582 ad
463 1544 524 1582 rem
548 1523 691 1600 pertinet?
739 1525 864 1582 Videtur
887 1523 1052 1599 significari,
1078 1525 1205 1599 predam
1223 1525 1304 1600 (qnoe

238 1631 332 1687 omnis
354 1631 436 1687 militi
459 1632 529 1688 dete
550 1631 639 1706 poulo
666 1639 734 1706 post
755 1629 871 1702 dicitur)
893 1647 951 1686 non
973 1629 1058 1685 unius
1085 1627 1206 1704 legionis
1227 1629 1304 1687 mili·

238 1735 315 1792 tibus
334 1737 529 1807 commissum,
551 1735 601 1792 sed
624 1735 763 1806 duarum,
795 1743 828 1792 ut
854 1734 981 1791 intereo
1003 1734 1188 1792 custodirent.
1242 1735 1304 1795 Sed

238 1849 330 1898 toturn
352 1842 427 1898 hene
449 1841 642 1916 suspicionem
666 1859 721 1916 pro
742 1841 853 1898 ineerta
876 1859 965 1916 pono.
1009 1841 1042 1910 (ξ
1069 1844 1099 1897 ll
1127 1859 1184 1897 non
1206 1849 1305 1915 potest

239 1963 338 2004 verum
353 1963 416 2002 esse
431 1947 572 2021 quieto,
590 1947 668 2021 quod
679 1947 709 2003 in
721 1948 794 2007 Lov.
805 1926 1000 2004 4-'ooniecture
1011 1955 1111 2002 nutum
1133 1955 1305 2021 receperunt

238 2051 428 2108 recentissimi
442 2051 581 2120 editores3
606 2053 684 2127 qnod
696 2053 771 2110 enim
784 2052 942 2127 significari
963 2051 1073 2120 volunt,
1087 2051 1219 2125 proxime
1235 2060 1305 2108 unte

238 2165 315 2212 reete
337 2165 365 2213 et
389 2167 456 2231 epte
478 2177 514 2214 ex
537 2158 629 2214 hostis
652 2177 702 2216 ore
724 2159 832 2216 dictum
855 2167 914 2216 est:
946 2157 1025 2213 dum
1051 2155 1217 2213 inclusus
1237 2175 1304 2232 pa-

238 2271 341 2319 veret
361 2263 478 2320 hostis
500 2265 660 2322 Romanus.
716 2265 882 2322 ribemonte
910 2263 948 2319 sd
981 2261 1071 2318 elium
1099 2262 1195 2318 looum
1216 2262 1306 2320 ooulo

237 2377 336 2426 netum
359 2369 473 2426 videtur
496 2369 582 2444 quie
604 2377 655 2426 eut
677 2370 762 2443 quia
783 2369 866 2426 etin
889 2369 952 2425 ood.
976 2368 1157 2442 archetypo.)

320 2473 393 2550 Cap.
418 2478 466 2544 39,
481 2475 515 2532 ll
541 2475 583 2548 (in
606 2473 728 2531 confuse
749 2474 800 2531 ille
825 2481 855 2530 et
875 2474 1011 2549 fingendo
1036 2481 1179 2530 exornate
1200 2489 1305 2528 nerra-

237 2580 315 2638 tione
336 2581 484 2638 seditionis
505 2580 626 2636 militum
650 2599 727 2636 enno
751 2581 809 2637 342
832 2579 929 2652 luotae)
952 2581 990 2637 ab
1007 2579 1137 2636 instituto
1154 2595 1218 2634 meo
1229 2595 1306 2652 pau-

237 2685 326 2761 lisper
355 2687 504 2744 discedens
527 2687 658 2744 oodieum
687 2685 860 2760 scripturam
891 2684 1059 2754 defendam,
1090 2683 1119 2740 in
1152 2700 1210 2756 qua
1239 2701 1306 2738 mu-

238 2791 328 2848 tando
350 2791 475 2848 editores
498 2791 605 2865 aliique
627 2791 694 2847 inde
721 2809 739 2846 n
770 2789 925 2849 Gronovio
948 2808 1012 2847 eum
1034 2789 1173 2865 grambus
1195 2789 1307 2846 errori·

237 2895 292 2952 bus
314 2905 466 2970 satagunt3
497 2916 533 2953 eo
554 2896 720 2954 huiusmodi
745 2905 802 2953 est:
834 2913 958 2952 somno
987 2913 1132 2970 gravem
1164 2895 1308 2970 Quine-

237 3000 325 3056 tium
351 3019 575 3076 oppressum,
592 3002 685 3060 nihil
704 3002 869 3070 medium,
886 3011 950 3058 aut
970 3002 1167 3075 imperium
1191 3011 1308 3076 utque

237 3107 410 3164 honorem
432 3115 502 3178 aut,
526 3108 587 3164 ubi
609 3109 814 3176 restitaret,
836 3115 996 3178 mortem,
1018 3109 1052 3164 ni
1074 3117 1308 3182 sequeretur,

238 3211 514 3282 denuntiantes,
544 3214 578 3270 in
602 3225 726 3271 oestro
748 3223 1019 3288 pertraxerunt.
1076 3212 1192 3270 Primus
1223 3213 1308 3271 Gro-

239 3318 341 3375 novius
362 3319 423 3376 ubi
445 3329 474 3376 et
494 3320 524 3376 si
546 3320 622 3376 idem
647 3337 711 3376 esse
731 3319 855 3394 putavit,
878 3319 957 3393 quod
980 3329 1082 3376 contre
1097 3329 1149 3380 est.
1194 3319 1308 3392 Quine-

238 3425 279 3482 tio
305 3424 408 3482 milites
430 3424 502 3481 nihil
523 3425 648 3482 medium
671 3425 890 3494 denuntiabunt,
910 3425 960 3482 sed
977 3425 1191 3500 autimperium
1214 3435 1309 3500 etque

237 3532 377 3588 honorem
411 3533 469 3602 (-
492 3529 540 3586 hio
572 3529 642 3586 nihil
665 3550 740 3607 opus
761 3543 825 3590 eret
847 3532 915 3590 eddi
949 3531 1139 3600 condicionis3
1174 3529 1204 3586 id
1225 3529 1307 3589 enim

237 3635 332 3710 ipsum
354 3636 508 3694 offerentes
529 3637 694 3706 veniebant,
720 3645 767 3705 -)
790 3647 858 3708 out,
892 3638 1005 3712 quoties
1027 3636 1161 3694 resistere
1183 3655 1308 3694 conare·

238 3749 286 3797 tur
307 3742 398 3816 (quod
422 3743 527 3818 saepius
550 3763 615 3801 eum
640 3743 752 3813 fecisse,
774 3743 865 3800 verbo
888 3742 1102 3818 frequenuuivo
1124 3752 1153 3799 et
1167 3742 1309 3800 coniunc-

239 3845 299 3903 tivo
321 3847 408 3905 modo
431 3849 578 3906 sententiae
600 3848 769 3924 temporalis
801 3847 1008 3923 significetur),
1032 3859 1172 3918 mortem,
1206 3848 1236 3905 ni
1257 3867 1308 3905 se-

238 3961 382 4026 queretur.
431 3954 513 4011 Nihil
534 3955 640 4012 rectius
662 3965 713 4011 out
735 3953 872 4030 apertius.
919 3955 951 4011 Is
973 3973 1090 4030 quoque
1111 3955 1228 4022 erravit,
1251 3956 1306 4028 qui

239 4057 358 4116 Hertzio
380 4060 541 4133 persuasit,
564 4070 595 4116 ut
617 4077 829 4136 oppressum
860 4069 999 4136 tunquam
1027 4060 1156 4136 spurium
1177 4069 1305 4122 notaret.
