2826 4650
579 265 611 319 51
991 261 1047 310 Lib.
1069 261 1089 311 1.

82 446 174 504 librum
195 445 422 504 recentissimum
449 453 478 500 et
508 443 792 519 interpolatissimum
814 453 844 501 et
864 445 990 503 eiusdem
1012 448 1125 520 generis

83 552 193 610 alterum
216 552 297 620 (Hs)
327 559 441 608 secutus
468 567 492 606 c.
517 552 554 607 13
578 549 731 606 Veientum
760 557 789 606 ct
808 551 975 626 AEquorum
1008 555 1125 613 nomina

81 657 255 732 trsnsposuit,
267 657 346 732 quod
360 656 493 724 „Livium
513 674 570 714 non
587 655 706 713 ferenda
721 656 749 712 111
766 656 838 712 tend
853 658 976 715 nominis
991 677 1025 716 ac
1039 658 1124 717 famae

81 763 206 820 historico
221 763 395 838 negligentia
409 762 509 838 paucis
523 760 678 818 interiectis
694 761 739 818 sui
753 761 874 820 oblitum
891 769 971 822 esse“
989 785 1047 826 nou
1064 785 1126 825 cre-

80 870 167 938 debat,
187 869 345 944 habuitque
368 869 572 942 obsequentes,
604 866 704 940 quiin
726 868 873 942 superiore
893 869 958 928 leco
980 872 1126 930 codicibus

80 975 252 1044 obedierant,
275 975 474 1051 Kreyssigium
497 983 525 1030 et
545 972 711 1044 Herteium,
732 973 977 1048 dissentientibus,
1000 978 1048 1053 qui
1069 975 1126 1036 illic

81 1081 220 1138 Dulrenrm
241 1091 346 1138 contre
366 1080 480 1137 codices
500 1079 590 1136 secuti
612 1087 703 1148 erant,
724 1079 909 1138 Alschefskio
930 1091 959 1138 et
980 1083 1126 1141 Weissen-

79 1186 181 1242 bornio.
237 1187 358 1246 Utinam
389 1205 446 1242 non
473 1185 563 1242 multo
590 1184 729 1260 graviore
752 1184 852 1242 Livius
881 1189 1070 1248 commisisset
1099 1202 1127 1248 et

79 1309 138 1364 que
166 1292 255 1348 verbo
286 1309 344 1348 uno
375 1291 503 1348 alterove
529 1291 667 1348 mutando
698 1293 948 1366 transponendove
983 1296 1128 1354 occultare

78 1415 131 1452 uon
151 1396 253 1472 possis.
301 1395 363 1452 Lib.
386 1397 441 1465 IV,
465 1399 513 1466 311,
540 1399 573 1453 15
597 1396 625 1452 iu
648 1396 780 1454 cornibus
807 1398 969 1469 codicibus,
999 1403 1127 1477 exceptis

77 1503 163 1558 tribus
183 1501 311 1560 omnium
340 1501 444 1558 infimis
472 1502 590 1572 (iisdem
613 1501 771 1576 Sigoniano
793 1513 821 1560 ct
843 1504 902 1576 He,
931 1517 991 1562 tum
1012 1508 1127 1564 Hever·

78 1609 256 1684 campiano),
288 1606 435 1664 scribitur:
471 1617 508 1664 ut
531 1607 723 1680 Quinctius
746 1610 872 1666 consul
896 1612 936 1668 de
964 1611 1060 1670 bello
1084 1615 1125 1671 ed

76 1716 241 1790 populum
264 1714 392 1782 ferret,
414 1722 442 1770 et
463 1733 488 1770 c.
502 1716 550 1784 31,
576 1717 588 1770 1
609 1713 708 1770 Livius
725 1716 859 1789 proximo
880 1735 956 1773 anno
972 1719 1008 1774 T.
1021 1717 1127 1791 Quinc-

76 1823 142 1878 tium
179 1824 310 1880 Peneum
350 1839 392 1876 ex
431 1820 618 1878 consulatu
658 1820 803 1878 tribunum
838 1821 959 1878 militum
1000 1835 1127 1882 creatum

75 1929 177 1985 scribit.
230 1927 324 2002 Atqui
347 1945 435 2001 supra
456 1945 480 1984 c.
505 1929 553 1996 311,
579 1927 613 1984 12
637 1926 768 1983 consules
794 1927 878 1982 huius
900 1929 967 1984 anni
1000 1930 1129 1988 ediderat

75 2033 106 2092 (¹.
128 2033 283 2092 Servilium
304 2032 442 2100 Ahalam,
465 2033 499 2089 L.
521 2033 670 2108 Papirium
692 2031 896 2106 Mugillanum
918 2034 955 2090 T.
978 2035 1128 2108 Quinctius

74 2139 219 2214 superiore
252 2157 329 2195 anno
359 2138 459 2196 consul
480 2137 576 2195 fuerat·
596 2139 625 2209 (§
648 2138 690 2210 t).
744 2137 849 2211 Itaque
869 2138 970 2197 Livius
990 2160 1049 2199 non
1069 2143 1126 2200 iem

76 2267 110 2304 ex
128 2245 242 2304 duobus
264 2244 428 2301 hominibus
449 2243 569 2301 alterum
591 2261 645 2318 pro
668 2242 758 2299 altero
780 2243 948 2317 nominavit,
969 2248 1019 2304 sed
1039 2250 1129 2325 negli-

74 2352 187 2426 gentius
217 2350 323 2408 Ahalae
355 2359 383 2406 ct
414 2349 565 2424 Mugillani
596 2349 700 2406 oblitus
737 2349 774 2405 ad
804 2351 966 2425 superiores
998 2355 1130 2413 consules

74 2457 232 2527 aberravit,
253 2457 350 2514 nescio
369 2457 438 2532 quid
457 2457 487 2513 in
509 2455 600 2512 altero
622 2473 660 2511 ex
680 2454 715 2510 iis
730 2455 880 2530 deligendo
895 2467 1019 2518 secutus.
1058 2461 1130 2519 Edi-

74 2575 152 2621 tores
171 2563 239 2620 inde
256 2582 275 2618 a
290 2561 419 2638 Sigonio,
441 2562 568 2637 exceptis
580 2559 724 2629 Belskero,
736 2560 980 2634 Weissenbomio,
1002 2566 1131 2637 Hertcio,

75 2670 153 2727 Livii
183 2687 312 2726 errorem
340 2668 533 2726 audacissima
563 2667 723 2724 mutatione
751 2668 930 2726 occultarunt
964 2677 1015 2738 (ut
1047 2691 1131 2730 con·

73 2775 172 2832 sules
195 2775 237 2830 de
259 2774 355 2832 bello
377 2793 403 2831 s„
419 2793 448 2849 p.
465 2772 625 2846 ferrent).
660 2772 756 2847 Magis
772 2773 858 2830 etiam
873 2775 948 2832 Livii
964 2777 993 2833 in
1010 2781 1132 2837 materia

74 2899 111 2938 ex
145 2879 328 2955 superiorum
364 2880 516 2937 annalibus
550 2880 732 2954 excerpenda
766 2888 795 2936 et
835 2882 988 2939 verborum
1028 2895 1131 2944 ornatu

74 2985 227 3042 vestienda
249 2983 396 3042 festinatio
416 2985 577 3060 levitasque
599 2995 729 3061 apparet,
749 2986 827 3059 quod
849 2985 887 3058 V,
910 2989 1010 3060 12,10
1033 3010 1131 3050 omnes

74 3093 207 3150 tribunos
238 3090 358 3148 rnilitum
389 3101 493 3166 prester
520 3109 608 3148 unum
630 3092 664 3150 P.
687 3091 829 3149 Licinium
852 3091 972 3151 Calvum
995 3099 1132 3170 patricios

73 3207 190 3256 creatos
211 3197 323 3265 scribit,
351 3197 469 3254 nomina
490 3206 594 3273 praeter
614 3215 702 3254 unum
725 3198 771 3270 (L.
793 3198 886 3271 Furii)
908 3199 1021 3274 plebeia
1042 3205 1132 3277 ponit,

73 3321 99 3360 c.
123 3312 222 3360 sutem
249 3301 295 3370 18,
320 3303 348 3370 2,
371 3321 458 3376 quum
482 3303 568 3374 idern,
591 3304 669 3378 quod
691 3323 716 3360 c.
744 3305 788 3374 12,
810 3303 989 3363 tribunorum
1011 3309 1132 3367 militum

75 3408 230 3484 collegium
253 3425 480 3466 commemorare
501 3409 601 3479 vellet,
626 3409 699 3466 duos
722 3407 790 3476 (Cn.
814 3407 990 3482 Genucium,
1013 3413 1132 3472 111111-

74 3519 163 3586 lium)
197 3535 234 3572 cx
271 3514 331 3571 alio
362 3533 438 3572 anno
476 3515 638 3574 immiscuit
690 3516 751 3584 VI,
779 3517 812 3586 9,
844 3519 860 3572 5
891 3517 925 3589 Q.
954 3516 1133 3577 Servilius

74 3621 220 3680 nominari
243 3620 351 3688 debuit,
374 3621 423 3695 qui
442 3621 598 3678 exercitum
622 3621 797 3692 (iuniorum)
822 3621 860 3678 ad
883 3623 983 3678 urbem
1006 3623 1134 3682 habebat

76 3735 115 3796 (c.
139 3731 168 3796 6,
195 3730 258 3796 13),
280 3726 445 3784 nominetur
466 3745 563 3784 errore
590 3727 735 3784 memorius
757 3723 827 3806 (L.)
851 3728 1055 3802 Quinctius,
1085 3732 1133 3806 qui

75 3833 228 3892 1111111111
252 3832 437 3906 senioresque
457 3832 613 3908 scripserat
635 3837 719 3905 (1.6,
742 3836 802 3900 11).
850 3833 914 3890 Lib.
939 3835 1066 3893 XXVII
1089 3841 1133 3908 (ut

75 3941 164 3998 etiem
185 3957 223 3996 ex
245 3938 338 3996 altere
359 3937 467 3994 decede
488 3937 650 4014 exemplum
667 3943 792 4013 ponam)
818 3943 844 4008 t,
871 3944 899 3996 11
928 3939 962 3998 C.
978 3943 1133 4002 Hostilium

75 4046 179 4104 Livius
201 4044 272 4102 dicit
295 4063 314 4100 s
335 4042 368 4102 C.
392 4043 516 4102 Loetorio
537 4053 715 4118 propraetore
738 4043 865 4103 Galliam
886 4046 1064 4120 provinciam
1086 4069 1135 4107 ac-

905 4147 934 4198 4.
