2810 4644
583 270 642 326 295
946 269 1003 320 Lib.
1021 270 1108 318 XXV.

79 453 265 510 Gennanicoe
287 450 458 527 praefatione
478 471 506 526 p.
530 451 603 524 xl).
655 452 733 509 Nem
756 453 882 528 primum
913 459 928 523 ξ
956 456 989 510 13
1016 454 1057 526 (in
1078 455 1144 512 red·

81 557 177 616 denda
198 559 285 616 Flavi
307 557 385 632 apud
396 555 563 614 Gracchum
579 557 722 632 oratione)
745 559 786 616 sic
807 559 956 618 scribitur:
984 569 1144 617 ceterum

80 665 227 740 abipso
250 663 418 723 Graccho
441 662 564 719 eadem
592 663 664 722 haec
694 665 831 722 audire
853 665 961 722 mallo
983 683 1044 723 eos
1066 667 1144 734 (Lu-

79 789 219 827 canorum
245 779 382 846 proetures
405 767 487 840 dicit)
522 771 789 845 presentisquo
817 771 1034 846 contingere
1063 770 1144 828 dex·

79 885 187 944 tram;
221 876 257 933 id
288 873 419 950 pignus
441 871 532 929 fidoi
553 891 672 932 secum
694 873 802 932 farre.
858 877 890 936 Si
919 878 975 934 hoc
1006 875 1104 934 farra
1126 896 1144 933 a

78 981 188 1038 malle
228 981 355 1057 pendere
397 976 547 1046 volumus,
600 981 764 1038 necessario
810 983 973 1040 addendum
1020 992 1064 1039 cst
1110 993 1144 1040 ct

78 1087 127 1162 (et
160 1087 194 1144 id
230 1081 389 1161 pignus);
432 1081 561 1158 alioquin
596 1086 651 1142 hoc
694 1105 731 1144 ex
772 1105 856 1162 aequo
895 1087 1061 1161 adiungitur
1096 1106 1143 1144 su-

78 1193 186 1268 periori
209 1192 372 1266 (melunt3
480 1205 599 1244 secum
631 1187 774 1265 ierunt),
807 1193 869 1250 sine
901 1193 961 1250 ulla
991 1193 1143 1253 sententia.

79 1297 190 1354 Verum
223 1296 380 1372 perinepte‚
417 1294 467 1370 qui
498 1292 617 1350 alicuius
649 1295 782 1354 dextram
813 1298 988 1374 attigerunt,
1020 1299 1048 1355 id
1079 1301 1143 1376 pig·

77 1421 132 1460 nus
168 1421 294 1470 secum¹
324 1401 421 1458 ferre
463 1399 608 1468 dicuntum
656 1419 724 1458 nam
763 1403 913 1460 nobiscum
952 1404 1071 1462 ferimus
1107 1425 1143 1462 ea

76 1510 142 1566 soie
173 1510 315 1585 pignora,
355 1525 420 1582 quse
460 1506 489 1562 in
522 1524 639 1564 manum
669 1507 745 1564 tradi
774 1518 904 1583 possunt.
974 1510 1014 1567 Ni
1045 1509 1143 1580 failor,

77 1615 180 1673 Livius
203 1615 373 1690 scripserat:
405 1612 440 1669 id
472 1611 605 1686 pignus
638 1612 728 1670 fidei
751 1631 870 1670 secum
893 1613 982 1676 iore.
1037 1616 1143 1686 (Fere

75 1741 131 1796 pro
148 1719 229 1778 iore
251 1722 277 1778 P
301 1721 424 1788 XXVI,
448 1719 497 1787 32,
522 1719 569 1789 6.)
617 1719 694 1775 Tum
718 1728 848 1776 extremo
871 1719 965 1796 capite
989 1721 1016 1796 (§
1039 1723 1077 1778 25
1106 1752 1138 1762 -

74 1845 145 1884 nam
169 1826 207 1883 dc
226 1826 440 1902 praecipitat
467 1825 532 1892 iu§
561 1827 594 1880 25
617 1825 795 1882 restituendo
826 1825 886 1882 dixi
908 1827 946 1883 ad
968 1827 1040 1896 vn,
1072 1829 1140 1896 6,9

74 1954 105 2009 p.
132 1933 188 1990 143
214 1929 285 2005 -—),
317 1932 366 1989 ubi
401 1931 516 1994 Livius,
548 1929 585 1986 ad
616 1931 702 1987 finem
733 1931 876 2006 perducta
908 1933 1077 1991 narratione
1107 1934 1143 1990 ds

74 2037 216 2098 Graccho
237 2055 290 2112 per
312 2035 433 2092 insidias
454 2033 622 2105 interiecto,
652 2035 735 2093 varie
756 2037 793 2094 de
818 2047 912 2095 morte
934 2038 1062 2096 Gracchi
1084 2032 1143 2096 tra·

876 2143 890 2200 i

75 2227 168 2284 ditum
194 2243 257 2282 csse
279 2224 416 2300 exponit,
448 2224 489 2283 sic
511 2223 658 2282 scribitur:
695 2226 777 2283 Heec
808 2245 945 2300 quaere
968 2227 1026 2303 (sic
1049 2228 1143 2311 Part

74 2333 161 2390 Haec
189 2329 284 2400 iera,
319 2330 368 2387 aiii
396 2331 478 2388 Haec
508 2348 607 2402 sera,
641 2332 704 2389 edd.
738 2332 902 2408 superiores
931 2333 1017 2390 Haec
1039 2351 1141 2402 vera,

75 2439 185 2496 Weiss.
207 2439 289 2494 Haec
310 2435 399 2504 iere)
423 2436 519 2494 fama
540 2447 608 2492 cst:
638 2435 834 2494 Gracchus
857 2437 890 2494 in
914 2438 1076 2496 Lucanis
1098 2439 1141 2496 ad

73 2562 241 2620 campos,
279 2543 338 2618 qui
375 2543 531 2600 Veteres
567 2553 763 2610 vocantur,
806 2542 928 2617 periit.
962 2543 1047 2620 (Cap.
1080 2548 1140 2614 17.)

74 2652 185 2720 Sunt,
229 2649 289 2724 qni
328 2648 363 2706 in
397 2666 485 2724 agro
518 2649 780 2706 Beneventano
824 2667 937 2724 prope
972 2649 1141 2708 Calorem

74 2757 231 2814 fluvium
267 2754 466 2812 ostendant
507 2760 578 2824 (scr.
610 2753 833 2812 contendant
864 2773 929 2812 cum
966 2756 1045 2825 aliis)

73 2862 328 2929 interiectum
359 2869 460 2930 sunt,
488 2861 549 2934 qni
653 2859 697 2916 ab
804 2861 933 2920 turmis
967 2863 1140 2920 Numida-

72 2987 150 3024 rum
182 2967 468 3026 circumventum
500 2966 677 3024 scribant.
727 2966 830 3024 Adeo
859 2983 923 3023 nec
953 2962 1056 3020 locus
1077 2982 1140 3021 nec

72 3072 325 3140 ratiomortis
352 3073 386 3129 in
414 3071 493 3128 viro
524 3081 594 3128 tam
630 3071 730 3129 claro
764 3081 799 3128 et
827 3069 963 3146 insigni
986 3079 1139 3127 constat.

72 3178 264 3238 Manifestum
286 3189 338 3248 est,
361 3179 475 3236 Livium
498 3196 592 3252 nequa
611 3177 641 3234 in
660 3186 742 3234 tanta
761 3177 903 3234 varietate
924 3175 1140 3244 sententiarum,

73 3305 164 3361 quum
189 3285 252 3361 ipsa
274 3295 407 3342 constare
430 3283 584 3359 quicquam
607 3293 701 3359 neget,
733 3283 828 3358 ipsam
852 3282 1002 3340 varietatis
1024 3282 1139 3357 exposi-

72 3392 183 3448 tionem
206 3399 265 3447 tam
288 3390 465 3448 confidenter
496 3408 594 3448 orsum
616 3407 692 3446 esse:
723 3389 806 3446 Hace
838 3407 923 3444 vera
945 3386 1044 3444 ieme
1075 3398 1139 3455 est,

73 3513 179 3570 neque,
201 3494 226 3552 si
237 3495 402 3552 dubitanter
416 3497 531 3572 scripsit
553 3495 649 3564 tHaec
671 3493 752 3552 fers
775 3493 873 3552 fama
894 3497 973 3562 est),
994 3493 1139 3550 addidisse

73 3601 209 3659 absolute
237 3611 376 3675 tanquam
399 3601 435 3657 de
456 3620 487 3658 re
509 3601 683 3658 certissime:
718 3599 910 3658 Gracchus
1015 3598 1139 3674 periit;

71 3705 227 3764 dicendum
250 3715 325 3763 erat:
347 3707 430 3764 Haec
451 3705 528 3765 iera
550 3707 647 3766 fama
669 3717 736 3776 est,
759 3705 1033 3764 Gracchum
1060 3724 1138 3780 per·

71 3812 162 3880 issc;
207 3829 383 3886 quamquam
416 3831 452 3868 ne
484 3813 545 3869 haec
576 3812 691 3887 quidem
724 3811 818 3869 oratio
860 3821 937 3870 recte
968 3811 1139 3880 cohaererem

70 3935 144 3974 nam
177 3915 252 3973 hac
280 3914 379 3974 iama
421 3917 564 3993 pertinere
595 3917 679 3975 dehet
711 3917 748 3974 ad
775 3917 953 3993 superiorem
994 3917 1035 3974 rei
1068 3926 1139 3974 actae

70 4020 289 4090 narrationem
321 4021 385 4080 illa:
414 4021 602 4082 Gracchus
631 4069 658 4084 ..
687 4023 802 4100 periit
828 4023 864 4080 de
892 4023 957 4080 loco
979 4021 1066 4080 caedis
1087 4021 1138 4078 ad·
