2820 4646
244 237 302 286 bib.
317 235 402 286 xtv.
748 237 808 291 604

326 416 400 493 Cap.
424 419 474 486 25,
496 419 514 474 3
547 415 615 486 (ubi
637 415 739 474 Livius
765 433 797 473 se
818 425 906 490 negat
928 414 1050 474 Cnosis
1070 413 1232 472 orationem
1252 431 1305 472 cx·

242 519 525 596 positurum)=Non
546 519 705 578 inseram
726 520 964 578 simulacrum
978 518 1305 593 uiricopiasiquas
1386 597 1387 600 Ἴ

242 625 405 696 dixerit,
437 624 652 695 relereud0;
685 626 804 702 ipsius
836 625 961 684 ‹iratio
990 623 1136 698 scripta
1162 633 1305 682 exstat.

244 739 297 789 oet
342 729 472 788 Primum
495 730 644 806 perinepte
677 730 867 805 gravissimus
899 739 1017 786 senator
1050 740 1080 784 et
1107 729 1305 804 ampliam'mm

243 835 331 892 homo
363 843 502 908 tanquam
529 835 629 892 rhetor
660 835 813 894 Grreculus
846 834 1022 910 copiosus
1045 835 1101 891 vir
1123 831 1305 908 appellamur:

242 939 344 996 Livius
366 938 535 1014 scripserat:
558 941 720 1020 cepisse,
742 958 819 1014 qum
841 937 1211 1006 dixeritrcicreudo.
1244 937 1303 996 Sed

242 1043 399 1102 admodum
422 1061 540 1116 vereor,
572 1061 610 1102 ne
641 1044 720 1102 aliud
750 1053 892 1120 prsetcrea
921 1042 1056 1100 mendum
1077 1043 1179 1100 subsit.
1222 1043 1303 1100 Nam
1386 1031 1387 1036 ἵ

242 1165 337 1222 neque
368 1148 606 1208 simulacrum
637 1149 710 1207 viri
731 1149 773 1208 sie
799 1167 854 1224 pro
875 1148 1002 1224 imagine
1022 1157 1053 1204 at
1077 1147 1174 1206 forma
1194 1148 1304 1223 ingenii
1386 1207 1387 1228 ᾖ

242 1263 271 1310 at
292 1251 381 1310 animi
403 1270 526 1327 usquam
548 1253 618 1310 alibi
639 1253 744 1312 dicitur
776 1272 829 1311 nec
851 1255 907 1311 hac
927 1273 987 1310 uua
1008 1254 1140 1311 credone
1149 1253 1304 1311 referenda
1386 1247 1387 1256 ’

242 1357 344 1415 livius
365 1357 605 1416 simulacrum
626 1359 700 1416 viri
730 1359 824 1435 magis
844 1359 1004 1418 inserturus
1025 1369 1102 1427 erat,
1131 1377 1220 1432 quam
1242 1357 1303 1416 tlla.

242 1481 330 1538 quam
360 1483 379 1522 a
401 1462 515 1521 Catone
545 1481 600 1538 pro
635 1463 700 1538 legs
721 1463 821 1541 Oppia
849 1465 979 1522 habitam
1006 1462 1094 1520 refert
1129 1461 1212 1519 initio
1235 1461 1302 1518 ldsri

243 1569 397 1638 xxxw,
418 1585 481 1638 nec,
503 1587 555 1626 cur
576 1569 617 1636 id,
638 1569 663 1625 si
684 1578 792 1644 posset,
814 1587 873 1626 non
894 1567 1014 1638 lacent,
1037 1587 1127 1626 caum
1148 1576 1222 1624 erat.
1266 1567 1302 1623 ln

241 1673 341 1732 codice
352 1673 499 1732 scribitur:
521 1671 677 1730 inseram
700 1691 771 1730 non
793 1673 990 1730 simulviri.
1030 1671 1301 1746 Trauspositionem

240 1777 309 1852 (pro
333 1776 412 1834 Non
434 1775 606 1850 inseram)
634 1796 654 1834 a
671 1777 807 1847 librario,
833 1788 866 1834 ut
894 1795 972 1853 saepe
1005 1776 1075 1852 (vid.
1097 1778 1135 1834 ad
1156 1796 1182 1834 c.
1205 1777 1235 1845 3,
1258 1773 1302 1852 6),

241 1879 350 1938 lactem
373 1898 430 1936 non
455 1898 541 1952 ουτος
568 1882 764 1940 simulacri
786 1901 892 1940 nomen
920 1881 1110 1958 probabiliter
1136 1881 1300 1938 restitutum

241 1995 322 2062 puto,
345 1984 396 2042 sed
418 1984 617 2043 scribendum:
648 1987 729 2044 Non
750 1988 913 2044 inseram
940 1987 1176 2044 simulacrum
1200 1985 1301 2046 rcrl.

241 2089 395 2165 copiose
416 2097 471 2149 cet.
513 2089 613 2165 Negat
633 2109 665 2148 se
687 2093 788 2150 Livius
810 2093 1012 2152 adumbratam
1021 2092 1211 2150 imitationem
1221 2107 1302 2146 com·

240 2195 419 2272 positurum,
449 2211 538 2268 quum
569 2194 635 2269 ipsa
663 2215 735 2254 vera
764 2199 858 2256 oratio
888 2207 990 2255 exstet.
1044 2197 1180 2272 (Poterat
1211 2195 1300 2252 etiam

239 2299 341 2357 scribi:
363 2299 445 2358 Non
466 2297 627 2356 inseram
648 2301 787 2360 similia
808 2303 916 2371 veris,
938 2301 991 2358 sed
1012 2301 1133 2359 alterum
1155 2301 1301 2376 prestet)

240 2405 335 2464 Paulo
357 2413 426 2480 post
446 2407 461 2472 ξ
477 2405 495 2460 6
510 2421 611 2478 prave,
631 2406 710 2479 quod
721 2405 750 2462 in
771 2407 871 2464 codice
889 2406 1028 2480 scriptum
1048 2415 1093 2462 est
1106 2405 1303 2477 (deducere

247 2551 294 2570 ...
322 2509 514 2566 iusserunt
534 2508 746 2586 praefectos)
765 2513 1072 2581 recentioresmutaut,
1087 2509 1187 2567 addito
1212 2527 1302 2584 prse-

240 2615 344 2672 sidia.
397 2612 504 2670 Rhodii
535 2611 688 2687 prefectos
728 2617 848 2693 singulis
870 2616 965 2676 Carine
994 2615 1148 2692 Lyciaeque
1183 2613 1302 2690 oppidis

240 2717 450 2793 imposuerant3
483 2734 533 2774 eos
566 2715 683 2776 domum
705 2740 846 2780 revocare
867 2723 937 2780 iussi
959 2731 1026 2778 eunt
1048 2721 1126 2796 (cum
1148 2719 1301 2795 presidiis,

238 2821 263 2880 si
288 2840 346 2898 qua
377 2821 482 2892 erant).
536 2823 662 2880 Romani
689 2825 821 2883 Rhodios
848 2824 1027 2904 (universos)
1061 2826 1159 2884 iacere
1190 2823 1301 2897 aliquid

239 2927 340 2984 iubere
361 2935 505 3002 poterant,
529 2945 587 2984 non
609 2929 761 3004 prefectos
782 2931 973 2990 Rhodiorum.
1024 2931 1082 2990 Sed
1108 2929 1210 2987 eodem
1234 2929 1301 2984 loco

238 3031 316 3106 quod
332 3030 480 3090 scribitur:
504 3027 766 3091 Haethodum
789 3036 971 3107 nuntiata3
994 3055 1069 3110 quac
1089 3053 1155 3110 per
1176 3051 1213 3090 ee
1235 3033 1301 3090 tri-

238 3135 312 3194 stia
330 3133 503 3206 luissent,
517 3137 602 3212 quia
626 3138 782 3198 maioris
804 3142 890 3199 rnali
911 3142 1056 3199 levatus
1077 3149 1157 3197 erat
1177 3139 1302 3198 timor.

237 3244 274 3300 in
306 3239 476 3316 gaudium
511 3243 726 3301 renuntiata
757 3255 965 3317 verterunt,
1000 3247 1098 3304 turbat
1125 3243 1299 3302 seutentiam

238 3345 451 3405 renuntiata
481 3345 522 3403 sic
555 3347 774 3422 interpositum,
806 3351 891 3424 quasi
924 3351 1102 3408 contrarium
1133 3348 1171 3405 eit
1202 3346 1301 3403 verbis

237 3469 301 3527 per
322 3467 358 3507 se
380 3459 409 3507 ct
433 3450 532 3524 quasi,
554 3469 619 3526 qum
640 3461 708 3510 ante
728 3455 969 3513 renuntiationem
998 3455 1092 3513 tristia
1113 3453 1235 3521 luerint,
1262 3469 1302 3508 ea

237 3565 305 3632 post
326 3555 567 3613 renuntiationem
594 3557 782 3632 ingaudium
804 3559 951 3618 verterint.
1009 3559 1059 3617 Bis
1080 3557 1220 3632 scripturn
1245 3567 1302 3626 est,

240 3661 318 3734 quod
339 3660 428 3718 semol
452 3659 538 3718 scribi
560 3661 673 3731 debuit,
696 3671 747 3720 aut
768 3663 936 3720 nuntiata
967 3672 1018 3722 eut
1038 3663 1135 3738 potius
1172 3664 1216 3732 (iu
1239 3681 1301 3740 quc

237 3765 372 3824 librarius
403 3783 530 3824 errorem
566 3769 704 3844 correxit)
737 3768 972 3838 renuntiata,
1011 3787 1070 3842 quc
1101 3768 1300 3843 geminatione

237 3868 370 3940 sublata,
406 3870 732 3930 sicdecorretoratio:
770 3875 855 3932 Haec
886 3873 1049 3932 Rhodum
1070 3873 1302 3940 renuntiata,

236 3988 314 4042 quae
334 3991 397 4046 per
417 3991 455 4030 se
477 3975 609 4032 tristia
630 3975 809 4046 fuissent,
916 3978 954 4035 in
978 3979 1150 4054 gaudium
1173 3987 1303 4036 verte·
