2820 4646
248 243 396 295 manv.
748 247 806 302 622

333 427 406 506 Cap.
430 429 479 498 39,
501 429 519 484 2
543 427 585 499 (in
608 429 708 486 eadem
731 429 889 500 oratione):
911 425 1013 500 Quod
1035 425 1065 482 ei
1095 472 1123 488 ..
1154 432 1190 490 L,
1210 433 1308 488 Pau-

251 537 308 594 lus
336 579 365 597 ..
395 536 615 609 interroget:
638 535 673 597 L.
696 535 813 604 Anici,
834 531 892 592 Cn.
917 532 1069 604 Octavi,
1100 547 1219 594 utrum
1242 556 1308 594 vos

250 642 440 718 digniores
458 640 648 715 triumpho
669 657 749 697 esse
770 657 813 696 aa
834 658 886 696 me
912 640 1091 700 censetis?
1113 662 1257 701 currum
1276 646 1309 702 ei

255 747 395 806 cessuri
412 755 445 804 et
466 765 538 821 prae
559 745 695 820 pudore
710 745 882 803 videntur
896 746 1141 824 insigniaipsi
1157 769 1222 806 sua
1237 760 1310 806 trs·

255 853 378 912 dituri.
432 850 577 910 Cedere
599 853 715 911 alicui
744 871 815 909 rem
838 871 892 927 pro
915 855 1117 912 concedere
1146 856 1197 912 vix
1219 857 1310 913 credo

252 959 337 1017 huius
359 957 451 1016 aetatis
473 975 555 1022 esse,
591 977 767 1034 quamquam
796 958 873 1034 apud
895 958 1037 1017 Velleium
1059 961 1111 1027 11,
1136 964 1172 1020 81
1200 963 1312 1020 editur:

253 1082 399 1122 cessere
430 1063 634 1127 victoriam.
686 1065 835 1124 Ciceronis
872 1063 944 1122 illud
963 1063 1035 1138 (off.
1057 1067 1107 1137 II,
1149 1069 1202 1133 18,
1238 1069 1311 1138 64):

254 1172 368 1228 multa
388 1169 512 1228 multis
534 1171 577 1228 de
610 1189 674 1230 suo
698 1173 775 1230 iure
796 1173 995 1242 cedentem,
1020 1171 1045 1230 si
1065 1181 1143 1230 reeta
1163 1173 1311 1244 scn'bitur,

256 1278 329 1334 alius
350 1285 447 1333 tamen
473 1283 516 1332 est
544 1279 657 1352 generis
690 1288 809 1354 propter
835 1278 1031 1335 accusativum
1059 1279 1195 1336 adiectivi
1215 1281 1312 1337 neutri

254 1383 378 1459 generis.
431 1379 547 1440 Codicis
583 1385 726 1461 scriptura
754 1384 796 1440 sie
827 1383 896 1440 mihi
917 1392 1020 1441 notata
1043 1393 1101 1441 est:
1132 1403 1279 1443 currum
1302 1387 1312 1443 i

255 1487 419 1548 cessari?
1386 1545 1387 1552 ,

255 1571 419 1632 censuri?
471 1571 671 1646 Scripseratne
700 1573 815 1630 Livius:
848 1591 955 1629 curru
987 1571 1224 1631 descensuri?
1257 1595 1311 1631 an:
1386 1563 1387 1578 ³

256 1699 400 1738 currum
421 1679 453 1735 ei
477 1677 712 1736 concessuri?
765 1677 882 1736 Certum
905 1687 948 1735 est
978 1678 1211 1748 meudum54:
1239 1681 1311 1738 Ma·

256 1787 439 1845 cedonicae
460 1783 628 1858 legiones
651 1802 714 1840 suo
737 1785 919 1858 abrogato
940 1784 1143 1860 triumphos
1166 1785 1311 1844 alienos
1386 1775 1387 1814 ³

258 1893 335 1968 (cod.
367 1892 725 1966 abrogatutnumpos
760 1889 913 1962 alienos)
950 1890 1193 1967 spectabunt?
1235 1893 1312 1949 Viti·

256 2018 307 2056 ose
329 1998 402 2056 enim
433 1997 643 2054 substantivum
668 2015 687 2052 a
707 1997 804 2072 priore
825 1997 973 2068 membro,
1005 1997 1055 2054 ubi
1087 1997 1182 2054 audiri
1203 1998 1311 2074 nequit,

260 2103 432 2162 transfertur
450 2102 487 2160 ad
509 2102 641 2172 alterum,
651 2103 700 2160 ubi
709 2113 818 2178 potest3
833 2103 1015 2160 scribendum
1039 2103 1142 2160 saltem
1164 2112 1311 2162 tumeret:

257 2230 321 2270 suo
344 2212 522 2286 abrogato
545 2208 686 2265 alienos
709 2209 923 2286 triumphos.
967 2209 1311 2286 SedLiviusscripserat:

258 2337 322 2375 suo
357 2317 540 2390 abrogato
572 2314 755 2390 triumpho
791 2313 936 2372 alienos
959 2315 1195 2391 spectabunt?
1248 2315 1312 2373 Ati-

258 2433 366 2498 quanto
388 2421 464 2480 infra
498 2427 528 2492 [ξ
551 2424 581 2494 9)
618 2422 679 2478 haec
698 2420 874 2478 scribuntur:
911 2419 1135 2480 Ouisontito
1160 2421 1312 2496 provin·
1386 2435 1387 2442 ¹

256 2531 349 2586 ciam
394 2573 420 2588 ..
462 2527 770 2603 praesagientibus
805 2527 936 2584 animis
967 2527 1162 2584 victoriam
1185 2527 1313 2584 trium·

257 2637 441 2712 phumque
464 2633 791 2703 destinavimus,'ei
812 2633 944 2690 victori
966 2633 1185 2708 triumphum
1207 2651 1313 2706 nega·

258 2739 350 2799 turi?
372 2751 406 2798 et
428 2740 573 2814 quidem
607 2737 684 2815 (cod.
712 2741 883 2814 negaturi
904 2735 1082 2813 equidem)
1113 2756 1181 2794 non
1203 2739 1314 2796 homi·
1386 2785 1387 2822 3

200 2867 204 2876 ’
258 2866 320 2905 nes
343 2856 490 2916 tanturn,
513 2846 575 2902 sed
600 2845 687 2901 deos
710 2845 817 2902 etiarn
840 2863 907 2902 suo
924 2845 1061 2902 honore
1078 2841 1314 2900 fraudaturi?

259 2955 328 3012 Non
349 2961 445 3028 potest
476 2953 505 3008 in
540 2950 705 3008 huiusmodi
738 2951 964 3026 interrogatione
986 2949 1079 3008 omitti
1101 2949 1220 3006 verbum
1246 2949 1313 3006 sub·
1386 2995 1387 3016 ,

257 3059 425 3128 stautivnm,
446 3057 546 3133 primae
567 3057 726 3132 praesertim
759 3066 809 3114 aut
844 3057 976 3115 secundae
1007 3074 1147 3132 personae.
1201 3056 1315 3130 Itaque,
1386 3049 1387 3088 ἕ

259 3166 315 3224 nisi
345 3165 413 3240 quid
436 3172 577 3239 praeterea
608 3163 704 3219 mendi
737 3171 795 3234 est,
827 3163 934 3220 excidit
966 3181 1094 3220 sumus.
1182 3161 1314 3237 Excipit,

259 3273 359 3350 paucis
380 3269 551 3340 interiectis,
582 3270 644 3326 haec
674 3269 816 3328 sententia
850 3269 878 3344 (ξ
911 3269 974 3342 11):
1004 3267 1144 3328 Consul
1165 3267 1313 3344 proiici-

259 3395 365 3437 scens
392 3419 421 3438 ..
459 3377 494 3433 in
515 3375 744 3452 provinciam
767 3384 801 3432 et
822 3375 865 3432 ad
884 3374 1021 3432 bellum
1042 3383 1128 3432 vota
1149 3375 1185 3430 in
1206 3371 1314 3449 Capi-

260 3483 353 3541 tolio
374 3493 575 3559 nuncupet;
598 3483 726 3552 victor,
749 3489 963 3558 perpetrato
988 3481 1123 3548 eodem,
1144 3480 1180 3537 in
1204 3478 1313 3555 Capi·

260 3588 353 3646 tolio
375 3589 607 3666 triumphans
629 3588 673 3646 ad
699 3588 842 3646 eosdem
867 3585 1108 3660 deos,quibus
1129 3595 1313 3643 votanun-
1386 3583 1387 3666 i

262 3695 428 3770 cupavit,
463 3694 593 3752 merita
624 3695 719 3751 dona
749 3693 875 3770 populi
896 3691 1048 3751 Romani
1070 3691 1313 3748 transvehens

258 3801 365 3862 redit,
420 3801 468 3861 Sic
488 3802 561 3858 enim
580 3801 766 3876 Kreyssigius
788 3799 919 3876 scripsit,
937 3817 1024 3872 quum
1048 3799 1078 3855 in
1099 3796 1200 3854 codice
1227 3803 1312 3852 esset:

261 3908 392 3963 merita
414 3908 579 3982 donaque
600 3926 649 3980 pr.
673 3905 897 3976 transredit,
920 3924 936 3961 e
956 3902 1170 3979 qqurynaeus
1192 3901 1313 3960 iecerat:

258 4012 391 4068 merita
414 4013 508 4069 dona
529 4011 657 4085 populi
680 4011 835 4070 Romani
862 4010 1036 4068 traducit.
1084 4008 1142 4068 Sed
1163 4026 1257 4083 neque
1277 4006 1314 4063 ad
