2826 4650
753 210 790 266 32

242 398 272 455 ἱιι
293 397 354 454 MP
380 393 548 453 exciderunt
578 401 697 468 propter
731 391 896 467 segniter
923 393 968 451 bis
994 393 1121 471 positum
1149 392 1248 462 (etiam
1272 391 1306 450 in

243 504 318 565 Lov.
331 503 348 559 2
362 507 391 558 st
406 499 471 558 edd.
481 499 653 574 quibusdam
675 495 843 572 veteribus),
860 498 890 556 in
903 499 946 558 Li
960 499 1119 575 ceterisque
1140 506 1306 556 servannrr.

243 609 278 667 In
293 608 331 678 V,
357 610 403 677 15,
430 609 462 664 ll
488 605 567 664 solus
587 604 694 662 Harii
718 621 783 660 cum
805 611 889 678 parte
910 605 1084 662 deteriorum
1107 604 1163 682 (Li
1184 605 1308 662 clintes·

244 714 400 774 deteriores
413 713 485 770 Lov.
501 715 526 781 1,
549 713 577 782 3,
601 715 628 782 4,
652 708 799 766 Vossiano
822 718 945 785 utroque
966 729 1031 769 cum
1052 712 1112 770 MP
1134 711 1306 786 conspiran-

244 819 333 894 tibus)
353 816 546 876 necessariam
566 815 749 890 negationem
768 824 845 872 senet
860 816 1089 888 (deserturos
1109 835 1178 874 nou
1200 815 1307 892 csse),

243 926 273 985 in
295 927 334 995 V,
360 925 405 995 18,
429 928 444 981 7
468 921 547 980 solus
569 919 649 978 Laid.
675 924 687 978 l
714 921 779 994 (etsi
800 921 829 978 in
850 921 915 996 ipso
936 923 1180 997 praecitavere
1201 923 1306 980 scribi·

244 1031 303 1106 tur)
325 1049 391 1087 cuin
412 1047 471 1086 uno
493 1037 522 1086 et
543 1027 635 1086 altero
654 1037 795 1102 proteres
817 1026 961 1103 (Portug.,
983 1029 1108 1086 Haverc.
1131 1048 1147 1086 c
1168 1028 1306 1086 Draken-

244 1135 426 1205 borchisnis‚
453 1134 565 1191 duobus
586 1133 720 1208 Hearnii)
745 1141 822 1190 recte
842 1133 942 1192 habet:
963 1133 1247 1210 praecipitavere
1268 1133 1306 1190 in

229 1241 417 1310 insidias,
451 1238 538 1296 ceteri
565 1237 848 1315 praecipitavere
878 1258 914 1298 se
946 1240 981 1298 in
1013 1240 1181 1309 insidias,
1214 1239 1306 1314 quod,

244 1346 357 1406 etiamsi
378 1345 552 1403 concedatur
576 1344 632 1402 dici
653 1345 882 1421 praecipitari
909 1347 943 1404 in
969 1346 1141 1416 insidias,
1170 1345 1220 1420 qui
1240 1345 1306 1420 ipse

243 1454 352 1512 incidat
375 1450 655 1526 (nundinantem,
686 1451 840 1526 disputabo
862 1452 900 1508 ad
921 1453 993 1524 vn,
1016 1456 1043 1522 6,
1066 1455 1118 1520 9),
1148 1449 1305 1508 manifesto

243 1559 378 1616 vitiosum
403 1566 459 1626 est3
495 1557 536 1613 sic
558 1555 633 1613 anim
655 1557 772 1626 dicitur,
808 1557 891 1632 quasi
921 1558 1028 1616 tribuni
1051 1557 1173 1614 militum
1195 1556 1307 1632 seipsi

244 1667 313 1723 data
335 1683 425 1740 opera
445 1661 474 1719 in
495 1661 614 1719 insidias
631 1663 813 1720 conieceriut.
857 1663 892 1720 In
913 1683 971 1722 uno
994 1673 1023 1720 et
1044 1664 1135 1720 altaro
1156 1663 1221 1720 loco
1238 1681 1305 1720 cor-

243 1773 335 1832 rectio
356 1769 426 1828 felix
450 1767 581 1825 adhibita
602 1785 665 1824 esse
686 1779 796 1843 potest,
829 1779 861 1826 ut
882 1769 920 1835 V,
950 1773 1001 1839 15,
1026 1772 1077 1840 ll,
1099 1769 1135 1826 de
1158 1787 1215 1842 quo
1236 1768 1305 1826 loco

244 1877 322 1948 dixi,
354 1885 383 1933 et
404 1875 466 1944 ΙΙΙ,
496 1875 554 1944 37,
582 1876 618 1944 5,
651 1874 699 1931 ubi
731 1875 759 1932 in
792 1876 839 1933 Hl
877 1882 906 1930 et
926 1893 984 1932 uno
1005 1873 1204 1950 Portugellico
1225 1883 1306 1932 recte

243 1984 392 2044 scribitur:
424 1981 459 2038 id
490 1978 593 2036 modo
624 1979 752 2054 plebes
784 1980 965 2056 agitabat,
999 1981 1029 2038 in
1051 1981 1091 2038 Ll
1118 1980 1240 2056 plebe,
1273 1981 1306 2038 in

243 2090 345 2148 ceteris
367 2089 519 2165 plebenn
540 2085 570 2142 iu
590 2085 624 2142 M
649 2087 740 2144 verbs
761 2087 890 2163 plebes
912 2087 1083 2162 agitabat
1104 2105 1174 2162 quc
1197 2087 1305 2144 modo

244 2194 413 2252 exciderunt
424 2200 543 2268 propter
556 2191 657 2248 modo
677 2193 721 2250 bis
737 2193 872 2268 positum.
908 2191 1047 2263 (Scelus
1070 2193 1144 2250 enim
1169 2202 1197 2250 ct
1218 2211 1307 2250 cura

245 2301 389 2376 agitare
413 2296 573 2371 aliquem
594 2305 703 2372 potest;
730 2298 765 2354 id
788 2317 840 2355 me
862 2297 995 2373 agitat,
1022 2317 1172 2374 quonam
1200 2299 1305 2356 modo

245 2405 423 2474 efficiam,
444 2402 580 2460 Latinum
602 2421 660 2460 non
682 2398 780 2479 est.)⁸)
825 2401 898 2462 Cum
913 2403 1047 2462 Leidensi
1065 2405 1162 2480 priore
1177 2405 1306 2462 maxims

246 2592 444 2608 ,..-..-.

261 2727 287 2796 ⁸)
314 2731 345 2780 ln
371 2730 438 2780 libro
467 2727 527 2786 VII,
552 2729 594 2786 37,
621 2731 636 2776 2
664 2727 708 2775 ubi
732 2726 759 2774 in
783 2725 833 2774 MP
852 2725 1059 2789 deterioremque
1084 2726 1160 2790 louge
1187 2727 1306 2792 pluribus

314 2823 433 2873 scribitur
450 2826 611 2869 constanter:
638 2818 785 2880 siugulis
810 2819 910 2868 bubus
933 2819 1087 2882 binisque
1114 2819 1251 2878 tunicis,
1277 2819 1306 2869 in

314 2929 364 2979 qus
389 2913 513 2976 scripture
539 2911 602 2959 nibil
629 2911 799 2970 desideratur,
832 2911 869 2960 Ll
895 2911 949 2971 Hl,
980 2912 1107 2960 adiunctis
1132 2912 1210 2962 Voss.
1238 2918 1252 2961 2
1280 2921 1305 2962 et

314 3003 532 3063 Lov.³‚habent:
551 3003 689 3066 singulis
706 3003 808 3052 bubus
827 3004 1304 3067 privisquebinisquctunicis,

314 3097 403 3160 fragm.
422 3095 487 3146 Hau.
506 3096 609 3160 privis
635 3095 791 3160 binisque
817 3097 895 3161 (unde
915 3099 973 3146 edd.
993 3105 1053 3146 vett.
1076 3098 1191 3162 quasdam
1214 3099 1305 3162 prius

314 3189 491 3252 binisque);
509 3187 535 3236 in
553 3187 707 3250 mergincP
728 3190 865 3238 adirentur
882 3191 1052 3254 privisqnc
1072 3191 1201 3240 tunicis.
1236 3191 1305 3240 Hinc

314 3281 435 3332 Gelenius
454 3279 549 3329 lecerat
566 3280 718 3343 binisque
736 3281 838 3344 privis
857 3284 995 3344 tunicis,
1023 3285 1112 3334 ordine
1129 3291 1236 3342 mutato,
1259 3299 1304 3334 vo·

314 3375 409 3424 cabulo
435 3372 534 3438 priris
562 3372 686 3421 inutiliter
709 3380 734 3422 et
759 3373 847 3423 vitiose
873 3377 1026 3425 abundante.
1062 3375 1121 3426 Non
1146 3377 1237 3426 melius
1257 3377 1305 3426 ΔΙ-

314 3466 456 3518 schclskius
478 3465 578 3528 scripsit
596 3465 736 3527 siugulis
761 3466 865 3516 bubus
890 3469 1056 3532 pulvisque
1080 3469 1219 3526 tunicis,
1243 3469 1305 3517 ridi-

314 3559 373 3609 cule
390 3573 493 3624 prorsus
512 3557 673 3620 copulatione
691 3559 779 3608 usitati
797 3559 914 3636 vocabuli
934 3569 960 3609 et
977 3561 1082 3624 antiqui,
1107 3567 1135 3609 ut
1152 3562 1231 3610 bores
1251 3561 1305 3610 sin·

315 3653 367 3716 guli
387 3659 478 3711 essent,
497 3651 589 3699 tunica
601 3659 685 3699 sutem
698 3651 783 3715 privas,
802 3652 851 3700 hoc
864 3662 910 3714 est,
927 3654 1042 3715 singulas.
1077 3652 1104 3702 Si
1118 3654 1178 3716 quid
1192 3651 1305 3702 efficien-

314 3746 374 3794 dum
393 3753 462 3794 essct
479 3759 511 3792 ex
524 3743 568 3792 ills
587 3743 720 3808 scriptura,
741 3751 810 3793 recte
821 3743 1042 3795 Weissenbornius
1054 3746 1125 3806 vidit,
1143 3747 1304 3796 scribendum

314 3853 369 3887 esse
389 3837 496 3886 bubus
513 3838 615 3902 privis
633 3837 791 3899 binisque
810 3839 949 3898 tunicis,
979 3847 1007 3886 ut
1025 3837 1169 3902 singulis
1191 3840 1305 3904 adscrip-

314 3939 369 3980 tum
386 3931 414 3978 in
433 3930 520 3979 codice
539 3929 678 3994 archetypo
695 3937 828 3994 putaretur
845 3932 877 3980 nd
895 3931 995 3995 privis
1014 3931 1229 3995 describendoque
1240 3929 1305 3979 inM

313 4021 336 4070 P
354 4028 545 4086 ceterorumque
562 4022 634 4072 lente
652 4023 824 4073 substitutum.
864 4021 916 4073 Sed
934 4037 1016 4086 neque
1035 4023 1088 4072 ullo
1114 4023 1192 4072 modo
1210 4023 1305 4087 probs·
