2826 4650
611 199 647 256 st

105 399 159 438 nou
179 399 248 438 rere
271 391 378 458 preter
404 379 540 459 proprios
566 397 680 438 errores
711 389 762 438 eut
786 398 851 438 enm
882 379 1055 439 deteriorum
1077 381 1163 439 turbe

105 497 153 544 eut
173 506 239 544 cum
262 488 375 563 aliquot
396 507 433 546 ex
454 507 491 546 ee
511 495 613 564 peccet
641 487 685 560 (ut
710 487 765 556 v1,
792 489 841 556 37,
863 489 880 544 2
909 487 1085 544 auxilium
1106 507 1163 564 pro

104 593 214 651 elium
235 611 301 650 eum
322 595 411 658 Voss.
437 599 463 666 1,
485 594 568 653 Leid.
594 595 623 664 2,
644 593 719 653 Lov.
747 601 772 664 I,
794 593 973 663 KIookien03
994 593 1023 650 iu
1044 594 1119 655 Lov.
1147 599 1157 652 I

102 707 211 756 ιιιιιιιιιιι
234 699 291 757 ulio
314 700 415 757 ordine
435 699 604 776 putribus
626 697 799 756 auxilium
825 696 903 777 eret)
925 705 947 767 ).

183 805 295 882 Saepius
322 815 419 864 temen
446 806 484 862 ed
510 804 667 862 deteriores
696 805 848 876 inclinent,
881 804 937 881 ipsi
965 805 1043 862 houd
1075 806 1162 864 dubie

101 911 174 969 iuter
202 913 296 969 bonos
327 920 355 968 et
387 919 556 988 prestantes
580 910 721 980 habendi,
757 911 798 967 LI
825 916 854 966 et
875 910 921 966 HI
958 910 1029 982 (hio
1049 919 1161 970 tentum

101 1027 165 1074 oeto
193 1017 268 1076 libro
301 1018 482 1088 continens),
516 1017 566 1092 qui
593 1035 680 1092 quem
707 1015 764 1073 siut
791 1016 923 1092 cognati,
954 1036 991 1074 ex
1018 1016 1163 1102 eiusmodi

100 1124 210 1180 mendis
232 1123 432 1181 communibus
458 1142 511 1180 nee
533 1123 570 1180 ed
592 1123 666 1180 ullos
687 1131 827 1198 prseteree
849 1123 1019 1199 propagatis
1041 1123 1161 1200 intelligi

99 1239 204 1306 potest,
227 1229 315 1304 qnele
338 1230 394 1287 boe
416 1240 459 1287 est
480 1229 509 1286 iu
534 1229 589 1298 VI,
616 1231 661 1300 18,
688 1233 739 1286 15:
761 1227 804 1284 ed
826 1227 1035 1302 opinionem
1058 1229 1099 1286 de
1121 1249 1175 1288 ee·

98 1333 155 1411 (LI
181 1336 266 1408 dee)
299 1355 354 1412 pro
387 1335 428 1392 ed
452 1334 652 1411 optinenda
673 1353 723 1391 ee.
795 1332 877 1390 Idem
900 1334 1098 1392 demonstrent
1121 1336 1159 1394 si·

98 1441 215 1516 mulque
237 1441 291 1498 bos
313 1459 367 1498 sue
385 1441 484 1517 stirpe,
506 1451 535 1499 et
556 1441 593 1498 ab
615 1441 648 1498 M
661 1441 689 1498 R
710 1448 739 1496 et
760 1457 779 1496 e
795 1439 819 1496 P
833 1448 978 1515 seperate,
1000 1441 1037 1498 eb
1060 1442 1161 1500 erche-

97 1559 167 1624 typo
191 1556 273 1604 ortos
295 1565 359 1604 esse
380 1558 409 1604 et
429 1567 482 1623 per
499 1567 530 1605 se
553 1547 747 1604 testimonium
766 1545 862 1602 fecere
878 1547 1027 1603 declarent
1039 1547 1160 1604 odunte-

98 1655 194 1712 tioues
216 1673 233 1711 e
255 1653 385 1728 margine
406 1663 555 1730 suseeptae,
577 1671 650 1728 ques
671 1651 771 1708 notin
792 1651 838 1708 his
859 1652 928 1709 solis
951 1661 1001 1709 eut
1021 1651 1050 1708 iu
1071 1651 1161 1710 biset

98 1759 273 1817 deteriorum
286 1759 397 1834 aliquo-t
407 1761 536 1836 reperiri,
557 1759 645 1836 penio
667 1769 743 1828 ente,
767 1758 817 1815 ubi
839 1758 875 1815 de
896 1765 957 1814 toto
979 1758 1035 1814 hoo
1055 1776 1161 1834 genere

98 1864 231 1940 exposui,
253 1866 487 1923 commemoravi.
536 1867 583 1925 Ae
605 1883 797 1940 quemquern,
829 1864 879 1922 nbi
901 1865 938 1921 eb
960 1865 991 1922 M
1014 1873 1043 1922 et
1063 1866 1089 1922 P
1110 1876 1161 1924 ent

97 1971 152 2028 soli
171 1971 325 2028 discedunt
346 1983 396 2029 ent
417 1982 519 2030 contre
539 1971 604 2030 Illos
625 1971 727 2028 ceteris
749 1970 957 2045 adiunguntur,
979 1970 1040 2028 fere
1059 1971 1089 2028 in
1111 1972 1160 2028 de·

97 2076 187 2132 terius
209 2085 351 2151 vergunt,
373 2088 548 2148 esttamen,
573 2077 622 2134 nbi
644 2087 694 2133 eut
719 2095 789 2133 vere
809 2085 860 2132 ent
881 2095 1015 2133 verorum
1037 2077 1161 2152 vestigio

96 2181 154 2238 illie
177 2182 336 2238 obscurete
364 2183 393 2239 hi
425 2183 581 2250 serrarium
614 2181 694 2238 cuius
721 2181 763 2238 rei
788 2181 845 2238 duo
870 2191 937 2238 sunt
958 2183 1158 2240 memorabilia

96 2287 250 2362 exemplu,
272 2286 394 2344 nltemm
415 2287 444 2342 in
467 2287 514 2356 V,
537 2289 591 2356 52,
617 2291 668 2358 ll,
692 2287 741 2344 ubi
762 2288 794 2345 M
817 2289 842 2345 P
867 2297 977 2346 tentum
1001 2290 1158 2347 Locutio

96 2393 215 2459 hubent,
237 2391 267 2449 in
281 2391 327 2448 his
339 2401 435 2448 eutem
447 2391 559 2450 duobus
574 2403 603 2450 et
618 2393 807 2451 deterioribus
829 2403 931 2469 aperte
952 2405 1019 2452 sunt
1040 2397 1158 2455 alterius

95 2495 690 2575 nominis(Aio)vestigiu(Allooutio,
711 2499 972 2570 Allooutionis,
994 2497 1156 2580 eimiiie)‘·'J,

95 2604 220 2662 alterum
249 2603 279 2660 iu
305 2605 354 2674 X,
377 2606 431 2674 35,
458 2607 503 2672 17,
521 2603 571 2660 ubi
592 2605 683 2661 verbe
704 2605 854 2680 aptissime
876 2607 1037 2682 segniter
1057 2627 1157 2665 orme

95 2709 215 2784 eepit,
243 2727 307 2785 qne
334 2709 441 2767 addere
473 2708 510 2765 de
537 2726 590 2766 suo
618 2709 687 2766 nulli
708 2710 737 2766 in
759 2721 883 2769 mentem
906 2713 1005 2770 venire
1032 2723 1157 2789 poteret,

113 2971 138 3037 ¹)
163 2975 221 3024 Lib.
239 2975 291 3036 111,
312 2981 357 3035 54,
378 2979 422 3034 10,
447 2973 492 3022 ubi
515 2989 603 3024 omues
626 2976 728 3026 codices
754 2977 780 3024 iu
805 2975 894 3024 ordine
918 2977 1037 3042 seriptum
1061 2977 1158 3027 hebent

167 3075 359 3118 convertunt
376 3067 454 3116 iude
475 3067 581 3130 signs,
606 3067 632 3116 in
652 3069 765 3132 margine
783 3069 807 3117 B
827 3075 852 3115 et
869 3067 892 3114 P
910 3070 1012 3132 ponitur
1029 3070 1156 3119 courel·
1234 3079 1238 3090 ·

165 3159 240 3208 qut
256 3161 375 3223 idemque
391 3159 419 3208 iu
437 3159 620 3224 antiquissimis
639 3161 792 3210 editionibus
811 3169 858 3209 est.
889 3159 963 3209 Unde
976 3169 1032 3210 orte
1049 3169 1074 3209 et
1092 3175 1155 3224 quo·

166 3251 245 3300 modo
261 3261 403 3316 propegnte
420 3253 475 3302 broc
499 3253 624 3316 scripture
648 3253 693 3312 eit,
722 3261 863 3317 querente
886 3251 1032 3317 prefertur,
1062 3255 1155 3304 neseio.

167 3341 243 3403 Quod
260 3345 341 3405 VIII,
361 3351 407 3404 23,
429 3351 459 3394 Io
478 3353 504 3394 et
521 3345 575 3405 IX,
595 3351 643 3406 30,
663 3351 678 3394 3
699 3343 860 3410 (imperio)
884 3347 909 3394 in
928 3344 950 3394 P
970 3344 1113 3408 ceterisque
1130 3348 1156 3396 iu

166 3435 223 3500 ipse
240 3436 355 3486 oratione
376 3435 502 3500 leguntur,
527 3451 583 3499 quse
607 3438 633 3486 iu
651 3437 763 3488 Medieei
782 3441 895 3502 murgiue
913 3455 929 3488 ιι
947 3439 1060 3489 secunde
1078 3454 1156 3488 menn

166 3529 295 3594 sdsoripte
314 3537 381 3588 suut,
400 3545 453 3579 uon
470 3530 530 3580 bine
549 3531 575 3578 iu
594 3530 707 3595 reliquos
725 3545 756 3580 ee
774 3531 895 3582 transisse
914 3531 948 3595 (P
967 3532 1071 3596 quidem
1099 3533 1155 3596 ipso

165 3621 285 3672 Medieeo
298 3621 427 3686 antiquior
439 3595 641 3686 esso'eredimr),
662 3625 707 3673 sed
727 3639 761 3674 ex
778 3625 866 3688 ulique
882 3634 1026 3675 ceterorum
1045 3639 1061 3673 e
1078 3639 1156 3674 menn

165 3715 278 3764 meunde
296 3715 322 3764 iu
340 3715 370 3764 M
388 3715 476 3764 eddite
494 3729 558 3774 esse,
577 3723 691 3780 epperet.

108 3811 136 3882 ¹)
156 3817 187 3867 Iu
206 3835 226 3868 c.
239 3824 310 3879 50,.'›
330 3819 381 3868 iem
400 3819 426 3870 iu
445 3820 501 3868 eod.
512 3819 650 3883 archetypo
669 3821 810 3870 litterarum
829 3823 965 3870 eemndem
979 3829 1024 3869 eut
1035 3820 1153 3871 similium
1195 3881 1199 3896 ι

164 3925 305 3962 eoscum·
324 3909 571 3970 (njovenieeiolo
592 3935 638 3971 -,
661 3925 739 3974 quum
762 3913 902 3977 presertim
922 3912 929 3965 Ι
948 3921 974 3962 et
997 3913 1156 3966 isimiliime

165 4002 261 4066 ment)
280 4001 373 4062 effecit,
391 4011 420 4052 ut
439 4003 498 4054 Aio
517 4003 654 4052 excideret.
