2800 4646
588 295 646 351 467
682 319 686 325 ·
1020 295 1078 344 Lib.
1090 295 1151 346 XL.

79 479 113 530 et
135 471 232 530 biead.
266 475 277 530 l
305 479 385 539 (uon
407 473 654 549 placerentsi‚
683 475 802 534 Lov.3
835 493 902 534 non
930 476 1153 556 placaretsi),

79 587 117 636 ut
138 579 292 637 Gelonium
315 597 372 636 uon
403 580 474 636 satis
495 580 579 655 plene
600 581 637 638 da
658 581 691 638 M
714 581 859 640 rettulisse
880 591 993 657 putam,
1014 584 1153 660 incipien-

79 694 142 742 tem
163 703 181 740 a
202 684 250 754 si,
285 685 384 760 priora
417 685 626 760 (placerent
663 705 718 762 pro
749 685 930 763 placereil
963 689 1151 748 omittentem.

80 789 179 848 Paulo
201 807 290 866 supra
317 793 343 861 (ς
360 791 391 862 3)
415 790 444 847 in
465 789 511 848 his
532 791 645 849 verbis:
666 791 750 848 Haec
770 791 856 849 vivo
879 792 1057 869 Philippo
1078 795 1151 856 vel-

78 907 120 954 ut
146 897 285 954 semina
306 896 408 953 iacta
430 905 516 953 sunt
538 895 771 969 Macedonici
794 897 900 967 belli,
923 899 1018 974 qnod
1040 901 1150 959 maxi-

79 1021 137 1060 me
161 1021 236 1060 cum
258 1003 396 1060 Perseo
419 1001 617 1077 gerendum
640 1011 737 1070 erat,
770 1019 829 1060 nou
850 1003 984 1080 reperio,
1007 1004 1076 1080 quid
1097 1024 1150 1063 va·

79 1109 142 1167 leat
163 1109 328 1175 mexime;
360 1127 429 1164 uam
457 1115 549 1164 totum
571 1105 642 1164 illud
664 1107 771 1164 bellum
798 1125 863 1166 cnm
886 1127 944 1167 uno
966 1111 1076 1168 Perseo
1100 1127 1151 1187 ge-

75 1225 158 1272 stum
181 1223 224 1272 est
290 1213 490 1290 Scripseratne
523 1211 637 1270 Livius:
671 1211 765 1287 quod
798 1231 878 1272 mox
909 1233 984 1272 cum
1013 1215 1150 1274 Perseo

77 1321 276 1396 gerendum
298 1317 396 1376 orat?
480 1316 595 1374 Eodem
618 1316 713 1392 capite
735 1315 813 1376 iufra
834 1324 864 1389 (ξ
889 1325 919 1378 7:
942 1321 978 1394 Q.
995 1320 1149 1378 Fulvius

79 1425 245 1484 Flaccus
266 1425 301 1482 iu
323 1423 535 1482 citeriorem
569 1417 775 1500 [Hispaniam]
814 1425 989 1500 pervenit
1010 1427 1148 1484 exorci-

77 1543 228 1606 tumquc
257 1550 275 1588 a
309 1529 490 1588 Terentio
525 1527 682 1601 accepit)
720 1529 903 1586 scribendum
936 1537 995 1586 est:
1029 1530 1073 1586 ab
1105 1531 1145 1587 Α.

78 1637 266 1697 Terentio.
310 1633 395 1692 Vidit
416 1633 517 1690 vitium
529 1632 616 1690 etiam
628 1633 892 1706 Weissenbornius‚
914 1634 1041 1692 eadsine
1057 1653 1147 1692 causa

76 1743 244 1818 graviorem
266 1739 460 1816 suspicionem
483 1738 624 1814 concepit.

164 1847 236 1925 Cap.
262 1850 316 1916 tt,
340 1847 372 1902 3:
409 1843 455 1902 Et
489 1844 709 1918 pestilentia
743 1845 777 1901 in
804 1845 903 1920 egris
925 1843 1091 1921 forisque
1113 1857 1147 1904 et

77 1951 344 2011 conciliabulis
366 1957 400 2007 ot
422 1949 457 2006 in
479 1950 567 2006 urbe
589 1958 697 2008 tanta
720 1958 809 2020 erat,
824 1958 862 2007 nt
879 1949 1043 2008 Libitina
1063 1961 1147 2010 tunc

76 2059 141 2115 vix
166 2057 371 2116 sufficeret.
428 2053 607 2112 Particulam
630 2063 713 2113 tunc
750 2055 854 2113 vitiose
887 2055 1036 2114 abundare
1067 2067 1147 2116 recta

76 2163 332 2221 Weissenboruius
366 2159 507 2219 intellexit
536 2168 564 2216 et
592 2159 758 2218 funerum
787 2162 883 2238 potius
905 2161 1144 2236 significationem

73 2269 195 2345 requiri.
238 2268 310 2326 Eius
341 2265 432 2342 ipsius
454 2265 535 2321 vocis
563 2265 675 2323 initium
700 2285 851 2343 superesse
871 2276 942 2343 puto
964 2267 993 2324 in
1013 2267 1145 2327 TUNC

74 2391 132 2450 pro
153 2373 304 2443 FUNE,
334 2369 488 2447 postremis
520 2369 622 2427 litteris
655 2371 753 2429 nescio
790 2390 848 2447 quo
877 2389 946 2430 casu
967 2371 1145 2448 interceptis.

74 2481 156 2538 Nam
179 2477 278 2536 Livius
300 2477 448 2551 scripsisse
479 2475 607 2532 videtur:
632 2477 846 2536 utLibitiua
866 2475 1059 2535 funeribus
1080 2477 1145 2534 vix

74 2583 289 2652 sufficeret,
324 2579 569 2656 quamadmodum
592 2581 677 2651 XLI,
715 2585 750 2639 21
787 2593 844 2640 est:
880 2601 921 2639 ne
943 2581 1142 2640 liberorum

74 2689 219 2765 quidem
242 2686 435 2745 funeribus
457 2684 625 2743 Libitina
646 2680 907 2757 suificiebat.¹)

160 2792 232 2868 Cap.
256 2795 312 2862 ³0,
336 2796 367 2848 7:
397 2790 460 2848 Ibi
482 2798 622 2847 stetere
642 2791 802 2866 Hispani
823 2793 963 2850 hostem
988 2809 1142 2867 exspec-

73 2909 208 2957 tantes.
257 2899 444 2955 Romanus
475 2897 575 2953 intra
596 2895 733 2953 vallum
756 2915 841 2954 suos
871 2897 1059 2954 continuit
1079 2917 1144 2974 par

74 3005 313 3082 quatriduum
341 3002 564 3070 continuum3
602 3011 639 3058 et
674 3001 733 3058 illi
764 3002 887 3060 eodem
920 3001 1001 3060 loco
1030 3004 1142 3062 aciem

73 3191 274 3203 -..——.

93 3322 118 3390 ¹)
149 3324 213 3390 Gap.
232 3329 281 3383 21,
313 3331 328 3372 s
357 3323 521 3374 scribendum
553 3337 618 3382 esse,
647 3330 677 3371 ut
706 3329 765 3370 anta
795 3320 950 3372 Gronovium
969 3319 1142 3371 scribebatur:

144 3419 224 3467 viam
252 3417 417 3466 exercitui
445 3415 570 3466 nullam
597 3429 681 3475 essa,
706 3413 822 3479 paucis
846 3421 876 3460 ct
901 3411 1143 3478 expeditisper

145 3507 386 3558 difficillimum
424 3509 549 3558 aditum
588 3509 651 3572 (non
691 3505 801 3554 barbaro
834 3501 1141 3568 perdifficillimum

144 3601 296 3666 aditum),
326 3599 468 3663 significari
487 3609 546 3648 aute
568 3599 663 3648 multos
681 3610 762 3646 annos
781 3597 807 3646 in
825 3595 914 3646 libello
933 3595 964 3642 de
982 3593 1098 3644 Asconio
1114 3609 1142 3658 p.

147 3697 204 3753 us,
224 3693 267 3742 ubi
294 3693 363 3758 quod
383 3691 479 3741 Vellcii
497 3691 644 3755 exemplum
663 3702 716 3737 non
734 3695 822 3752 aptum
841 3687 906 3747 dixi,
937 3693 1083 3750 comptum
1103 3687 1143 3736 di·

146 3799 202 3833 cere
220 3785 306 3838 debui.
349 3785 379 3833 ln
410 3799 466 3848 cap.
491 3789 539 3844 22,
570 3779 807 3830 temcndatiouesu
829 3795 845 3829 a
869 3793 909 3829 me
932 3777 992 3827 olim
1019 3778 1068 3842 (ed
1086 3777 1141 3829 cic.

146 3875 204 3925 Fin.
231 3891 255 3940 p.
275 3877 338 3938 587)
369 3877 528 3942 propositam
559 3873 657 3938 (qnod
684 3885 792 3921 rarum
811 3871 842 3920 in
868 3869 948 3920 altis
969 3871 1053 3920 locis
1076 3871 1141 3934 est)

145 3965 370 4019 Weissenbornios
397 3969 500 4019 menius
532 3973 585 4028 ειη
621 3965 707 4027 itaquo
738 3977 805 4014 nnnc
833 3961 1062 4012 commendandam
1089 3979 1142 4014 nou

142 4067 216 4125 puto.

891 4163 939 4216 ³0·
