2822 4648
591 231 647 287 103
987 229 1043 278 Lib.
1063 229 1111 278 1v.

76 423 196 489 purtem
218 412 388 472 Gronovius
409 412 535 482 invenit,
558 413 609 470 sed
630 413 725 488 plura,
747 431 835 488 qnam
860 431 933 487 opus
955 423 1035 485 erat,
1058 425 1152 472 muta·

78 520 133 576 vit.
185 517 236 578 Sin
259 519 335 576 euim
359 519 473 576 Livium
496 518 661 594 scripsisse,
684 519 731 578 vir
751 520 902 596 egregins,
925 520 950 576 si
972 538 1048 577 nuno
1069 520 1149 578 vive·

78 635 134 696 ret,
153 625 242 683 faeile
264 627 463 683 eonfiteretur:
485 642 580 699 qua,
603 624 825 700 pensitanda
847 643 1000 700 quoque,
1038 644 1146 702 magn

79 731 197 788 animi
219 741 333 804 atque
354 731 503 807 ingenii
525 741 648 788 essent
670 731 803 800 (welche,
826 731 900 792 euch
925 747 1010 786 wenn
1031 729 1073 786 sie
1095 749 1151 787 nur

79 837 240 894 beurtheilt
262 838 378 894 werden
400 837 521 908 selben,
558 839 615 894 boe
636 845 696 894 est:
730 837 805 894 aneh
826 855 881 893 nur
902 855 937 892 zu
958 835 1036 894 ihrer
1056 836 1149 894 Beur·

80 941 222 1017 theilung‚
247 943 330 1000 einen
367 961 488 1019 grossen
518 942 603 1000 Geist
625 941 830 1009 erforderten).
874 941 1025 1000 Librarius
1048 942 1084 998 ad
1099 960 1150 1017 ge·

80 1047 236 1104 raudivurn
260 1047 375 1104 dativos
398 1047 557 1122 requisivit.
601 1047 739 1108 Similiter
760 1047 952 1122 gerundivum
973 1047 1075 1108 Livius
1096 1067 1150 1122 po·

79 1154 138 1210 suit
161 1153 218 1224 VI,
242 1156 295 1212 37:
316 1153 506 1229 imperium
531 1163 645 1229 atque
669 1153 1025 1229 bonorem‚gloriam
1048 1153 1150 1224 belli,

79 1279 221 1334 genus,
245 1259 500 1330 nobilitatem,
535 1279 665 1335 magna
686 1259 779 1334 ipsis
806 1258 979 1328 fruenda,
1008 1259 1151 1316 maiora

80 1365 210 1422 liberis
232 1365 480 1439 relinquenda
502 1367 640 1441 (greater,
663 1384 747 1422 wenn
771 1385 837 1422 man
861 1384 898 1422 an
921 1364 967 1420 die
990 1364 1150 1423 Uebertra·

77 1490 159 1546 gang
180 1470 236 1528 aul
254 1470 301 1526 die
313 1469 425 1526 Kinder
436 1471 543 1536 denka)
566 1480 604 1540 et,
625 1480 658 1528 ut
679 1471 792 1546 opinor,
804 1471 876 1540 Vll,
891 1471 939 1541 32,
952 1473 962 1527 1
975 1475 1004 1526 1:
1029 1478 1111 1527 ntru
1121 1490 1149 1528 m

77 1577 152 1650 qui,
176 1575 386 1633 audiendus
415 1576 621 1648 duntaxat,
665 1575 890 1651 magnificus
918 1577 1151 1634 adhortator

79 1683 126 1738 sit
153 1686 253 1746 twenn
275 1701 306 1739 es
327 1703 382 1738 nur
402 1683 455 1758 gill
475 1683 525 1740 ihu
546 1704 582 1742 zu
604 1684 704 1740 heren.
748 1682 1011 1754 Weissenbornius,
1033 1683 1149 1741 sublato

78 1789 152 1862 qui,
176 1789 349 1845 sententiam
370 1789 464 1862 ipsam
486 1789 624 1863 sustulit).

173 1891 248 1968 Cap.
271 1895 320 1962 ta,
345 1897 361 1949 5
384 1895 498 1952 obsidet
520 1895 633 1953 codices
663 1903 779 1950 nostros
804 1911 841 1949 ex
863 1895 1021 1970 archetypo
1043 1896 1151 1954 tradita

79 1999 284 2074 interpolatio,
316 2018 404 2072 qnam
426 2000 596 2075 perdifficile
625 2009 669 2058 est
693 2010 772 2057 nerto
795 1999 925 2056 remedio
947 1999 1058 2062 tollere.
1080 2020 1150 2058 oon·

79 2105 198 2162 vincare
220 2103 336 2168 difficile
365 2123 424 2161 non
446 2113 499 2162 est.
570 2105 714 2164 Scribitur
749 2105 824 2162 enirn
862 2105 916 2161 ita:
961 2106 1151 2164 Adversus

82 2229 189 2284 quarn
212 2210 396 2268 actionem
419 2210 615 2280 (tribunormn
645 2211 681 2267 de
701 2219 785 2286 parte
810 2219 985 2284 quantorum
1008 2211 1151 2286 explebe

82 2316 224 2389 creanda)
256 2316 372 2390 primo
396 2324 429 2372 et
451 2316 620 2372 eonsules
643 2325 677 2372 et
698 2323 825 2390 patres
849 2332 983 2372 summa
1006 2334 1072 2390 ope
1094 2315 1152 2372 nd-

82 2423 154 2479 nisi
176 2431 275 2490 sunt3
299 2421 532 2478 concedendo
555 2421 702 2491 deinde,
726 2431 775 2492 nt,
798 2420 1095 2495 quemadmodum
1117 2421 1152 2477 in

83 2526 246 2584 tribunis
270 2527 459 2584 consulari
481 2535 668 2602 potestate
690 2527 859 2584 creandis
883 2525 936 2582 usi
961 2527 1151 2596 snnt,edae·

84 2651 153 2706 que
174 2633 209 2688 in
231 2633 476 2706 qnaestoribus
497 2633 650 2690 liberum
673 2643 771 2690 esset
798 2632 992 2692 arbitrium
1014 2632 1151 2707 populi,

83 2757 190 2811 quum
223 2757 347 2814 parurn
386 2738 630 2814 proficerent,
670 2748 783 2795 totam
815 2757 886 2794 rem
923 2737 964 2793 de
986 2739 1151 2812 augendo

82 2853 305 2918 qnaestornm
340 2862 487 2901 numero
524 2843 705 2900 omittunt.
769 2843 901 2902 Primum
929 2853 1043 2918 tempus
1070 2845 1151 2902 verbi

83 2949 142 3005 usi
174 2957 257 3005 sunt
288 2967 407 3024 prorsus
429 2968 552 3024 pravum
575 2957 632 3018 est3
665 2968 732 3006 narn
760 2949 839 3024 quod
860 2949 1152 3008 Weissenborniuse

85 3054 162 3112 Livii
184 3055 275 3130 ipsius
298 3073 424 3128 persona
445 3056 500 3112 hou
525 3053 580 3111 dici
602 3055 681 3124 vult,
709 3055 758 3129 qui
786 3065 882 3130 potest
903 3056 964 3112 haee
987 3055 1150 3113 concessio·

83 3161 128 3216 nis
151 3179 220 3236 pars
243 3179 259 3217 e
281 3160 355 3217 Livii
377 3178 504 3234 persona
523 3159 598 3217 dici?
628 3170 672 3232 et,
700 3161 724 3217 si
746 3171 865 3237 posset,
897 3161 947 3236 qui
969 3170 1085 3236 poterat
1103 3162 1151 3219 Li-

84 3267 149 3322 vius
174 3267 211 3322 de
234 3267 310 3323 illins
332 3265 485 3340 temporis,
516 3265 552 3322 de
579 3285 637 3341 quo
664 3269 819 3338 narrabat,
854 3268 985 3324 instituto
1015 3287 1049 3325 ae
1072 3287 1152 3325 more

82 3370 215 3446 perlecto
237 3372 288 3442 uti,
309 3391 368 3428 non
389 3371 579 3447 imperfecto?
602 3373 674 3446 Qum
696 3372 763 3430 hino
784 3373 912 3430 nascitur
933 3373 1070 3448 suspicio,
1086 3392 1150 3430 eam

84 3479 238 3534 confirmat
266 3487 295 3535 et
323 3477 460 3534 invictam
483 3476 553 3533 facit
580 3477 661 3552 ipsus
688 3477 769 3534 verbi
792 3488 821 3535 et
841 3479 1062 3536 constructionis
1084 3497 1152 3553 pra·

85 3582 175 3650 vitas3
200 3584 264 3658 quis
287 3584 361 3639 enirn
385 3601 511 3658 unquam
537 3583 627 3640 fando
652 3583 781 3654 audivit,
804 3585 908 3642 Latine
930 3583 999 3642 diei:
1029 3584 1065 3640 in
1086 3584 1152 3640 har

86 3708 122 3744 re
144 3689 196 3746 ita
218 3689 361 3758 utimur,
383 3697 415 3744 ut
437 3697 525 3744 esset:
551 3689 618 3746 hae
647 3689 781 3745 utimur
802 3689 1066 3746 consuetudine
1089 3699 1153 3745 ant:

86 3794 138 3850 ita
164 3793 341 3852 facimus?
394 3795 526 3852 Tertium
554 3795 678 3870 denique
706 3793 818 3852 aceedit
843 3795 940 3852 mendi
971 3814 1029 3852 non
1059 3795 1153 3852 minus

88 3901 271 3960 manifestum
293 3899 440 3971 indicium,
462 3919 522 3958 vox
544 3901 682 3960 Plautina
704 3899 868 3973 adaque,
898 3919 957 3974 qua
979 3919 1064 3960 neme
1086 3911 1152 3977 post

86 4005 164 4064 illurn
187 4025 225 4064 ex
254 4006 307 4076 iis,
341 4023 464 4081 qnorum
491 4006 600 4082 scripta
626 4015 757 4076 exstant,
787 4025 881 4080 neque
905 4006 934 4062 in
956 4008 1037 4084 poesi
1059 4027 1154 4082 neque
