2826 4650
764 263 802 320 36

255 462 368 517 tamen,
401 464 465 521 quaa
487 444 601 520 quidem
626 463 705 502 nova
732 453 841 516 assant,
867 446 958 504 multa
982 455 1032 504 aut
1063 463 1169 521 magne
1190 444 1322 520 recepit;

255 554 361 612 multos
383 569 494 610 errores
517 550 585 608 olim
607 550 766 608 certissime
787 563 932 610 correctos
948 553 1071 624 reduxit,
1093 551 1198 608 multos
1220 567 1315 606 novos

255 659 374 730 addidit,
396 675 493 733 quum,
516 665 548 712 ut
568 656 659 714 multa
679 657 840 714 correxisse
860 657 1014 728 videretur,
1035 677 1052 714 e
1073 659 1099 715 P
1120 667 1170 713 aut
1191 655 1278 713 Harl.
1300 658 1311 710 t

256 765 360 823 menda
381 773 482 822 contra
503 762 535 818 M
558 770 586 818 at
618 769 728 819 ceteros
757 771 808 820 aut
830 781 867 820 ex
894 765 958 840 ipso
980 765 1013 822 M
1039 764 1194 840 arriperet,
1223 763 1316 820 multa

255 871 340 948 plane
363 881 556 928 monstrorum
578 867 834 942 prodigiorumque
855 867 961 925 similia
982 887 998 924 e
1018 869 1164 926 codicibus
1179 879 1231 926 aut
1245 887 1315 926 con-

255 975 370 1034 iecturis
396 973 620 1051 perversissimis
652 974 761 1049 posuit;
793 993 885 1050 neque
920 972 996 1030 enim
1024 975 1194 1032 coniecturis
1224 975 1322 1032 horno·

255 1081 469 1158 superstitiosus
492 1079 637 1138 abstinuit.
673 1081 778 1155 Itaque
799 1082 942 1138 bonorum
965 1081 1095 1138 codicum
1117 1080 1227 1137 auxilio
1249 1098 1314 1136 cor-

254 1188 450 1265 ruptissimam
472 1185 566 1244 effecit
588 1186 664 1244 Livii
685 1187 855 1244 orationem.
899 1185 1104 1246 Successerunt
1127 1185 1316 1244 Alschefskio

254 1293 506 1350 Weissenbomius
531 1305 559 1350 et
580 1292 716 1350 Hertzius
739 1293 797 1366 (hie
819 1293 933 1367 quidem
956 1293 1049 1350 adhuc
1071 1293 1100 1350 in
1125 1294 1220 1370 prima
1249 1305 1314 1350 tan·

255 1412 314 1456 tum
337 1397 467 1475 decade),
488 1400 618 1457 homines
641 1399 727 1469 docti,
749 1399 800 1456 sed
822 1399 871 1472 qui
893 1409 989 1455 tamen
1011 1407 1040 1456 et
1061 1399 1117 1475 ipsi
1133 1399 1314 1474 antiquitatis
1401 1405 1402 1478 J

253 1505 407 1581 splendore
427 1505 505 1580 capti
526 1505 563 1561 de
584 1505 714 1562 codicum
741 1505 809 1579 (hoc
831 1517 888 1576 est,
921 1506 1028 1563 codicis
1062 1507 1222 1582 archetypi)
1244 1525 1315 1564 auc·
1401 1487 1402 1494 Ι

254 1611 370 1668 toritate
392 1611 462 1666 satis
495 1611 584 1668 libere
606 1629 733 1685 quarere
755 1610 832 1667 etin
854 1611 973 1686 singulis
996 1611 1067 1668 locis
1089 1632 1153 1669 eum
1176 1632 1241 1669 cum
1265 1632 1317 1669 ra-

253 1717 338 1774 tionis
369 1717 521 1774 momentis
552 1717 709 1792 prudenter
735 1735 906 1792 comparare
936 1735 994 1774 non
1023 1735 1136 1793 semper
1164 1719 1314 1790 auderent,
1402 1733 1403 1808 J

252 1821 505 1878 Weissenbornius
537 1822 651 1896 quidem
685 1823 771 1880 etiam
805 1822 842 1879 ad
874 1833 1036 1880 contortam
1069 1823 1322 1900 artificiosumque

253 2013 450 2024 ψ-

320 2115 417 2162 venerit
439 2127 485 2160 nee
503 2111 671 2174 explicatione
690 2118 777 2173 egeat,
802 2112 944 2176 exemplum
963 2111 1083 2176 ponam),
1102 2112 1144 2175 qui
1164 2112 1320 2175 Inspexeria.

321 2219 377 2269 quta
397 2205 490 2269 scripta
515 2211 574 2252 sunt
597 2203 630 2250 ed
655 2203 707 2262 IV,
732 2209 765 2252 at
789 2203 814 2266 [Ι
833 2219 855 2266 p.
875 2209 925 2250 404
944 2205 984 2264 a),
1013 2204 1066 2264 IV,
1090 2210 1122 2254 56
1147 2209 1180 2269 (p.
1201 2210 1252 2254 476
1271 2207 1313 2268 e),

320 2299 353 2360 V,
374 2305 387 2348 5
413 2301 448 2363 (p.
468 2302 517 2347 497
537 2297 567 2346 b:
587 2297 791 2346 munitiones
809 2297 839 2344 in
858 2295 1024 2346 Etruriam
1049 2297 1311 2362 exspectantes),

320 2391 442 2456 V,6(p.
462 2395 512 2440 500
535 2407 561 2438 a:
581 2389 867 2454 illudimpetum),
898 2389 938 2448 V,
958 2392 988 2437 at
1021 2391 1058 2454 (p.
1079 2390 1215 2440 ortbde
1237 2391 1311 2438 dum
1404 2415 1405 2428 i

320 2483 507 2546 trahendo),
533 2483 566 2542 V,
587 2486 619 2530 66
640 2481 674 2546 (p.
693 2485 742 2530 667
762 2483 778 2530 b
797 2483 829 2530 de
847 2482 975 2530 hisdem
994 2496 1041 2545 pro
1059 2481 1109 2530 his
1127 2483 1242 2531 iisdem
1263 2497 1316 2545 po·

320 2577 397 2638 sito),
423 2576 501 2634 VIII,
521 2581 536 2625 8
556 2575 593 2638 (II
611 2591 635 2640 p.
655 2580 704 2624 309
725 2576 757 2623 de
775 2575 880 2638 prima
898 2573 967 2624 tore
985 2574 1017 2622 in
1036 2573 1153 2632 aciem,
1181 2573 1223 2622 dic
1241 2585 1313 2624 crete

318 2669 439 2732 liingang
460 2670 486 2717 iu
505 2669 545 2717 die
564 2667 700 2728 Schlacbt,
729 2675 797 2732 etp.
817 2672 864 2716 stt
887 2667 904 2714 b
930 2667 961 2714 de
984 2665 1144 2716 coniunctivo
1167 2669 1316 2731 recepis-

319 2771 394 2812 sent
412 2777 444 2810 ex
463 2761 663 2824 compressis
682 2761 823 2824 pendente,
851 2761 876 2808 in
895 2759 1027 2808 notissima
1044 2769 1170 2808 structura
1188 2761 1219 2808 de
1238 2775 1312 2826 repe·

319 2857 366 2905 tite
385 2855 501 2902 actione:
526 2854 579 2901 ubi
600 2879 630 2888 -
651 2850 888 2915 recepissent),
908 2851 981 2910 VIII,
1003 2857 1031 2901 ts
1053 2852 1090 2916 (p.
1111 2857 1161 2900 344
1181 2867 1198 2901 a
1215 2853 1248 2901 de
1266 2869 1312 2901 oc-

320 2949 433 2998 cusetivo
452 2954 666 3011 conspectum
687 2959 700 2992 e
719 2943 770 2993 res
775 2959 844 2992 erre
864 2945 1052 3006 quodammodo
1070 2947 1192 3010 pendenti
1215 2949 1243 2996 in
1260 2949 1311 2996 hac

319 3041 453 3090 verborum
472 3038 660 3087 coniunctione:
679 3037 709 3084 in
729 3047 938 3100 conspectum
957 3039 1100 3088 omnium
1119 3053 1182 3089 rem
1202 3039 1243 3088 ad
1262 3055 1311 3088 ce·

319 3131 638 3190 teresretulissent;
670 3130 706 3179 sic
726 3131 791 3177 cuim
811 3131 923 3192 scribit),
955 3129 1034 3190 VIII,
1060 3135 1093 3180 32
1116 3130 1152 3194 (p.
1172 3133 1311 3180 ostede

319 3225 442 3288 gloriis
461 3224 616 3272 nominativo
629 3237 744 3286 eesnpro
761 3221 906 3284 glomere
926 3223 1010 3272 ethos
1028 3239 1073 3287 pro
1091 3223 1191 3285 globo
1203 3225 1310 3288 posito),

318 3317 351 3376 X,
372 3321 404 3366 26
420 3316 457 3381 (p.
473 3321 520 3365 ott
542 3317 573 3365 de
592 3315 753 3366 coniunctivo
771 3315 912 3378 incipiat
930 3314 1103 3376 significante:
1123 3331 1149 3367 cs
1167 3319 1235 3382 zeigt
1252 3317 1313 3367 sieta

319 3411 353 3458 iru
368 3409 561 3471 Aligemeinen,
590 3417 614 3456 et
632 3419 692 3472 apto
711 3422 743 3456 cx
760 3407 912 3470 precedenti
930 3407 956 3455 in
975 3407 1026 3456 elia
1040 3407 1143 3471 periodo
1162 3417 1238 3457 sunt
1255 3410 1310 3473 qni

320 3501 526 3565 adiecerint),
546 3501 587 3562 X,
606 3507 639 3550 34
665 3503 700 3564 (p.
722 3502 771 3548 700
790 3515 806 3547 e
825 3499 855 3547 de
875 3499 1013 3562 migratu
1033 3501 1117 3548 dativo
1135 3501 1161 3548 in
1180 3501 1227 3549 hac
1247 3516 1312 3550 con-

318 3596 460 3643 inuetionc:
479 3595 620 3656 migratu
639 3591 825 3654 dittteitia).
855 3591 905 3642 Sed
924 3593 985 3654 quid
1003 3608 1051 3656 ego
1065 3593 1119 3642 haee
1135 3607 1309 3644 commemoro

318 3689 344 3736 in
363 3701 394 3736 eo
412 3687 521 3746 homine,
540 3689 582 3749 qui
601 3701 631 3735 ne
651 3697 703 3734 tum
719 3685 831 3747 quidem,
851 3699 929 3749 qaum
948 3695 1042 3734 rectam
1061 3687 1166 3737 atterius
1183 3689 1310 3752 interpre-

318 3781 439 3828 tationem
464 3779 497 3828 ob
521 3780 609 3828 oeulos
627 3779 745 3836 heberet,
774 3775 897 3826 facillima
921 3777 998 3826 verba
1026 3785 1080 3829 sine
1106 3782 1196 3844 puerili
1221 3797 1309 3832 errore

318 3873 444 3936 praeterirc
464 3872 575 3934 potuerit
589 3871 646 3932 tVI,
661 3876 709 3918 at:
728 3872 788 3919 iem
808 3885 871 3919 non
891 3871 1077 3935 recipiebat
1095 3888 1127 3922 se
1146 3875 1310 3924 Romanus

318 3965 413 4012 miles
432 3963 457 4012 11
472 3979 496 4028 p.
512 3967 543 4012 78
560 3963 608 4026 b)t
639 3961 702 4022 Qua
721 3965 876 4012 commiserit
893 3965 918 4011 in
937 3963 1028 4014 Latine
1047 3965 1182 4015 scribendo
1198 3967 1312 4032 (milli-

317 4056 375 4106 bus
394 4055 493 4114 locis,
513 4065 541 4104 ut
559 4057 613 4119 ipse
632 4055 667 4104 ait
686 4055 734 4114 III,
753 4071 777 4118 p.
798 4060 846 4104 eut
867 4056 903 4118 a),
922 4057 1001 4120 pudet
1019 4059 1150 4122 attingere.
