2820 4646
620 273 680 330 625
1033 271 1092 322 Lib.
1102 273 1185 326 XLV.

114 464 161 513 est
182 475 244 531 per
262 454 497 531 provocatio.
551 453 675 513 Sublato
711 475 791 531 per,
830 457 908 531 quod
941 475 979 514 ex
999 476 1064 533 pro
1088 467 1183 516 ortum

114 570 170 632 est,
192 561 279 618 scribi
298 561 397 617 debet:
422 578 497 617 oum
520 560 625 616 hoste
647 563 878 641 provocanti
900 563 1071 638 pugnavi.

200 664 272 742 Cap.
296 669 346 735 40,
371 668 388 723 9
411 666 460 738 (de
482 666 517 723 L.
540 663 663 740 Puulo):
696 667 833 724 Paueis
855 676 940 742 post
961 667 1102 738 diebus,
1124 668 1183 727 de·

115 779 153 828 te
175 791 193 828 e
215 772 255 831 M.
280 771 449 829 Antonio
471 779 510 831 tr.
525 769 568 846 pl.
591 771 772 845 contione,
789 791 895 847 quum
917 773 963 830 de
984 775 1183 833 suist-ebus

115 877 230 952 gestis
254 896 352 934 more
384 885 592 934 ceterorum
619 876 890 952 imperatorum
918 879 1183 950 disseruisset,

115 983 365 1042 memorabilis
392 983 470 1040 eius
491 982 613 1040 oratio
637 991 671 1039 et
692 983 808 1059 digne
829 983 998 1061 principe
1018 988 1181 1045 Romano

115 1088 194 1150 fuit.
237 1090 306 1148 Non
331 1107 420 1163 quum
442 1088 634 1157 disseruisset,
657 1089 758 1147 sedin
779 1090 851 1166 ipsis
873 1092 961 1149 rebus
978 1092 1181 1162 edisserendis;

114 1215 182 1253 nom
204 1214 303 1253 earum
325 1195 522 1252 recensionem
544 1193 688 1268 integram
709 1195 807 1266 habet,
831 1215 895 1272 quae
913 1197 1052 1272 sequitur,
1075 1197 1180 1256 oratio.

115 1300 188 1359 Cod.
225 1300 392 1358 dedisset
426 1299 674 1358 remorabilis.
733 1299 933 1376 significetur:
966 1321 1073 1377 quum

113 1408 326 1476 dissereret,
348 1399 652 1472 memorabilis.¹)

197 1512 271 1589 Cep.
296 1517 353 1581 tt,
376 1516 392 1569 4
423 1511 467 1579 (in
489 1511 522 1570 L.
553 1511 640 1568 Pauli
662 1511 698 1568 de
720 1509 780 1568 suis
801 1511 888 1568 rebus
909 1512 999 1588 gestis
1020 1513 1181 1582 oratione):

113 1619 200 1692 quia
231 1615 548 1692 inexpugnabilia
581 1626 708 1674 oestro
745 1616 785 1689 (in
820 1617 883 1678 ood.
916 1619 973 1676 hoo
1004 1618 1180 1676 vocobulum

112 1724 272 1797 omittitur)
298 1721 462 1780 hostium
485 1730 591 1779 erant
613 1741 728 1797 neque
743 1723 824 1798 cogi
846 1741 1009 1799 pugnare
1031 1733 1182 1802 poterat

112 1849 195 1901 rex,
225 1829 325 1887 inter
353 1829 535 1905 praesidiu
569 1827 646 1884 eius
675 1829 810 1886 saltum
842 1829 885 1886 ed
907 1831 1052 1888 Petram
1078 1831 1180 1887 evusi

113 1945 148 1995 et
168 1935 212 1993 ed
239 1953 396 2012 pugnem
420 1952 505 2010 rege
528 1931 611 1990 soie
632 1933 715 1990 vici.
767 1934 891 1993 Addunt
921 1935 988 1993 inde
1010 1957 1028 1994 a
1050 1936 1179 2013 Grynaeo

111 2041 311 2118 coaetotad
333 2059 485 2117 pugnarn
507 2056 592 2114 rege
616 2037 777 2115 ooeut0];
793 2041 844 2098 sed
867 2060 1001 2118 eogere
1027 2043 1071 2100 ed
1092 2061 1178 2119 pug-

112 2169 192 2207 nem
214 2167 268 2225 pro
290 2166 334 2216 eo,
359 2145 437 2220 quod
454 2153 511 2202 est:
534 2162 709 2220 pugnero
731 2163 874 2221 eogere,
896 2147 926 2204 in
944 2148 1179 2223 prosaorutione

109 2274 213 2332 purum
240 2254 379 2311 usitatum
401 2260 453 2314 est.
501 2251 608 2324 Itaque
630 2251 816 2310 scribendum
838 2252 949 2328 potius:
972 2252 1071 2310 etad
1094 2252 1180 2332 ryd-

109 2381 187 2425 mr
208 2379 332 2436 regem
356 2359 436 2416 acie
463 2352 581 2431 viei.²)

193 2465 268 2542 Cep.
294 2466 343 2534 42,
367 2466 399 2521 6:
436 2463 693 2538 Peneospost
715 2463 810 2534 dies,
843 2481 947 2539 quern
978 2463 1053 2520 hoeo
1078 2471 1179 2532 acts,

109 2571 225 2648 legati
250 2571 294 2627 ab
316 2567 430 2645 Cotye
513 2577 709 2627 venerunt.
758 2567 877 2626 Codex:
901 2587 1004 2644 quem
1026 2569 1179 2626 haecten-

109 2687 146 2734 ts
169 2675 294 2753 legati.
341 2674 531 2734 Scribendurn
554 2693 662 2750 quem
686 2676 758 2732 hmo
781 2683 865 2731 octo
887 2683 1009 2744 erant;
1043 2692 1111 2731 nam
1134 2675 1179 2732 vi·

108 2784 182 2840 tiose
203 2781 233 2839 in
254 2783 311 2838 heu
332 2779 479 2837 sententies
500 2778 598 2837 forms
619 2783 741 2838 verbum
766 2779 979 2838 substantivum
1010 2781 1087 2856 apud
1110 2799 1179 2856 pur·

109 2889 239 2965 tioipium
263 2886 413 2944 omittitur.
433 2883 507 2959 (cfr.
531 2886 570 2943 od
591 2886 732 2958 XXVII,
757 2890 784 2957 5,
808 2889 825 2944 9
848 2906 877 2963 p.
900 2887 983 2957 321).
1032 2886 1082 2944 Ex
1102 2887 1179 2944 hoec

109 3005 194 3055 aete
219 3001 326 3052 erunt
344 2991 454 3050 fectum
478 2992 595 3049 hecto
617 3001 741 3062 erent,
763 2991 868 3049 deinde
886 2993 959 3050 hmo
979 2987 1126 3068 tunta.⁸)

111 3221 307 3232 ———--·

128 3345 151 3410 ¹)
181 3351 196 3412 §
219 3355 230 3398 l
254 3353 325 3397 certe
345 3353 384 3396 est
404 3347 524 3396 Gronorii
545 3347 704 3396 emendatio:
731 3360 793 3410 qne
819 3345 878 3410 (pro
909 3357 992 3407 quse,
1024 3347 1081 3398 eod.
1106 3353 1177 3410 qne)

181 3441 268 3490 hund
290 3440 392 3488 dubie
410 3439 516 3488 maior
533 3437 711 3502 eliquanto
732 3451 854 3488 summe
877 3474 902 3490 ..
925 3436 1087 3486 officitur.
1125 3441 1176 3500 §a

179 3548 233 3582 nou
260 3539 358 3582 eertum
384 3541 436 3582 est:
467 3531 594 3581 bellare
626 3545 693 3580 oum
717 3530 871 3580 Romanis
904 3529 973 3592 (cod.
992 3528 1083 3577 bellu
1103 3543 1176 3592 rege

178 3625 353 3688 Romanis).
390 3625 475 3674 Aliter
485 3623 532 3678 vl.
552 3627 585 3672 42
602 3621 706 3685 (semel)
723 3623 811 3672 Livius
830 3623 908 3672 dixit:
926 3621 1085 3671 bellatum
1105 3637 1176 3672 curn

180 3718 291 3768 Gallis
311 3719 399 3768 uiros
413 3717 582 3774 Anienem,
601 3715 632 3763 do
651 3714 720 3764 bello
740 3730 791 3764 unu
809 3730 896 3780 pugno
915 3713 1041 3763 coniecto.

125 3843 151 3910 ¹)
180 3848 195 3910 ξ
216 3853 226 3896 l
249 3861 282 3894 ex
302 3844 341 3893 ob
360 3858 451 3908 quem
470 3842 643 3893 felicitate
661 3841 715 3890 fieri
729 3841 851 3890 debebat:
870 3849 901 3890 ot
919 3854 980 3903 que
997 3838 1175 3894 felicitate.

125 3959 149 4027 ὓ)
181 3964 232 4024 §4
262 3959 341 4010 tristis
372 3961 470 4023 speeies
497 3953 665 4023 relinquendo
700 3965 741 4008 est
764 3955 923 4008 huiusmodi:
958 3991 984 4008 ..
1007 3954 1125 4005 Album
1144 3957 1175 4004 in

179 4052 365 4104 custodium
385 4052 533 4112 docorem
552 4051 701 4110 eomites,
718 4049 910 4116 pecuniam,
930 4055 1112 4109 argentum,
1129 4049 1176 4098 in·

136 4161 245 4202 mittit
260 4161 356 4199 Eum.
371 4156 429 4197 [ην.
735 4173 742 4183 ,
939 4146 972 4190 40
