2822 4648
585 293 623 348 99
972 291 1029 340 Lib.
1055 291 1101 340 lV.

68 473 209 548 coniungi
231 473 349 530 omuino
372 491 429 528 non
452 482 590 546 possunt;
612 479 691 530 recte
714 473 789 530 enim
812 474 905 532 dices:
927 494 1005 532 vom
1029 476 1138 534 Ober-

68 589 149 636 sten
173 579 230 636 bis
247 578 1137 658 numLieutenent3recteetiom:romerstenHeupt·

68 704 177 742 monn
199 684 256 741 bis
277 701 354 739 uum
375 682 510 738 letzten
533 683 764 752 Lieutcuent
786 683 882 760 inepte
904 704 981 744 vom
1001 688 1137 764 Haupt-

69 808 177 846 monn
199 789 255 846 bis
276 807 352 844 zum
376 789 604 847 Licutcnent.
652 789 765 846 Deinde
786 789 836 848 ille
857 791 1066 866 significatione
1081 814 1137 852 ne-

69 895 199 952 cessario
227 895 289 952 haec
321 894 411 950 verbu
443 912 508 950 cum
535 895 666 951 subiecto
685 895 833 952 sententio
855 899 1045 973 (captivis)
1068 919 1136 957 con·

69 1001 268 1074 iungerentur.
314 999 408 1072 Atqui
428 999 500 1056 nihil
521 1009 565 1056 est
587 999 701 1069 certius,
725 1001 990 1075 quamsignificari‚
1013 1003 1136 1078 adquos

69 1115 149 1162 sorte
168 1105 277 1180 captivi
299 1105 496 1180 pervenerint;
524 1102 653 1176 alioquin
686 1104 761 1162 enim
797 1107 918 1182 intelligi
942 1109 1059 1166 omnino
1086 1129 1136 1166 ne·

70 1211 134 1285 quit
154 1211 242 1268 sortis
264 1209 512 1277 commemoratio,
533 1207 668 1282 idemque
690 1212 870 1286 apertissimo
891 1213 978 1270 etiam
1001 1215 1137 1290 proxima

71 1315 120 1372 ills
140 1316 354 1372 demonstrent:
376 1325 410 1373 ct
429 1331 581 1390 quorum
598 1315 733 1373 eximie
752 1317 871 1374 virtus
887 1317 1136 1388 fuerntbinis.

70 1421 177 1495 ltoque
199 1422 243 1478 ab
265 1422 389 1496 equite
411 1421 574 1478 necessario
591 1421 760 1496 simpliciter
781 1423 965 1498 coniungitur
976 1443 1040 1482 cum
1062 1444 1135 1483 sor-

71 1537 104 1582 te
128 1526 267 1595 ductis3
295 1528 432 1584 adiuncto
460 1527 545 1584 simul
566 1526 616 1583 illo
640 1527 683 1584 ud
706 1529 954 1586 centurionem
977 1531 1056 1587 nulle
1078 1533 1136 1589 ulie

70 1631 197 1689 efficitur
220 1633 362 1688 sententie
383 1631 438 1688 nisi
463 1650 583 1707 prorsus
606 1633 743 1705 ridiculo,
783 1633 912 1709 singulos
939 1635 1070 1710 captivos
1098 1639 1135 1695 ab

71 1737 170 1811 ulique
203 1737 301 1812 equite
328 1738 365 1793 ed
392 1737 518 1811 aliquem
549 1737 744 1795 centurionem
774 1749 852 1796 sorte
881 1741 1029 1798 traductos
1059 1760 1135 1812 esse3

70 1843 122 1899 etsi
156 1843 339 1900 traductis
362 1841 419 1899 dici
440 1842 573 1912 debebat,
595 1861 653 1900 non
675 1844 803 1901 ductis.
852 1845 929 1918 Quid
951 1847 1053 1904 Livius
1074 1847 1135 1906 tac-

71 1959 129 2006 tum
152 1965 217 2005 esee
240 1948 389 2023 significet,
412 1949 567 2004 obscurum
589 1968 646 2006 non
669 1959 726 2016 est;
748 1951 803 2008 boc
823 1952 898 2008 enim
921 1951 998 2024 dicit,
1031 1954 1136 2028 equiti-

70 2056 121 2111 bus
156 2063 186 2110 et
217 2053 431 2111 centurionibus
459 2054 515 2110 hoc
548 2055 686 2130 praecipui
720 2057 819 2112 dutum
855 2074 937 2126 esse,
971 2067 1002 2114 ut
1031 2059 1135 2134 singuli

69 2160 199 2235 singulos
239 2159 371 2234 captivos
399 2168 478 2216 sorte
510 2159 664 2234 ducerent,
704 2179 793 2237 quum
824 2163 965 2238 gregoriis
999 2165 1136 2222 militibus

71 2277 183 2323 tentum
220 2265 345 2340 pecunie
374 2285 411 2322 ex
453 2265 553 2340 praede
586 2268 763 2324 venumdate
797 2269 966 2330 solveretur.
1039 2270 1136 2348 Scrip-

70 2383 146 2428 seret
179 2371 282 2446 igitur,
316 2371 395 2446 quod
427 2390 515 2428 unum
541 2372 620 2428 illam
654 2374 824 2430 sententiam
847 2375 948 2431 babet:
982 2377 1137 2451 singulis

71 2477 232 2552 captivis
261 2479 304 2534 eb
337 2477 460 2551 equite
488 2495 528 2534 uc
551 2478 764 2536 centurione
794 2489 893 2536 sorte
920 2481 1055 2554 ductis,
1077 2483 1137 2540 sin·

70 2583 167 2657 guleri
189 2601 310 2639 numero
333 2582 522 2656 (equite—
547 2583 773 2658 centurione)
802 2586 831 2642 in
862 2585 1063 2648 distributione
1087 2607 1137 2645 eo·

71 2689 135 2746 dem
158 2687 248 2746 modo
270 2687 387 2762 posito,
409 2707 468 2762 quo
490 2689 554 2758 IX,
582 2692 620 2748 43
644 2691 689 2748 bis
711 2688 741 2766 (ξ
765 2693 782 2748 6
807 2701 836 2748 et
857 2695 907 2762 21)
933 2692 1083 2767 singulm
1102 2694 1137 2750 iu

70 2795 225 2850 militem
246 2793 376 2850 tunicae
398 2793 532 2850 dicuntur
553 2804 583 2852 et
603 2795 711 2866 XXII,
735 2797 789 2867 23,
813 2801 830 2854 6
852 2801 995 2874 argenti
1017 2802 1137 2877 pondo

70 2902 156 2958 bina
179 2909 214 2956 et
235 2898 379 2956 selibrae
399 2899 434 2956 in
456 2899 605 2958 militem
630 2899 676 2979 (et
698 2901 776 2977 apud
800 2901 987 2966 Ciceronem:
1020 2907 1138 2965 tritici

71 3007 213 3064 modius
235 3014 313 3062 eret
334 3003 388 3063 HS
410 3005 548 3076 ternis).
594 3004 691 3064 Semel
713 3007 821 3082 scripto
845 3012 1136 3086 e(ecenturione)

71 3113 180 3170 lectum
204 3110 308 3168 deinde
329 3121 374 3168 est
402 3112 534 3186 (propter
561 3111 604 3168 ab
637 3113 774 3186 equite)
806 3115 848 3171 ud
877 3117 1137 3189 centurionem,

71 3219 120 3292 qui
152 3235 237 3274 error
266 3217 324 3287 (ad
348 3216 541 3290 colloquia
571 3235 624 3292 pro
656 3235 696 3274 ec
722 3219 922 3296 colloquia)
945 3222 1022 3292 vll,
1047 3225 1135 3293 40st

72 3323 261 3399 corrigendus
282 3323 345 3380 erit
395 3323 477 3380 Vera
507 3322 652 3398 scripture
680 3323 709 3380 iu
743 3325 841 3382 codice
862 3327 1023 3385 Loveliauo
1047 3331 1137 3384 501-

72 3441 128 3488 stet
155 3429 323 3486 coniectura
343 3439 469 3503 reperte.

154 3533 229 3610 Cap.
253 3536 301 3604 35,
325 3537 353 3592 6.
397 3533 602 3609 Obiurgebent
623 3535 731 3592 tribuni
746 3536 967 3603 multitudinem,
991 3537 1084 3612 qnod
1099 3569 1135 3580 -

71 3661 138 3698 non
162 3641 266 3698 modo
301 3640 345 3696 ad
374 3658 470 3714 spem
499 3641 715 3699 consulatus
743 3643 776 3699 in
803 3653 944 3718 pertcm
965 3662 1137 3701 revocen-

73 3749 154 3804 dnm
187 3745 358 3822 aspirare
386 3764 454 3802 uon
477 3747 647 3815 cuderet,
678 3747 738 3803 sed
763 3766 805 3804 ne
825 3747 861 3804 in
882 3749 1041 3806 tribunis
1065 3751 1137 3824 qui-

73 3854 147 3910 dem
170 3851 325 3909 militum
349 3851 519 3909 creandis
543 3885 579 3894 —
604 3861 664 3908 utut
686 3852 740 3909 sui
765 3863 994 3910 cutenorum
1016 3857 1136 3913 memi-

72 3961 196 4016 nisset
240 3957 404 4016 Ridiculum
429 3967 473 4014 est
494 3969 523 4014 ct
544 3957 702 4015 siuesensu
716 3957 821 4016 dicitur
842 3977 939 4034 spem
961 3979 1137 4020 revocure

74 4065 105 4120 in
132 4074 273 4140 portem
302 4073 330 4121 et
362 4063 530 4138 aspirare
552 4063 595 4120 ad
618 4082 715 4139 spem
738 4065 773 4121 in
796 4075 936 4140 purtem
965 4087 1137 4126 revocen-

956 4191 984 4239 ⁷·
