2826 4640
602 282 660 336 477
1032 279 1088 330 Lib.
1105 279 1166 334 XL.

96 460 193 534 sevo)
227 460 421 518 deusserat
460 471 633 533 cunctos3
670 464 786 526 elisur
820 462 1015 538 eliquanto
1059 483 1164 538 quum

98 565 196 622 alios
216 564 365 640 longior
385 564 464 623 fuit.
508 567 544 626 Id
566 569 687 626 occessit
708 569 746 626 ed
768 562 952 640 saevitiam.¹)

187 669 260 746 Cep.
284 673 341 738 47,
368 676 396 728 l:
425 671 561 732 Eodem
584 693 678 732 anuo
709 675 785 752 (179
811 693 838 731 o.
860 672 945 746 Chr.)
978 673 1012 730 in
1034 674 1165 750 Hispe-
1272 675 1277 686 '

99 776 166 832 nie
198 775 233 833 L.
256 776 467 834 Postumius
499 788 535 835 et
569 780 624 837 Ti.
650 778 893 855 Sempronius
914 789 1164 855 propretores

99 892 416 956 comparaverunt
439 883 493 940 ite
514 884 608 942 inter
629 904 687 957 se,
710 885 801 943 utin
824 883 995 942 Vecctcos
1017 903 1080 960 per
1101 885 1165 943 Lu-

100 987 277 1044 sitaniam
299 987 372 1044 iret
392 989 563 1062 Albinus,
587 991 621 1048 iu
636 989 877 1049 Celtiberiam
899 991 983 1048 inde
1004 997 1166 1046 reverte·

100 1091 470 1162 rotur3Grucehus,si
491 1096 608 1154 meins
629 1096 683 1154 ibi
704 1095 839 1156 bellum
862 1094 1014 1165 essetin
1038 1093 1165 1151 ultime

100 1197 320 1256 Celtiberico
343 1207 568 1273 penetraret.
618 1201 784 1259 Mundum
812 1201 934 1258 urbem
957 1200 1108 1276 primum
1130 1200 1165 1257 vi

101 1303 276 1378 cepitetc.
319 1303 388 1362 Duo
409 1304 439 1360 in
461 1305 506 1363 his
527 1306 625 1364 stetim
648 1303 807 1376 offendunt,
823 1305 954 1376 alterum,
979 1305 1057 1381 quod
1069 1305 1166 1364 Grec-

101 1409 168 1477 cho‚
189 1407 214 1464 si
235 1407 329 1465 maius
350 1408 401 1468 ibi
424 1410 465 1476 (iu
489 1411 582 1468 ultore
603 1411 705 1470 Albini
725 1409 844 1488 perrel)
871 1411 977 1469 bellum
1000 1430 1059 1470 non
1080 1421 1165 1480 esset,

103 1511 314 1570 nihilomnino
336 1513 467 1574 relictum
489 1517 676 1592 significetur,
699 1517 777 1592 quod
799 1527 908 1590 egeret,
931 1515 1063 1586 altorum,
1086 1517 1164 1591 quod

102 1616 242 1674 incertum
265 1629 327 1689 est,
357 1620 395 1676 ud
417 1629 512 1678 utrum
534 1623 715 1698 pertineant,
753 1641 817 1698 quse
839 1623 973 1697 deinceps
995 1630 1165 1678 narrentur:

103 1722 271 1780 Mundam
293 1726 418 1782 urbem
440 1737 514 1796 cot,
548 1727 682 1785 videntur
703 1737 800 1784 tumen
823 1745 942 1804 prorsus
964 1726 1002 1783 ed
1025 1725 1164 1783 Albinum

102 1828 265 1904 pertinere,
297 1830 343 1887 eui
373 1831 415 1890 itu
443 1831 545 1908 primm
567 1831 672 1908 egendi
694 1841 792 1907 partes
813 1834 934 1903 duntur,
956 1841 989 1890 ut
1010 1830 1166 1890 Gracchus

102 1941 225 2004 tentum,
245 1934 271 1991 si
292 1935 530 1995 materiamine
552 1947 636 2013 porto
657 1937 765 1994 bellurn
787 1937 838 2006 sit,
860 1937 1022 1994 subveniet.
1071 1935 1165 2010 Atqui

101 2040 140 2096 ‹lc
162 2037 299 2098 Graccho
321 2040 372 2100 illu
391 2043 514 2114 numeri,
535 2061 606 2100 mox
627 2046 654 2114 (ξ
678 2046 695 2100 l
719 2053 748 2100 et
769 2041 917 2117 deinceps)
941 2051 1071 2118 uppuret
1105 2045 1165 2099 Ac·

102 2144 181 2202 cedit
210 2144 363 2220 vestigium
395 2147 492 2204 mendi
513 2147 697 2206 menifestum
720 2149 750 2205 in
771 2148 866 2224 primu
889 2147 1028 2220 editione,
1055 2147 1084 2204 in
1107 2164 1167 2220 que

103 2250 147 2306 sio
179 2249 326 2308 scribitur:
365 2252 400 2309 in
440 2251 682 2311 Celtiberiam
724 2254 805 2310 inde
848 2261 1101 2310 reverteretur
1133 2244 1168 2308 'si
1223 2239 1229 2252 ’

104 2354 300 2414 Gracchus
321 2359 439 2417 maius
460 2359 533 2417 sibi
554 2359 688 2418 bellum
717 2371 835 2428 esset,
866 2375 903 2416 ex
929 2377 988 2432 quo
1013 2358 1169 2414 vehemens

177 2675 354 2740 propiusve
383 2675 495 2724 urbem
517 2674 544 2723 X
562 2673 711 2724 millibus
730 2674 898 2738 pessuum)
926 2688 973 2723 uec
992 2673 1084 2722 rstioui
1106 2686 1168 2720 eon·

177 2767 333 2826 venientem
362 2780 421 2814 num
446 2781 493 2830 pro
516 2765 627 2814 ublutivo
654 2765 826 2830 (differentius)
854 2767 984 2828 quomodo
1010 2765 1169 2814 socusutirus

175 2873 232 2906 cum
252 2858 425 2922 comparativo
444 2858 632 2921 coniungetur,
662 2872 714 2906 non
740 2867 853 2922 suppuret.
906 2857 941 2907 Et
968 2865 1052 2906 temen
1077 2857 1167 2906 eodem

176 2951 254 2998 modo
272 2949 391 2998 scribitur
408 2949 434 2998 in
453 2947 506 3000 cte.
524 2949 637 3016 Philipp.
657 2949 722 3009 v11,
742 2955 767 3010 9,
786 2955 828 2999 26.
866 2949 894 2998 ln
913 2949 1008 3000 tubulis
1026 2949 1090 3010 legis
1109 2947 1169 2998 Ser·

176 3042 281 3091 vidisset
299 3041 370 3090 lulis
388 3042 549 3107 municipalis
568 3042 792 3104 (Heracleensibus
811 3059 833 3090 v.
854 3047 904 3103 20,
932 3047 980 3102 26,
1000 3047 1041 3105 50,
1062 3045 1103 3102 68,
1124 3041 1168 3104 77)

177 3149 252 3184 ossus
277 3135 386 3185 uomiuis
409 3149 461 3184 nou
486 3136 644 3200 exprimitur.
689 3133 747 3184 Non
770 3149 839 3198 nego
857 3135 1024 3185 inclinatione
1043 3148 1104 3184 usus
1122 3149 1168 3183 us-

176 3228 212 3276 sci
236 3227 308 3276 illem
332 3225 441 3276 formum
466 3229 581 3292 potuisse
607 3227 647 3276 vel
672 3243 705 3277 ex
725 3241 772 3287 eo,
791 3229 859 3290 quod
878 3226 1169 3276 obseretur-milis

176 3333 260 3383 psus.
280 3317 381 3371 dicitur.

124 3405 151 3472 ι)
177 3409 299 3460 Proximo
317 3411 399 3476 sepite
421 3410 483 3475 (46,
506 3411 548 3474 lb)
572 3413 598 3460 in
617 3410 657 3460 hie
676 3411 761 3460 verbis
780 3409 826 3472 (dc
848 3408 996 3458 censoribus
1014 3407 1123 3458 AEmilio
1142 3419 1168 3458 et

176 3502 268 3552 Fulvio
287 3503 313 3552 iu
331 3503 439 3567 grstism
459 3503 593 3567 reductis):
613 3501 773 3553 Omnibus
791 3499 1005 3560 ineuntibus,
1025 3501 1079 3562 qui
1098 3501 1168 3550 sde-

176 3604 257 3655 rent‚
277 3595 428 3648 dexteros
447 3595 608 3660 iidemque
627 3593 902 3654 dedere,mittere
920 3607 995 3642 vere
1014 3607 1049 3642 uc
1068 3591 1168 3642 linire

177 3689 303 3746 odium,
329 3701 414 3751 neque
439 3687 545 3738 omissio
568 3687 728 3752 pronominis
752 3683 864 3749 (iidem
883 3683 921 3734 do
939 3682 1062 3746 lucere)
1083 3683 1170 3748 placet

177 3795 260 3844 neque
287 3781 417 3830 mittere
447 3782 555 3830 odium
581 3793 663 3843 neque
694 3777 843 3828 adverbium
872 3791 960 3836 νοτες
1000 3775 1070 3825 nulle
1099 3775 1168 3824 enim

179 3883 331 3923 cretosum
349 3873 381 3921 de
399 3873 521 3922 simulate
545 3873 596 3922 odii
625 3871 774 3922 remissione
798 3869 936 3932 cogitandi.
979 3865 1112 3918 correctio
1130 3869 1168 3916 iu·

176 3975 246 4016 certe
264 3975 311 4025 cst,
329 3964 378 4014 nisi
398 3965 467 4028 quod
495 3965 671 4016 remittere
695 3977 727 4012 se
753 3961 885 4028 scripsisse
908 3961 1026 4020 Livium,
1046 3974 1168 4026 perquem

175 4057 309 4122 probabile
327 4069 373 4107 est.
410 4057 610 4118 (Remittcre
629 4071 662 4105 se
682 4057 762 4114 irus,
782 4053 884 4104 iiuire
903 4053 1045 4110 odiuml)
