2820 4646
238 193 296 244 ms.
315 191 412 242 xnrv.
741 194 799 250 555
884 185 889 199 ’

241 377 450 453 aliquantisper
470 375 668 446 desiderato):
703 378 737 438 P.
761 375 889 451 Scipio
910 375 942 432 is
964 385 1063 446 erat,
1096 373 1304 434 Africanus

231 459 274 542 ‘et
294 484 372 560 ipsa
393 491 543 559 postea,
572 481 694 540 deleta
716 480 955 558 Carthagine,
978 481 1212 557 appellatus,
1235 499 1305 536 na·

239 589 375 648 turaiis
403 589 566 648 consulis
595 589 721 659 Pauli,
749 587 953 664 adoptione
984 585 1155 644 Africani
1176 605 1305 661 napos.

239 699 329 754 Recte
359 705 428 772 post
458 694 565 754 Pauli
597 695 713 752 additur
743 693 758 750 f
764 693 852 750 ilius
885 692 1149 760 crecentioribus,
1179 691 1305 750 Dukero

241 811 367 860 auctore.
415 799 473 859 Sed
495 798 679 857 manifestum
701 809 753 870 est,
772 799 796 856 si
819 797 889 873 quid
912 817 1050 873 unquam.
1071 799 1132 856 haec
1154 795 1305 856 Africa·

240 925 308 966 nus
330 917 365 964 et
385 906 466 981 ipse
492 905 594 964 referri
623 907 661 964 ad
690 905 899 983 praecedentem
926 903 1044 961 alterins
1065 902 1199 961 Africani
1222 923 1306 960 men·

240 1013 361 1082 tionem;
383 1029 419 1068 nc
440 1031 493 1088 per
514 1029 545 1070 se
567 1013 682 1088 quidem
705 1011 884 1088 cognominis
905 1020 1008 1087 postea
1029 1010 1107 1087 parti
1129 1011 1237 1069 mentio
1251 1031 1305 1088 ge-

243 1119 320 1178 neris
344 1117 612 1176 commemorationi
633 1126 710 1176 recte
731 1117 924 1194 praemittitur.
983 1119 1088 1193 Itaque
1108 1118 1137 1178 h.
1159 1117 1180 1178 1.
1202 1119 1305 1176 certis-

241 1227 345 1284 simum
376 1231 489 1282 tenetur
521 1223 685 1300 exemplum
717 1242 776 1280 non
812 1208 923 1281 tantum
954 1223 1077 1281 duarum
1115 1243 1222 1282 vocum
1259 1225 1306 1297 (ut

241 1333 342 1404 XLII,
366 1334 420 1402 53,
444 1333 495 1401 6),
518 1331 568 1387 aed
590 1331 679 1388 totius
700 1347 800 1387 versus
823 1347 876 1386 suo
897 1328 963 1386 loco
996 1329 1066 1386 moti
1098 1339 1128 1388 et
1154 1341 1223 1407 post
1244 1351 1305 1389 non

245 1449 326 1497 recto
348 1437 457 1496 inserti.
521 1433 570 1493 Sic
601 1436 676 1492 enim
699 1435 800 1492 Livius
821 1435 992 1511 scripserat:
1027 1437 1062 1494 P.
1084 1435 1137 1494 Sc.
1159 1437 1190 1494 is
1214 1448 1305 1507 arat,

244 1543 444 1602 naturalis
479 1539 648 1598 consulis
676 1541 712 1598 P.
746 1539 869 1610 filius,
896 1540 1097 1617 adoptione
1129 1540 1307 1600 Africani

242 1667 364 1726 nepos,
379 1647 581 1708 Africanus
597 1655 632 1704 et
653 1647 732 1723 ipse
752 1655 894 1722 postea,
918 1647 1041 1707 deleta
1063 1647 1305 1724 Carthagine,

243 1755 467 1832 appellatus.
514 1753 611 1810 Minus
632 1752 787 1811 manifesta
807 1771 854 1810 res
876 1761 940 1810 erat
969 1754 1077 1825 XLII,
1100 1757 1148 1826 26,
1180 1755 1216 1826 2,
1253 1757 1305 1814 ubi

242 1860 368 1920 indicavi
399 1860 442 1935 (p.
472 1859 554 1931 531),
585 1859 689 1934 quibus
711 1859 781 1917 locis
803 1858 861 1916 alia
882 1859 1016 1936 exempla
1042 1856 1251 1930 notaverim.¹)

335 1963 408 2040 Cap.
433 1969 482 2036 45,
505 1967 522 2024 8
547 1975 575 2022 51
599 1967 632 2022 u:
660 1967 822 2024 Perseus
935 1965 969 2022 in
991 1967 1201 2024 contionem
1224 1987 1306 2044 pro·

244 2071 359 2128 cessit
384 2113 472 2142 ....‚
494 2081 532 2129 nt
553 2081 587 2129 et
603 2073 708 2148 ipsos
724 2071 1058 2149 Amphipolitanos
1082 2083 1117 2131 et
1138 2074 1305 2148 equitum

243 2177 491 2254 peditumque,
513 2178 573 2253 qui
595 2187 656 2236 aut
677 2197 820 2254 semper
842 2177 963 2236 secuti
984 2177 1154 2256 aetinga
1175 2180 1304 2238 eodem

243 2284 360 2342 delati
382 2295 496 2356 erant,
518 2285 750 2342 adhortando
774 2285 913 2342 animos
937 2283 1186 2348 confirmaret.
1240 2285 1304 2343 Ne-

245 2408 301 2464 que
323 2407 464 2464 semper
494 2399 571 2448 recte
598 2389 702 2448 dicitur
723 2391 759 2448 de
782 2391 866 2448 unius
890 2411 927 2449 ex
961 2392 1073 2468 proelio
1108 2390 1146 2448 ad
1167 2391 1305 2468 Pydnam

245 2495 322 2571 fuga
346 2495 498 2554 comitibus
528 2515 622 2572 neque
649 2497 749 2556 deesse
769 2497 941 2574 significatio
964 2505 1075 2573 potest,
1104 2516 1190 2572 quem
1212 2499 1305 2556 secuti

245 2601 360 2660 fuerint.
416 2601 620 2662 Scribendurn:
654 2603 715 2678 qui
746 2613 808 2661 aut
836 2623 875 2666 55
901 2605 1085 2683 persecuti
1121 2612 1183 2660 aut
1214 2601 1308 2679 fuga

245 2707 368 2764 eodem
392 2707 508 2766 delati
530 2717 645 2766 erant.
693 2710 873 2786 Persequi
894 2709 1019 2785 adquam
1043 2709 1079 2767 de
1100 2709 1239 2767 continno
1255 2727 1308 2766 co·

244 2812 347 2870 mitatu
369 2813 479 2885 Livius,
500 2833 537 2872 no
558 2814 631 2872 alios
652 2833 885 2888 commemorem,
906 2816 980 2874 dixit
1000 2817 1309 2892 xxlxmuetper-

245 2919 364 2976 sconti
385 2929 467 2977 aunt
488 2919 620 2998 regem)
653 2931 682 2978 et
704 2905 809 2994 XLV}
833 2925 865 2993 6,
893 2927 908 2980 1
950 2925 1004 2997 (55
1025 2923 1157 2980 cohors
1179 2941 1308 3000 perse·

246 3033 329 3081 cuta
349 3042 468 3100 regem
490 3025 713 3102 fugientem).
755 3029 803 3086 De
824 3028 917 3086 mixto
939 3040 1026 3086 rectae
1047 3029 1216 3103 etobliqnae
1237 3048 1308 3086 ora·

245 3131 332 3189 tionis
353 3129 449 3188 forma
469 3131 498 3190 in
519 3133 691 3209 pronomine
709 3143 738 3191 et
758 3134 844 3192 modo
867 3135 951 3194 verbi
973 3133 1022 3212 (55
1048 3177 1079 3195 ..
1109 3133 1230 3212 erant)
1259 3153 1309 3192 res

244 3245 316 3295 nota
339 3236 487 3310 (Gratum.
507 3239 573 3297 Lat.
597 3243 611 3309 §
635 3241 694 3298 490
718 3249 826 3302 5551.
852 3243 880 3298 3.
923 3240 1024 3299 Livius
1045 3241 1093 3312 11,
1116 3245 1166 3312 55,
1188 3243 1222 3299 65
1244 3241 1310 3298 ubi

246 3421 442 3432 ...—-.-——-

267 3543 290 3611 ¹)
317 3546 397 3595 Venit
414 3544 478 3594 mihi
505 3545 532 3594 iu
561 3553 670 3595 mentam
691 3548 795 3597 Asconii
824 3547 931 3596 eandem
951 3548 1130 3611 cognationem
1148 3561 1313 3597 commemo·

317 3639 396 3688 rantis
415 3639 447 3686 ad
466 3637 519 3689 Cic.
538 3638 564 3688 in
583 3639 635 3689 Pis.
653 3654 680 3703 p.
701 3643 749 3688 126
768 3639 847 3700 Hon,
877 3638 921 3688 uhi
948 3653 1026 3704 quum
1051 3639 1078 3688 in
1092 3639 1205 3689 editione
1224 3639 1313 3703 prima

317 3732 509 3782 sicem-ibatur:
527 3732 584 3794 qui
602 3730 781 3796 15115515(-
799 3730 1311 3794 naturalisAiricaniposterio-

315 3825 375 3884 rim
392 3825 429 3874 de
448 3821 644 3872 Macedonia
663 3832 757 3886 atque
782 3823 929 3874 ultimum
949 3823 1019 3873 5155
1044 3823 1081 3872 (15
1099 3836 1176 3884 rege
1194 3823 1312 3872 trium·

316 3915 447 3979 phem,
478 3915 554 3964 scribi
573 3915 661 3964 debet:
694 3953 719 3968 ..
742 3916 953 3980 posterioris,
986 3916 1022 3964 de
1040 3914 1311 3978 Macedoniaque

316 4005 466 4054 ultimum
497 4006 557 4068 ((155
590 4007 663 4056 letata
687 4007 755 4070 1151)
781 4007 949 4072 Passaque
978 4022 1055 4070 rege
1080 4007 1312 4072 triumphavit.
