2822 4648
313 287 369 334 Lib.
388 284 421 335 V.
776 287 831 342 122

268 471 386 528 missum
409 471 436 526 ei
460 471 498 526 ab
521 469 690 544 Ambigato,
712 476 743 524 ut
767 487 804 524 ex
825 468 947 542 imperio
971 487 1024 525 suo
1046 470 1177 526 homines
1211 471 1336 530 exciret.

270 555 383 653 Opinoi
406 576 520 633 Livium
547 573 710 648 scripsisse:
733 573 780 643 Is,
804 573 896 647 quod
917 573 952 630 in
977 591 1039 629 sex
1060 575 1203 648 populis
1227 578 1340 634 abun·

269 683 390 750 dabat,
412 679 614 753 Bituriges,
637 681 840 744 Arvernos,
862 677 1011 745 AEdaos,
1034 681 1084 748 A.‚
1106 679 1148 751 G,
1173 681 1254 738 Aul.
1277 702 1339 739 ex·

268 790 368 846 civit.
419 789 507 844 Recte
530 793 627 841 autern
649 800 768 858 prorsus
790 783 1117 858 accusativusponitur;
1139 787 1338 844 excivitenim

269 894 416 968 Bituriges
441 901 620 963 ceterosque,
643 888 721 963 quod
743 905 842 944 eorum
866 889 1042 950 abundabat.

354 997 490 1070 Sequitur
519 995 620 1051 eodem
654 993 748 1068 capite
784 997 799 1062 ξ
825 996 842 1049 8
866 1003 894 1050 et
924 996 956 1050 9:
988 997 1030 1052 Id
1051 995 1151 1054 Galli
1177 998 1341 1053 l'ortunae

269 1123 338 1161 suae
363 1121 465 1159 omen
487 1100 558 1156 rati
580 1100 772 1167 adiuvere,
803 1107 858 1168 ut,
895 1119 997 1174 quem
1028 1102 1178 1176 primum
1202 1103 1235 1159 in
1259 1112 1340 1159 ter·

268 1227 346 1266 ram
368 1206 511 1281 egressi
536 1215 807 1279 occupaverant
828 1205 967 1274 locum,
989 1207 1202 1281 patentibus
1224 1209 1340 1265 silvis

270 1311 545 1372 communirent.
601 1310 682 1385 Ipsi
715 1329 778 1383 per
799 1311 986 1368 Taurinos
1015 1313 1204 1386 saltusque
1232 1313 1342 1371 Iuliae

270 1420 376 1495 Alpis
398 1417 713 1485 transcenderunt,
725 1425 778 1472 etc.
823 1415 898 1488 Quid
912 1417 949 1474 sit
969 1418 1086 1474 locum
1112 1419 1253 1475 munire
1275 1439 1339 1494 pa·

269 1525 433 1584 tentibus
455 1522 570 1592 silvis,
592 1539 711 1597 prorsus
733 1522 852 1596 ignoro,
880 1521 992 1580 etiamsi
1018 1523 1158 1592 addatur,
1181 1524 1259 1596 quod
1282 1526 1340 1580 ab·

269 1649 412 1690 essenon
435 1637 546 1704 potest,
582 1627 630 1696 iu3
664 1645 731 1683 uam
763 1629 858 1704 campi
880 1639 982 1705 patere
1004 1629 1145 1697 dicuntur,
1179 1647 1252 1702 quos
1275 1649 1339 1687 non

270 1747 381 1794 montes
404 1754 457 1791 nec
468 1733 548 1789 silvae
558 1733 783 1808 interrumpens
805 1734 893 1805 silvae,
916 1743 947 1792 ut
968 1753 1064 1809 rupes,
1076 1734 1224 1802 claudunt3
1249 1737 1334 1810 quod

269 1839 522 1900 Weissenbornius
540 1838 757 1913 interpretatur:
782 1839 830 1908 „in
842 1839 966 1908 offenen,
982 1839 1085 1896 kainon
1094 1837 1200 1896 Sohutz
1212 1844 1339 1914 gesrah-

269 1945 553 2012 rendenthldern“,
576 1961 628 2000 nco
650 1943 692 1999 aie
713 1953 846 2017 patere
870 1945 949 2002 silvae
968 1945 1024 2001 dici
1046 1953 1191 2019 poterant,
1213 1955 1241 2002 et
1264 1947 1340 2020 quid

270 2071 343 2128 opus
366 2061 428 2108 erat
450 2049 505 2107 dici
531 2057 581 2104 aut
604 2048 720 2104 omnino
744 2049 833 2106 silvas
857 2049 1099 2108 commemorari?
1118 2069 1185 2106 nam
1201 2050 1339 2121 Graecos,

178 2219 179 2223 ,
270 2158 487 2215 muniendarum
511 2153 625 2210 urbium
648 2154 846 2226 peritissimos,
868 2175 921 2231 pro
948 2155 1125 2212 munimento
1147 2157 1235 2213 silvas
1250 2158 1340 2214 habi-

269 2275 350 2322 turos
371 2262 476 2330 fuisse,
507 2259 613 2316 nemini
650 2260 679 2314 in
711 2269 834 2316 mentem
856 2261 955 2318 venire
976 2269 1099 2336 poterat.
1162 2259 1339 2319 Certissima

270 2367 469 2426 emendatione
495 2383 595 2420 veram
625 2363 796 2440 scripturam
828 2366 858 2422 in
879 2367 996 2423 nomine
1023 2366 1142 2441 proprio
1164 2378 1338 2443 corruptam

269 2473 392 2532 restit-uit
424 2481 491 2528 ante
518 2471 576 2526 duo
599 2453 698 2527 seculis
721 2469 890 2528 Hadrianus
915 2473 1067 2529 Valesius:
1102 2473 1337 2547 patientibus

270 2578 393 2654 Salyis
414 2573 572 2650 (Saluis).
616 2577 683 2632 Hoc
706 2574 806 2632 Livius
829 2576 907 2647 dicit,
932 2579 1047 2655 Salyes,
1070 2579 1118 2652 qui
1140 2578 1221 2635 initio
1248 2579 1338 2638 Grae·

269 2701 319 2740 cos
341 2697 474 2757 egressos
497 2681 753 2756 oppugnavisseut‚
777 2699 864 2755 quum
875 2682 955 2740 Galli
968 2685 1022 2741 hos
1040 2685 1221 2754 adiuvarent,
1237 2684 1337 2742 locum

269 2786 440 2846 communiri
469 2796 498 2842 et
519 2786 680 2843 Massiliam
703 2786 788 2842 condi
818 2805 921 2862 passos
946 2805 1018 2844 esse.
1074 2788 1192 2864 (Salyes
1230 2793 1336 2848 eadem

270 2892 460 2950 declinatione
482 2901 511 2948 et
534 2891 631 2948 livius
654 2891 722 2946 dicit
743 2892 875 2962 XXXI,
911 2895 945 2950 to
969 2901 998 2948 et
1019 2893 1152 2966 Plinius.)
1204 2894 1264 2953 Sed
1286 2913 1338 2950 su-

270 3009 366 3076 perest
387 2996 528 3054 dubitatio
550 2996 579 3052 in
601 2996 717 3052 nomine
738 2997 812 3066 loci,
845 3016 903 3071 quo
928 2999 1021 3074 Alpes
1045 2998 1125 3056 Galli
1146 3001 1336 3058 transierunt.

270 3107 347 3164 Nam
376 3123 470 3178 neque
491 3102 620 3176 Alpem
649 3101 789 3177 singulari
816 3121 935 3160 numero
968 3104 1069 3161 Livius
1098 3113 1149 3160 aut
1179 3106 1335 3180 quisquam

270 3228 365 3286 prosae
386 3207 525 3265 orationis
548 3209 673 3284 scriptor
695 3207 786 3278 dixit,
817 3228 853 3265 ex
879 3227 937 3283 quo
962 3210 1093 3284 sequitur
1114 3210 1225 3285 Alpis
1248 3229 1338 3268 accu-

270 3316 395 3373 sativum
423 3331 506 3388 esse,
537 3323 566 3370 et
586 3314 692 3371 luliae
720 3315 832 3390 Alpes
858 3314 1026 3388 longissime
1049 3317 1086 3372 ab
1116 3315 1151 3373 iis
1172 3317 1259 3387 locis,
1298 3319 1337 3376 de

271 3421 375 3494 quibus
397 3420 509 3495 agitur,
539 3421 656 3479 distant.
720 3421 824 3494 Itaque
851 3421 943 3478 multa
964 3421 1131 3496 excogitata
1152 3433 1235 3490 sunt,
1270 3442 1337 3497 quae

270 3527 522 3596 substitrterentur3
534 3527 584 3584 sed
600 3545 635 3583 ea
647 3525 744 3582 omnia
757 3536 807 3584 aut
817 3527 875 3584 elia
889 3527 998 3584 habeut
1010 3527 1195 3585 incommoda
1207 3528 1262 3603 (-
1272 3529 1337 3586 vel-

269 3641 301 3688 ut
322 3632 427 3690 inviae
447 3633 573 3708 regionis
594 3633 766 3708 significat-io
789 3641 818 3688 et
839 3651 959 3708 prorsus
983 3642 1050 3707 post
1072 3652 1123 3704 ea,
1158 3652 1222 3707 quae
1246 3634 1337 3709 paulo

271 3748 338 3795 ante
359 3739 437 3796 dicto
470 3747 550 3808 sunt,
585 3739 731 3814 superflua
752 3747 796 3794 est
824 3747 853 3794 et
872 3737 942 3792 nihil
966 3736 1004 3792 ad
1025 3737 1120 3795 locum
1142 3739 1337 3796 definiendum

271 3844 395 3920 pertinet
408 3850 458 3914 -l
482 3853 534 3900 aut
564 3863 583 3900 a
598 3844 729 3901 codicum
753 3843 883 3918 vestigiis
904 3843 990 3918 longe
1014 3845 1173 3914 discedunt,
1195 3843 1339 3918 pleraque

270 3958 395 4024 utroque
415 3949 444 4005 in
466 3968 571 4024 genere
594 3951 850 4026 reprehenduntur.
894 3950 1039 4022 Quoniam
1061 3969 1146 4006 nemo
1169 3969 1221 4024 per
1242 3969 1339 4025 popu·

270 4054 329 4112 lum
353 4055 477 4130 aliquem
504 4055 597 4130 Alpes
629 4057 832 4114 transcendere
854 4065 931 4113 recte
952 4056 1075 4126 dicitur,
1110 4055 1226 4126 nedum,
1249 4057 1340 4130 quie
