2800 4646
593 268 652 324 463
1022 266 1079 315 Lib.
1090 265 1148 316 XL.

94 451 243 522 tollere,
274 449 389 520 volui,
423 467 531 524 quum
566 448 800 506 comissatum
833 448 973 525 gladiis
995 450 1150 508 accincti

95 577 153 615 me
186 557 303 615 secuti
329 564 424 626 sunt,
455 553 554 612 ferro
586 553 813 612 interficere.
867 555 1026 631 Descriptio
1059 557 1149 614 tribus

94 664 180 722 unius
201 663 257 720 diei
278 661 471 738 temporibus,
509 659 685 736 ineptissime
719 659 749 717 in
779 661 873 735 primo
902 661 1031 719 membro
1055 668 1151 737 (post

94 769 374 835 lustrationem,
414 785 518 842 quum
552 765 814 835 concurrimus)
849 767 978 838 additur,
1011 778 1149 844 tanquam

94 875 236 933 notabile:
265 885 298 932 et
320 874 479 948 quidem,
500 872 530 929 si
556 870 611 927 dis
633 869 775 946 placet,
797 871 1057 932 lustrationum
1078 875 1149 947 die,

93 981 179 1056 quasi
205 981 261 1038 boc
294 979 378 1037 huius
405 977 527 1036 membri
549 976 698 1052 proprium
721 977 759 1033 sit
779 996 814 1035 ac
835 997 893 1036 non
914 997 995 1055 aque
1018 981 1056 1038 ad
1078 980 1147 1039 elte-

92 1105 159 1144 rom
181 1097 210 1144 at
230 1056 345 1144 tertium
367 1085 509 1160 pertineat
530 1091 559 1140 et
580 1081 663 1156 quasi
678 1089 744 1157 post
764 1081 961 1142 lustrationem
982 1087 1073 1144 credes
1087 1085 1149 1146 fieri

93 1193 230 1268 potuerit,
252 1191 307 1250 nisi
328 1210 363 1248 eo
387 1190 443 1258 die,
464 1207 522 1264 quo
542 1188 676 1244 lustratio
698 1187 815 1246 omnino
837 1200 920 1248 esset
961 1192 1147 1269 Perspicuum

92 1308 139 1355 est
159 1309 314 1374 praterea,
348 1314 435 1371 quam
465 1294 568 1352 vitiose
595 1295 779 1370 perturbetur
803 1296 868 1372 ipsa
888 1297 1037 1372 (equalitas
1060 1317 1147 1358 mem·

93 1405 211 1462 brorum
223 1403 350 1460 studiose
375 1401 496 1476 quesita
508 1400 537 1457 iu
559 1401 687 1458 notando
709 1400 814 1476 triplici
828 1401 914 1460 coedis
932 1411 1038 1460 conatu
1054 1406 1149 1480 (post

91 1509 361 1576 lustrationem,
385 1525 487 1582 quum
514 1507 773 1576 concurrimus,
791 1506 958 1564 occidere
1044 1527 1146 1584 quum

92 1613 138 1670 ad
160 1632 309 1670 coenam
331 1613 509 1682 invitavi,
533 1631 671 1668 veneno
693 1613 770 1670 scil.
807 1612 939 1670 tollere
1044 1633 1146 1688 quum

92 1718 333 1790 comissatum
365 1719 410 1796 gt.
432 1737 504 1777 acc.
540 1737 594 1774 me
615 1718 734 1775 secuti
755 1729 852 1787 sunt,
873 1719 971 1776 ferro
997 1719 1146 1778 interii·

93 1843 184 1894 cere,
208 1823 262 1880 nisi
286 1825 364 1899 quod
385 1825 414 1882 in
436 1824 530 1900 primo
553 1825 681 1882 membro
703 1823 851 1881 occidendi
880 1824 981 1882 modus
1002 1825 1146 1900 significa·

92 1942 141 1988 tur
162 1929 226 2004 ipso
247 1941 376 2007 tempore
398 1950 432 1989 ac
454 1939 615 1988 momento:
646 1949 749 2004 quum
776 1932 1046 2006 concurrimus).
1089 1930 1147 1991 Sed

91 2053 159 2111 qua
180 2035 245 2092 hino
267 2035 443 2092 alienissima
466 2046 533 2092 sunt
557 2035 660 2093 verbe:
688 2045 722 2092 et
744 2035 899 2110 quidem,
920 2055 944 2094 s.
965 2036 993 2094 d.
1015 2035 1076 2112 pl.,
1098 2037 1146 2096 lu·

92 2141 313 2200 strutionum
335 2141 412 2212 die,
434 2159 488 2213 aa,
512 2160 571 2198 una
592 2141 692 2198 addita
712 2141 818 2199 lineola
840 2141 974 2216 (diem),
998 2143 1147 2220 aptissime

93 2255 179 2304 erunt
198 2246 287 2322 paulo
309 2257 384 2318 ante,
407 2257 438 2305 ut
458 2249 488 2306 in
510 2267 598 2306 unum
620 2247 696 2306 diem
718 2256 747 2304 et
767 2247 796 2304 io
818 2247 893 2304 diam
916 2247 986 2305 mire
1007 2248 1148 2308 delectum

94 2363 153 2409 tres
174 2363 294 2412 conatus
320 2353 418 2412 collati
451 2356 595 2414 dicentur:
623 2371 745 2410 omnes
773 2351 989 2410 insidiarum
1012 2353 1091 2411 vias
1113 2353 1147 2410 in

93 2475 199 2515 unum
221 2459 381 2517 contulit
402 2460 508 2530 diem,
541 2459 755 2534 etquidem,
792 2459 822 2516 si
844 2457 1061 2534 displacst,
1093 2458 1147 2515 lu·

93 2563 314 2622 strutionum
334 2565 437 2624 diem.
487 2565 597 2623 Volui
618 2565 776 2623 interdiu
806 2583 881 2622 eum
910 2571 995 2639 post
1015 2562 1148 2622 lustra·

93 2669 243 2740 tionem,
276 2688 379 2744 quum
407 2671 675 2742 concurrimus,
700 2671 881 2746 occidere;
904 2668 1022 2738 volui,
1044 2687 1146 2736 uuum

94 2773 138 2830 ad
159 2793 302 2832 coenam
325 2786 379 2833 cet.
426 2774 663 2854 Coniungendum
686 2787 730 2835 est
750 2777 837 2853 igitur
857 2777 912 2834 hoc
927 2775 1080 2834 verborum
1095 2775 1148 2834 ali·

94 2889 166 2954 quot
186 2899 238 2938 suo
259 2881 324 2940 loco
346 2892 489 2940 motorum
512 2894 541 2940 et
570 2892 638 2960 poet
669 2884 763 2942 alieno
790 2884 961 2941 insertorum
984 2885 1146 2960 exemplum

93 2985 180 3061 plane
201 2999 308 3044 certum
329 3007 394 3045 cum
417 3007 469 3059 eo,
500 2990 577 3064 quod
604 2991 635 3047 in
663 2991 719 3048 hac
745 2989 853 3048 decede
873 2988 974 3046 notavi
995 2989 1147 3062 XXXVI,

94 3094 149 3162 34,
171 3096 188 3150 9
211 3102 240 3150 et
267 3099 301 3152 to
326 3113 355 3169 p.
379 3095 460 3166 423,
481 3105 510 3152 et
530 3095 757 3172 comparendum
778 3073 842 3154 cum
864 3095 909 3166 iis,
944 3113 1008 3170 quae
1029 3095 1098 3154 alibi
1118 3097 1146 3154 iu

92 3197 195 3256 ceteris
204 3197 359 3258 decadibus
373 3211 475 3259 notata
487 3211 562 3260 sunt.
597 3202 708 3260 Eodem
720 3201 814 3278 capite
826 3202 876 3272 §8,
889 3202 937 3259 ubi
948 3201 989 3258 sic
999 3201 1147 3260 scribitur:

94 3311 225 3373 utrum,
250 3313 290 3362 ut
311 3305 495 3381 placarem
518 3317 566 3377 te,
588 3307 705 3366 danda
730 3325 841 3384 opera
862 3305 945 3374 luit,
980 3315 1018 3364 ut
1039 3307 1146 3366 aliam

93 3425 289 3481 quaererem
332 3412 580 3483 occasionem,
623 3415 790 3488 quoniam
826 3411 937 3470 semel
975 3431 1146 3472 venenum

92 3531 331 3588 paraveram,
352 3536 393 3574 an
416 3519 459 3575 ab
476 3518 546 3576 illo
562 3518 719 3576 consilio
741 3519 843 3576 velut
861 3516 1146 3577 transiliendum

92 3619 260 3678 adalind
288 3621 377 3693 fuit,
415 3623 580 3682 utferro
605 3637 657 3694 te,
691 3625 890 3701 etquidem
915 3641 955 3679 eo
977 3621 1052 3692 die,
1084 3642 1148 3698 per

93 3727 247 3802 speciem
272 3728 553 3787 comissationis
586 3729 811 3792 occiderem?
837 3729 999 3788 necessario
1020 3731 1146 3788 scriben-

93 3833 160 3890 dum
183 3833 308 3892 videtur:
331 3835 527 3912 etquidem
550 3837 672 3902 sede·
693 3834 764 3904 die;
795 3853 831 3890 ea
852 3833 926 3892 enim
949 3836 1146 3913 improbabilis

93 3938 205 3996 videtur
225 3939 370 4000 festinatio
391 3942 493 4000 eodem
512 3941 611 4017 utique
632 3941 769 4010 dieram,
791 3942 828 3998 ad
850 3941 928 4000 aliud
948 3960 1039 4018 genus
1061 3943 1146 4001 caedis

91 4043 279 4115 translatam,
301 4048 477 4122 peragendi,
499 4067 556 4106 non
581 4047 659 4122 quod
681 4067 721 4104 eo
747 4047 926 4123 potissimum
948 4047 995 4105 die
1016 4049 1145 4106 tentaba-
