2822 4648
591 288 642 344 161
959 287 1015 337 Lib.
1035 287 1107 338 VIII.
1141 361 1142 366 1

80 487 145 526 non
167 467 243 532 beet.
296 469 483 546 Quamquam
509 469 585 528 enim
608 468 813 527 incredibiliter
840 469 960 529 confusa
988 469 1095 530 fabulis
1116 483 1145 530 et

82 575 227 650 augendis
247 579 335 634 rebus
356 577 612 652 permutandisque
632 585 676 634 est
697 575 791 633 omnis
812 575 880 634 belli
901 577 996 636 Latini
1018 577 1143 636 etCam·

82 681 157 756 pani
183 681 305 739 historia
333 682 382 758 (de
404 702 462 758 quo
484 682 555 740 sat-is
584 683 613 742 h.
635 682 654 739 l.
687 681 741 739 erit
763 691 934 758 argumenta
967 685 1144 760 requirentes

84 787 125 842 ad
136 805 173 844 ea
188 787 335 862 ablegare,
357 805 421 862 quse
442 788 500 846 Th.
523 789 732 846 Mommsenius
743 787 819 867 Hist.
830 789 914 846 Rom.
926 789 985 850 vol.
1012 795 1023 848 l
1038 809 1067 866 p.
1084 791 1144 850 328

83 893 132 951 ed.
157 893 207 952 alt.
230 893 393 968 exposuit),
430 902 528 954 tamen
561 912 709 968 nunquam
741 893 868 951 animum
898 895 1033 954 iuducere
1054 897 1144 973 potui,

83 999 168 1056 utin
190 998 343 1056 annalibus
366 997 417 1068 iis,
445 999 550 1074 quibus
572 999 673 1058 Livius
702 1017 773 1057 usus
802 1009 861 1070 est,
891 1001 1027 1060 traditum
1056 1002 1145 1060 fuisse

83 1105 218 1175 credam,
238 1121 368 1180 pugnam
390 1123 472 1174 eam,
506 1105 535 1163 in
565 1125 623 1181 qua
643 1107 679 1164 P.
700 1105 809 1163 Decius
831 1105 898 1162 Mus
927 1106 1079 1165 devovisse
1114 1126 1145 1166 se

85 1219 231 1280 narratur,
242 1219 402 1285 pugnatam
425 1227 488 1267 esse
509 1212 603 1268 haud
630 1210 759 1286 procul
779 1210 968 1269 radicibus
990 1213 1145 1271 Vesuvii

86 1315 234 1384 montis;
269 1315 389 1390 ipseque
411 1316 486 1373 adeo
510 1316 611 1374 Livius
638 1317 707 1392 quid
729 1315 891 1390 scripserit,
920 1317 1061 1376 dubitatio
1084 1319 1145 1376 aui·
1247 1393 1252 1398 ι

85 1419 133 1480 mo
157 1421 242 1498 pulsa
270 1422 391 1480 subinde
412 1422 547 1490 recurrit;
575 1431 687 1480 ceteros
708 1421 882 1496 scriptores,
905 1422 1037 1494 Veseris,
1069 1425 1145 1482 unde

84 1547 186 1606 pugna
210 1527 389 1608 appellatur,
411 1528 461 1585 ubi
482 1527 579 1598 fuerit,
601 1528 675 1584 adeo
695 1545 840 1602 nusquam
863 1526 1025 1602 significare
1045 1538 1145 1586 notum

27 1671 35 1692 t
83 1645 139 1704 est,
161 1645 203 1704 ut,
221 1633 338 1690 fluviine
361 1652 397 1690 an
420 1633 521 1710 oppidi
545 1633 575 1690 id
596 1631 977 1708 nomenfuemtignoretur.
1008 1634 1050 1694 Ut
1071 1635 1145 1692 enim

83 1740 234 1808 omittam,
260 1740 330 1814 fingi
352 1740 449 1796 enimc
471 1739 522 1796 vix
543 1757 651 1814 posse,
682 1757 741 1814 qua
760 1738 809 1796 via
830 1757 864 1796 sc
887 1741 1000 1796 ratione
1020 1741 1146 1798 Romani

83 1848 143 1904 hoe
163 1855 312 1920 tempore,
334 1854 437 1902 eontra
458 1845 579 1906 Latinos
602 1843 827 1921 Campanosque
849 1845 1017 1904 coniunctos
1039 1845 1144 1904 bellum

83 1959 219 2027 gerentes
249 1959 308 2006 tem
343 1949 429 2026 longe
461 1950 499 2007 ed
528 1949 677 2007 meridiem
708 1969 808 2008 versus
832 1951 1024 2027 processerint
1052 1953 1081 2009 in
1109 1971 1144 2010 ea

82 2057 170 2126 locs,
207 2075 273 2132 quse
303 2055 415 2131 aliquot
449 2057 566 2114 demum
596 2057 767 2132 posternis
799 2063 842 2126 (a.
868 2059 940 2128 327)
964 2054 1146 2133 Campanum

84 2183 190 2240 agrum
222 2173 324 2220 contra
350 2162 562 2238 Neapolitanos
595 2170 708 2220 tuentes
740 2163 871 2239 attigisse
905 2163 1040 2220 videntur
1069 2163 1146 2236 (niv.

85 2269 176 2338 VIII,
199 2269 270 2339 22),
293 2286 380 2342 quum
404 2269 561 2344 presertim
584 2269 621 2326 ad
643 2267 777 2344 Capuam
804 2287 854 2326 eos
880 2287 945 2326 cum
967 2266 1145 2326 Samnitibus

85 2373 248 2432 occurrisse
269 2385 446 2450 congregato
465 2374 506 2432 ibi
527 2373 699 2432 Latinorum
721 2385 750 2432 et
771 2373 986 2451 Campanorum
1008 2374 1145 2431 exercitui

84 2479 189 2538 Livius
210 2479 273 2554 ipse
293 2481 402 2544 scribat
423 2481 459 2554 (c.
487 2479 536 2553 6),
558 2511 599 2522 -
623 2487 656 2537 ut
677 2479 748 2549 hac,
779 2479 908 2554 inquam,
940 2479 1080 2550 omittam,
1115 2479 1144 2535 in

85 2585 193 2660 quibus
225 2583 361 2659 antiquus
390 2585 509 2644 subesse
533 2603 615 2642 error
634 2592 747 2660 potest,
780 2584 874 2642 omnis
907 2582 982 2642 Livii
1016 2583 1145 2642 narratio

83 2690 228 2767 proelium
252 2690 365 2766 lougius
387 2691 425 2747 ad
443 2689 666 2766 septentrionem
688 2689 818 2748 confian
834 2688 911 2748 Latii
922 2687 1145 2766 Campaniaeque

84 2797 234 2866 admovet,
256 2795 429 2854 conveniens
451 2796 494 2866 ei,
524 2796 602 2870 quod
635 2814 695 2852 rem
719 2796 813 2872 ipsam
834 2795 974 2870 spectanti
995 2795 1146 2878 probabile

84 2901 179 2958 videri
200 2919 318 2958 neeesse
336 2913 388 2962 est
445 2902 549 2960 Victus
570 2901 645 2959 euim
669 2901 791 2959 Latinos
809 2900 973 2958 Minturnas
994 2917 1025 2958 se
1046 2909 1145 2958 contu-

83 3007 154 3064 lisse
177 3006 277 3064 scribit
308 3008 344 3080 (c.
370 3011 425 3084 tc,
447 3005 497 3083 9),
520 3027 584 3085 quse
610 3008 647 3066 ad
677 3007 769 3065 Lirim
791 3015 873 3078 sunt,
903 3025 922 3064 a
951 3006 1078 3064 Vesuvio
1107 3007 1145 3064 ad

83 3193 285 3206 -a-n—

156 3339 225 3390 sunt,
243 3329 421 3380 retinebimus:
442 3331 501 3380 sub
520 3330 627 3392 signis
645 3329 708 3379 iam
727 3329 786 3379 alii
806 3329 996 3394 quiadecim
1014 3331 1146 3381 ordines

156 3423 369 3483 iocabantur,
397 3435 437 3470 ex
460 3421 580 3485 quibus
598 3423 676 3472 ordo
700 3423 926 3487 unusquisqne
946 3431 1014 3474 tres
1031 3431 1145 3488 partes

157 3517 317 3576 habebat;
336 3515 458 3578 (aarum
476 3529 734 3580 unamquamque
758 3515 861 3580 pilum
880 3517 1070 3580 vocabum)
1089 3519 1145 3567 tri-

157 3610 218 3658 bus
248 3623 286 3658 ex
319 3607 461 3656 vexillis
491 3606 686 3669 constabst;
728 3617 855 3657 eentum
887 3610 1060 3672 octogiuta
1080 3593 1145 3660 'sex

157 3703 305 3752 homines
324 3711 418 3750 erant
441 3709 487 3750 cet.
530 3699 645 3750 Levioris
662 3709 797 3750 armatura
816 3700 926 3751 militum
953 3701 1041 3752 Livius
1062 3716 1145 3766 neque

159 3809 261 3854 eorum,
287 3809 352 3856 quos
377 3793 486 3843 hastatis
513 3803 537 3842 et
555 3793 712 3858 principibus
741 3793 875 3844 adiunctos
904 3795 993 3846 velites
1019 3795 1144 3860 appellat,

157 3902 241 3953 nequa
273 3901 377 3947 eorum,
415 3899 480 3950 quos
510 3886 602 3936 trias-ils
632 3887 782 3951 adscripsit,
815 3887 906 3936 deiude
931 3888 958 3937 in
980 3889 1145 3938 describendo

157 3995 251 4046 pugna
277 3995 371 4044 genero
396 3979 474 4029 ullam
498 3980 623 4028 rationem
642 3979 733 4040 habet3
757 3993 878 4031 accensos
897 3981 1025 4030 taurania
1038 3995 1092 4046 cap.
1114 3986 1146 4031 10

157 4074 282 4124 nominat.

139 4181 250 4220 {Invidit
263 4181 355 4218 iussn.
363 4180 408 4216 tm
916 4193 943 4236 Η
