2822 4648
590 294 640 348 171
959 291 1017 340 Lib.
1037 291 1112 344 v111.

169 473 243 551 Cap.
268 477 317 542 30,
344 477 394 530 ll:
417 473 537 531 Misso
558 473 685 548 itaque
707 482 834 530 senatu
863 474 910 546 (L.
927 477 1064 551 Papirius
1087 478 1147 536 dic·

83 591 174 652 tator,
197 601 286 657 quum
308 580 475 655 accepisset,
498 580 534 653 Q.
550 579 673 637 Fabium
696 577 867 654 magistrum
890 582 1018 655 equitum
1039 601 1070 640 se
1092 586 1146 642 ab·

84 697 167 744 sente
189 706 255 744 cum
271 686 402 744 hostibus
413 683 580 761 pugnasse),
602 702 639 740 se
661 703 703 740 ex
725 685 827 742 curia
848 686 1048 762 proripuit,
1070 699 1146 747 tum

81 813 172 850 vero
206 813 274 850 non
303 792 521 850 Samnitium
551 791 668 866 magis
699 790 863 866 legiones
897 810 1000 866 quam
1034 795 1145 853 maie·

83 909 217 956 statem
240 897 474 956 dictatoriam
502 907 538 954 ct
558 897 794 972 disciplinam
821 897 1016 958 militarem
1039 919 1057 957 a
1079 918 1146 959 ma-

82 1005 204 1080 gistro
227 1005 389 1080 equitum
412 1003 546 1060 victam
568 1013 601 1061 et
616 1021 780 1060 eversam
801 1003 984 1062 dictitans.
1015 1008 1145 1067 Pratum

82 1123 129 1168 est
151 1121 225 1168 tum
246 1130 346 1180 vero,
367 1110 445 1184 quod
467 1109 618 1184 significat,
639 1109 698 1166 iam
721 1120 787 1166 ante
809 1110 1048 1187 oliaamagistro
1064 1116 1144 1189 cqui-

81 1225 146 1274 tum
169 1217 275 1273 delicta
295 1234 367 1286 esse,
390 1209 495 1290 quibus
516 1217 572 1273 hoc
593 1216 723 1272 ultimum
746 1233 798 1272 nec
819 1215 877 1272 iam
900 1216 975 1274 ultra
996 1219 1144 1278 ferendum

83 1323 226 1390 accedat,
242 1321 402 1378 cuiusmodi
422 1321 493 1378 nihil
524 1321 644 1396 intelligi
667 1321 743 1378 Livii
765 1322 895 1379 narratio
917 1323 993 1380 sinit.
1040 1325 1145 1400 Itaque

80 1448 143 1486 non
172 1447 191 1485 a
212 1429 350 1503 temporis
380 1427 522 1503 particula
549 1427 684 1502 Papirius
715 1428 874 1485 orationem
907 1430 1022 1488 ordiens
1049 1431 1145 1490 induci

82 1536 174 1592 debet
195 1536 310 1608 (Nunc
331 1538 447 1604 vero),
469 1533 519 1590 scd
542 1533 579 1589 ab
603 1551 654 1600 aa,
677 1551 741 1606 quae
762 1551 881 1608 gravem
903 1536 991 1592 habet
1016 1535 1144 1596 affirma·

79 1643 193 1700 tionem
213 1661 278 1698 cum
302 1642 345 1698 rei
365 1641 490 1715 indigum
502 1638 712 1713 significatione
736 1639 931 1697 coniunctam:
955 1642 1143 1704 Ruinam

79 1767 154 1805 non
177 1748 391 1806 Samnitium
414 1744 528 1820 magis
549 1745 715 1820 legiones
740 1754 810 1812 cet,
832 1748 979 1820 quomodo
1001 1747 1029 1804 iu
1052 1747 1144 1806 tribus

79 1855 163 1929 apud
187 1852 456 1910 Drakenborchium
485 1849 630 1908 codicibus
652 1868 728 1925 saepe
750 1851 787 1907 ab
811 1851 927 1908 homine
948 1870 1006 1908 non
1027 1852 1144 1910 indocto

78 1959 266 2034 interpolatis
298 1957 393 2032 (llorl.
421 1959 453 2026 2,
483 1959 574 2024 Port,
593 1958 731 2028 Havarc.)
755 1957 898 2015 scribitur.
957 1957 1141 2034 Quamquam

78 2063 342 2122 Drakenborchius
363 2063 429 2120 lmic
451 2062 599 2138 particulae
623 2063 669 2120 hic
691 2063 785 2119 locum
797 2080 860 2121 csse
871 2075 966 2139 negat,
977 2082 1061 2138 quem
1074 2065 1145 2124 satis

78 2169 225 2237 refellant,
248 2187 312 2244 quse
335 2171 469 2227 Handius
488 2171 518 2226 in
540 2169 695 2226 Tursellini
717 2169 930 2246 voluptas
953 2179 982 2226 et
1005 2175 1061 2228 407
1086 2171 1145 2228 col·

76 2278 167 2353 legin
189 2277 258 2333 addi
280 2277 340 2333 eius
362 2276 501 2351 exemplis
524 2277 584 2333 haec
594 2285 729 2350 possunt:
742 2276 862 2350 XXIV,
874 2280 921 2345 31,
933 2276 1084 2346 l,XXVl,
1095 2279 1143 2348 38,

78 2381 369 2452 9,xxv11,3u,lt.
407 2383 498 2439 Turn
521 2401 574 2457 pro
597 2382 688 2438 enim
710 2391 804 2438 ortum
827 2393 879 2450 est,
911 2383 989 2456 quod
1014 2392 1026 2438 t
1047 2382 1143 2440 littera

78 2507 117 2546 cx
141 2487 316 2563 praecedenti
337 2489 427 2545 verbo
449 2488 570 2544 ndhaesit
586 2488 756 2562 compendio
779 2487 936 2563 particulas.
981 2488 1143 2562 (Adiuncta

77 2593 222 2670 temporis
244 2603 273 2651 at
293 2603 410 2650 mirtatae
433 2604 484 2650 aut
505 2593 623 2650 ulterius
644 2612 804 2669 progressa
825 2594 867 2650 rei
888 2593 1045 2662 notatione,
1066 2607 1143 2652 recte

78 2701 188 2758 dicitur
209 2709 280 2756 turn
303 2700 396 2756 enirn
419 2718 523 2766 vero,
545 2699 729 2757 enimvero
751 2709 822 2757 tum
844 2700 923 2757 velut
944 2699 1009 2768 IX,
1033 2702 1090 2770 26,
1114 2702 1141 2770 3,

78 2809 121 2876 Χ,
143 2809 197 2894 35,
224 2807 269 2874 13,
291 2805 394 2871 XXV,
420 2807 466 2874 18,
490 2807 523 2874 83
547 2807 598 2862 sed
620 2825 655 2862 ea
679 2805 859 2882 significatio,
883 2816 914 2862 ut
935 2805 1004 2876 dixi,
1027 2807 1143 2864 abhoc

77 2914 147 2971 loco
170 2912 257 2988 plane
279 2911 373 2968 aliena
394 2910 458 2986 est.)
468 2906 492 2982 ¹)

167 3015 240 3092 Cap.
265 3019 314 3086 34,
337 3019 353 3072 9
376 3017 416 3088 (in
439 3017 550 3094 Papirii
571 3017 719 3074 dictatoris
743 3017 875 3076 oratione
896 3027 999 3076 contra
1021 3017 1056 3092 Q.
1081 3019 1139 3076 Fa-

78 3125 163 3182 bium
182 3121 364 3200 mag.cqu.):
390 3142 493 3200 quum
510 3125 747 3182 -milites-
768 3125 993 3182 immemores
1012 3143 1141 3182 sacra-

78 3229 195 3287 menti
217 3228 370 3286 licentia
391 3229 471 3287 sola
489 3248 534 3298 se,
557 3230 617 3288 ubi
639 3230 764 3301 velint,
786 3239 1039 3288 exauctorent.
1083 3230 1141 3301 Sic,

78 3335 326 3410 quemadmodum
357 3334 444 3409 vulgo
474 3335 584 3406 editur,
611 3337 640 3394 in
664 3336 695 3392 M
718 3337 854 3412 scriptum
877 3347 938 3404 est,
971 3355 1024 3394 nec
1045 3337 1142 3412 magni

78 3441 220 3500 momenti
243 3459 306 3498 essa
327 3442 478 3512 videntur,
508 3461 572 3517 qum
594 3442 622 3498 in
644 3441 762 3516 reliquis
784 3441 931 3498 codicibus
952 3441 1068 3498 variant
1092 3443 1142 3517 (P,

98 3806 125 3874 ¹)
158 3807 222 3876 Cap.
242 3816 289 3869 st,
319 3817 346 3860 ll
374 3819 441 3860 recto
459 3811 627 3876 Tanaquillus
645 3812 740 3861 Faber:
772 3812 912 3862 tumultu
932 3813 991 3862 iam
1011 3813 1141 3864 contio·

152 3917 222 3952 nam
242 3905 432 3961 miscentem
451 3904 510 3952 indc
529 3903 633 3963 lactum,
653 3905 731 3955 semel
750 3905 845 3968 scripto
864 3921 895 3963 m,
915 3907 1059 3956 tumultu
1077 3907 1140 3956 iam

152 3996 320 4056 contione,
346 3996 436 4046 deiude
462 3999 635 4047 tumultum
660 3999 722 4047 iam
746 3998 776 4046 in
797 3997 960 4052 contione.
1008 4000 1070 4050 Loci
1096 3998 1142 4049 illa

150 4087 305 4150 significatio
323 4090 366 4152 (in
386 4089 482 4151 cont.)
501 4089 594 4154 frigida
612 4099 650 4139 est
668 4099 693 4140 et
711 4089 854 4155 subinepta.
