2810 4644
323 264 382 318 Lib.
399 264 487 314 XXV.
790 265 849 320 302

288 449 500 507 discurrunt
535 448 578 505 sd
615 466 713 505 ormo
744 455 778 503 et
800 445 842 502 sd
864 455 989 521 portes
1011 463 1050 501 ac
1082 443 1196 500 veluti
1218 453 1275 500 oet.
1324 441 1356 498 si

288 553 353 629 quis
374 553 484 610 omissa
504 555 561 612 hoc
581 554 646 610 loco
670 572 689 608 o
718 551 837 610 librario
859 552 951 608 verbs
972 561 1001 608 et
1021 560 1125 626 posteo
1146 549 1205 606 olio
1238 547 1356 604 ordine.

289 658 389 716 addito
411 659 629 728 discurrunt,
653 659 761 714 inserta
783 657 943 732 putaverit,
965 676 1068 732 porum
1089 655 1233 732 probabili
1255 661 1359 709 utetur

288 763 462 822 coniectura.
471 759 496 838 ¹)

372 868 446 944 Cep.
470 873 518 939 40,
541 871 575 925 8:
600 868 731 942 Itaque
758 867 893 924 inclusi
925 869 968 925 od
999 879 1139 942 tempus
1163 864 1357 922 moenibus

290 975 482 1050 Agrigenti
504 974 573 1030 dux
596 974 740 1030 Poenus
763 973 1173 1049 Syracusanusqueuou
1192 969 1356 1027 oonsilio

289 1081 459 1138 Muttinis
479 1097 581 1154 quom
603 1076 744 1134 fiducia
766 1079 881 1154 magis
907 1079 1017 1155 (sorio,
1039 1077 1169 1135 adhibita
1190 1073 1357 1148 transposi-

288 1187 376 1256 tione,
396 1186 457 1244 fore
479 1203 544 1242 cum
569 1184 618 1238 W.
641 1199 710 1239 non
733 1202 828 1241 cons.
851 1186 966 1262 mogis
988 1186 1089 1242 IIutt.
1118 1201 1171 1256 qu.
1195 1177 1357 1252 fiducia)

289 1292 368 1349 ousi
398 1289 522 1366 egredi
555 1297 661 1344 extro
698 1307 818 1345 muros
851 1291 896 1346 sd
934 1291 1114 1354 Himeram
1152 1295 1357 1362 posuerunt

288 1406 421 1457 cestra.
469 1399 614 1471 Apparet,
636 1395 811 1452 contrariam
834 1396 909 1452 hanc
930 1397 1064 1453 fiduciam
1091 1393 1161 1470 poni
1193 1391 1358 1466 superioris

288 1502 427 1576 temporis
450 1501 556 1570 timori,
578 1501 607 1556 in
630 1518 687 1574 qua
710 1501 920 1576 significatione
942 1501 1108 1558 mutationis
1130 1499 1356 1572 fectaeprorum

288 1618 333 1664 est
370 1607 412 1663 od
443 1618 584 1681 tempus
614 1605 833 1680 (einsiweilent,
866 1608 1022 1683 requiritur
1052 1607 1095 1662 od
1131 1604 1167 1662 id
1200 1613 1355 1678 tempus.

291 1713 359 1768 Non
382 1712 483 1786 paucis
507 1711 578 1768 Iocis
600 1711 714 1786 inipso
737 1713 763 1769 P
786 1715 831 1769 hte
853 1715 916 1771 dum
937 1731 1025 1769 voces
1047 1710 1102 1782 (sd
1123 1709 1170 1779 id)
1192 1708 1357 1764 coniunctis

289 1817 364 1874 inter
385 1835 416 1873 sc
438 1827 607 1887 nocuerunt,
628 1817 708 1874 velut
729 1819 822 1888 XXI,
844 1823 898 1888 55,
926 1823 971 1886 to,
993 1817 1104 1886 XXII,
1128 1819 1156 1883 4,
1179 1815 1208 1882 2,
1229 1812 1357 1869 XXVI.

291 1925 346 1991 40,
369 1923 404 1991 8,
426 1922 570 1994 XXVII,
591 1926 646 1992 37,
671 1926 699 1981 8.
748 1923 817 1998 (Ad
840 1925 954 1999 ipsum
977 1941 1031 1998 pro
1053 1922 1097 1979 ed
1118 1920 1152 1978 id
1174 1920 1294 1994 ipsum
1317 1937 1357 1974 ne

291 2027 355 2100 quIs
377 2035 459 2100 putet
481 2025 549 2085 ferri
571 2028 698 2086 fortasse
719 2047 816 2105 posse,
837 2038 914 2085 recte
935 2028 1070 2086 scribitur
1090 2026 1222 2095 XXIV,
1245 2027 1279 2093 3,
1309 2030 1357 2090 15,

290 2132 411 2196 XXVI,
436 2133 485 2202 24,
511 2137 521 2189 t
552 2132 674 2208 aliisque
695 2133 791 2210 locis.)
875 2135 970 2192 Peulo
995 2143 1063 2190 outo
1085 2131 1117 2208 (§
1140 2134 1171 2205 6)
1194 2131 1355 2188 admodum

310 2483 334 2550 ¹)
360 2485 423 2550 Cup,
438 2491 480 2546 38,
495 2492 584 2536 trecte
601 2488 830 2538 JocPerizonius:
849 2490 957 2539 subito
975 2503 1024 2537 ros
1037 2497 1068 2536 et
1088 2496 1268 2536 nocturnus
1287 2494 1354 2534 ter-

359 2593 412 2627 ror
430 2589 461 2626 et
478 2579 540 2628 ism
560 2580 617 2645 (pro
637 2581 744 2640 etiem)
768 2595 830 2630 non
849 2595 912 2630 sure
930 2580 1070 2630 fortunis
1095 2578 1271 2627 consilium
1293 2579 1354 2640 (no-

359 2671 480 2719 miootiro
500 2673 583 2726 coeni.
627 2673 676 2734 §t
704 2673 767 2722 miro
785 2672 828 2726 W.
847 2683 1014 2738 pervagatum
1045 2673 1139 2722 ecdicio
1164 2671 1287 2719 mendum
1308 2671 1356 2718 dc-

359 2762 466 2812 tendens
487 2773 558 2826 recto,
573 2766 623 2813 dici
642 2767 731 2815 docet:
755 2780 894 2828 quonam
919 2767 1062 2816 modo..
1084 2777 1224 2828 possem,
1257 2763 1355 2824 eogi-

359 2856 491 2904 teodum
510 2867 561 2906 est
581 2859 639 2922 (pro
658 2857 810 2922 possim),
834 2865 859 2906 ct
883 2859 910 2906 in
934 2873 964 2907 ee
988 2873 1015 2906 re
1039 2870 1091 2905 nou
1110 2855 1211 2904 dubitet
1229 2855 1264 2902 uti
1285 2856 1357 2904 eius·

359 2947 429 2995 modi
448 2949 581 3012 exemplis,
601 2952 676 3013 quale
695 2951 793 2999 honest
806 2948 949 3000 Ciceronis:
968 2959 1001 2998 ut
1018 2949 1149 3014 possint
1167 2961 1232 2995 eom
1245 2947 1356 3006 vitem,

340 3024 342 3032 ¹
360 3053 426 3102 qus
444 3043 589 3099 temen(si
600 3057 705 3106 nonpro
720 3042 803 3105 patrio
814 3043 1027 3101 redderetur‚oli0
1044 3040 1268 3105 temporo)csset
1285 3041 1356 3104 rovd-

358 3131 605 3190 dendonuturso,
625 3135 803 3199 propetrie
819 3135 965 3184 reddere.
987 3134 1155 3196 Adiungitur,
1169 3142 1199 3181 ut
1210 3132 1264 3181 fieri
1275 3133 1356 3186 solet.

359 3223 430 3272 locus
444 3239 509 3273 unus
521 3232 547 3272 et
565 3225 629 3273 alter
642 3241 675 3275 ex
685 3227 723 3286 iis,
735 3228 859 3290 ioquibus
869 3227 894 3276 io
902 3227 1017 3276 oratione
1027 3225 1356 3289 obIIquonpraeterititem-

360 3317 429 3382 poris
438 3317 514 3365 verbo
524 3331 647 3380 suspense
655 3319 743 3381 aliquo
761 3327 800 3368 est
813 3319 992 3378 inconstantis,
1002 3329 1055 3366 tum
1066 3318 1145 3377 exiis,
1154 3319 1179 3365 in
1194 3318 1285 3380 quibus
1299 3316 1356 3366 ior·

359 3422 408 3456 mie
426 3423 476 3457 uns
499 3410 583 3457 vocali
608 3411 730 3461 distentos
753 3427 896 3475 possem,
923 3411 1065 3477 poesim,
1089 3419 1215 3473 posset,
1239 3411 1357 3474 possit

358 3510 480 3565 perpetuo
491 3517 574 3551 errore
585 3512 769 3567 permutentur.
805 3504 896 3569 Itaque
909 3506 984 3554 etiem
996 3506 1021 3552 iu
1035 3505 1153 3568 proximo
1163 3503 1229 3550 libro
1235 3502 1356 3566 (XXVI)

359 3608 380 3642 o.
401 3599 447 3652 29,
467 3597 481 3642 t
502 3608 517 3640 o
535 3592 590 3652 W.‚
610 3594 699 3643 ceteris
718 3611 780 3645 sene
798 3597 959 3657 tacentibus,
986 3605 1100 3662 posset
1118 3595 1144 3643 in
1162 3595 1212 3642 hec
1231 3594 1265 3642 roi
1283 3594 1355 3644 ficies

357 3687 464 3745 eteius,
485 3700 541 3748 quse
557 3699 616 3734 rerc
635 3689 682 3746 sit,
702 3691 905 3754 comparatione:
933 3690 958 3737 si
977 3724 999 3737 ..
1019 3695 1141 3747 essent²
1163 3720 1185 3734 ..
1206 3685 1354 3738 suturam

359 3777 481 3837 sutiam
500 3792 604 3838 nouo,
624 3795 661 3828 ne
681 3820 702 3831 ..
721 3789 849 3844 posset,
878 3796 938 3844 quo
958 3781 1064 3830 minos
1084 3815 1105 3828 ..
1125 3786 1346 3841 queremus.

358 3872 431 3928 sint,
450 3871 476 3918 si
492 3909 510 3919 ..
530 3871 804 3929 intersit‚inotero
820 3889 853 3923 se
867 3883 924 3930 cet„
941 3873 1085 3922 defenditur
1098 3873 1181 3929 ite‚ut
1196 3871 1354 3920 odcssont

359 3962 396 4024 (io
417 3963 543 4011 contrsrio
563 3963 705 4028 nembrot)
725 3968 946 4016 accommodatum
967 3966 1075 4016 dicotur.
1105 3962 1274 4013 scribendum
1295 3963 1354 4012 siue

358 4053 410 4101 ulio
425 4054 583 4104 dubitatione
602 4057 717 4119 possit.
