2800 4646
580 297 635 354 197
991 292 1049 344 Lib.
1066 291 1102 343 X.

64 483 196 539 deorum
227 489 306 537 met-u
329 481 467 538 attonitos
488 481 607 539 tenebat
633 499 686 538 nec
708 487 774 537 eum
795 479 873 535 bonu
892 485 944 553 spe
966 477 1078 536 alacres
1102 479 1140 535 ed

69 586 265 661 pugnandum
288 584 415 643 iaciebat
436 584 464 659 (ξ
488 588 535 660 4),
562 585 649 661 longe
678 585 716 642 sb
745 584 877 659 ipsorum
903 581 1023 640 deorum
1045 582 1075 640 vi
1097 582 1143 640 di-

71 709 163 750 rerse
184 702 237 752 est.
283 690 365 749 Deos
385 691 525 748 Romanis
547 699 703 767 praesentss
728 689 830 746 adesse
845 697 874 744 et
892 686 991 745 fuvere
1003 687 1141 764 Papirius

72 797 281 872 interpretetus
303 805 366 853 eret
386 805 415 854 et
435 795 541 854 milites
563 797 704 855 docuerat
725 795 763 870 (c.
787 795 844 862 40,
865 795 898 851 13
923 803 952 850 et
967 789 1026 868 lt).
1074 793 1141 851 Hoc

73 903 192 960 Livium
214 911 344 960 secutum
372 881 436 959 esse
457 903 598 978 suspicor,
614 911 646 960 ut
655 903 730 959 solet
750 899 920 974 religionem
942 917 1007 957 cum
1030 897 1143 958 Rome-

73 1027 119 1064 nae
137 1007 238 1084 glories
259 1007 468 1084 amplificandos
489 1005 585 1064 studio
607 1005 792 1081 coniungere,
810 1004 1031 1080 scripsisseque:
1054 1005 1143 1062 Tum

74 1115 149 1171 iam
171 1113 318 1170 deorum
348 1112 606 1186 hominumque
640 1102 746 1169 victe
778 1109 813 1167 vi
842 1109 1047 1168 funduntur
1073 1109 1143 1166 lin-

72 1229 185 1276 teatus
207 1220 387 1276 cohortes.
432 1217 556 1290 (Victa
584 1219 619 1275 ui
645 1219 672 1276 P
695 1227 724 1274 et
745 1215 903 1274 deteriores
926 1215 1038 1290 aliquot
1064 1224 1144 1271 vete·

73 1343 183 1400 resque
207 1325 283 1398 edd.)

171 1427 307 1504 Cept3,
324 1431 359 1486 13
376 1435 507 1503 superest
524 1436 630 1503 praeter
651 1445 696 1496 ee,
718 1446 783 1502 quae
804 1427 863 1484 iem
885 1425 1052 1502 coarguisse
1074 1424 1144 1482 mihi

75 1535 200 1605 videor,
232 1553 320 1592 unum
354 1534 518 1591 etiamnunc
554 1533 782 1591 additamentum
805 1532 972 1602 tollendum,
1014 1530 1092 1605 quod
1115 1529 1143 1586 in

75 1642 180 1698 codice
207 1641 364 1717 archetypo
388 1639 464 1697 Livii
499 1638 595 1695 verbis
635 1657 701 1696 cum
740 1657 854 1697 summo
881 1635 1028 1694 sententies
1051 1634 1143 1692 detri-

76 1756 177 1804 mento
201 1765 235 1803 sc
255 1747 352 1821 potius
372 1745 489 1803 interitu
522 1743 661 1800 insertum
692 1755 744 1803 est.
789 1745 836 1803 De
862 1741 1041 1803 Samnitibus
1068 1739 1144 1797 enim

77 1852 140 1928 qui,
162 1870 251 1926 quum
273 1851 391 1926 proeliis
410 1850 447 1908 ed
470 1847 633 1906 Cominium
656 1859 685 1906 et
704 1849 893 1925 Aquiloniam
916 1869 974 1906 non
998 1845 1144 1906 interfuis-

77 1967 152 2028 sent,
175 1959 325 2016 Romanos
346 1957 478 2013 timentes
500 1955 653 2026 errabant,
680 1956 722 2013 sic
743 1957 892 2014 scribitur:
915 1955 1042 2012 Prima
1065 1953 1146 2010 luce

79 2063 340 2137 incerti,qusm
361 2061 396 2118 in
417 2069 559 2136 partem
580 2061 816 2120 intenderent
836 2063 917 2130 iter,
939 2068 1089 2136 repente
1110 2058 1145 2114 in

78 2171 201 2244 fugem
228 2175 517 2225 consternentur
546 2169 739 2243 conspecti
769 2169 812 2226 sb
847 2167 1054 2242 equitibus,
1083 2164 1145 2238 qui

78 2292 255 2350 egressos
270 2283 375 2330 nocte
389 2273 432 2330 sb
448 2269 1144 2348 oppid0(Aquiloniealioqvid.e.42‚4)sam·

79 2381 181 2438 nites
200 2379 393 2455 persecuti
407 2378 941 2437 videreutmultitudinemnon
956 2376 1144 2446 vallo‚non

79 2485 313 2543 stationibus
335 2483 535 2552 firmetem3
561 2498 763 2559 conspecte
784 2495 819 2542 et
842 2504 885 2543 ex
905 2478 1145 2554 murisAqui-

80 2593 188 2650 loniae
217 2609 258 2647 es
284 2589 484 2647 multitudo
512 2597 591 2646 erat
616 2590 764 2666 iamque
792 2591 899 2648 etiem
929 2585 1146 2662 legionariae

79 2699 258 2754 cohortes
279 2696 539 2771 sequebantur.
589 2694 819 2755 Constemeutur
840 2697 869 2754 in
891 2690 992 2770 lugam
1013 2691 1146 2750 homines

81 2823 140 2862 non
164 2803 244 2878 quod
265 2801 480 2883 conspiciuntpr
501 2801 539 2858 eb
561 2801 705 2876 equitibus
728 2803 819 2879 (quod
843 2801 899 2878 ipsi
911 2801 1081 2876 plerumque
1102 2797 1146 2872 ig-

81 2909 219 2982 norent),
241 2907 312 2980 sed,
342 2906 367 2963 si
393 2906 480 2962 valde
500 2907 594 2963 timidi
615 2915 683 2965 sunt
728 2907 772 2984 (ut
792 2907 821 2963 hi
843 2916 905 2963 tum
927 2905 1034 2980 erent),
1068 2903 1147 2979 quod

80 3015 195 3089 equites
217 3012 341 3070 hostium
365 3021 586 3086 conspexerunt,
608 3021 671 3083 eut,
694 3013 718 3070 si
740 3012 828 3088 paulo
851 3011 1020 3088 minus‚„eb
1042 3009 1148 3085 equiti-

82 3123 137 3178 bns
175 3117 402 3186 incursantibus3
437 3116 549 3192 (itsque
580 3117 667 3175 etiem
692 3118 947 3175 Weissenbornius
976 3116 1074 3192 potius
1096 3134 1147 3172 ex-

82 3225 209 3302 spectari
231 3224 314 3282 dicit:
341 3223 553 3298 conspectis
582 3221 791 3297 equitibus).
848 3221 1014 3281 Ridiculum
1045 3221 1149 3278 deinde

81 3351 204 3408 prorsus
226 3339 287 3387 est:
304 3328 499 3404 conspecti
521 3330 564 3386 eb
587 3327 940 3404 equitibus‚quieos
962 3327 1148 3390 sidereum

85 3439 150 3512 ipsa
173 3436 249 3493 enim
272 3437 334 3493 haee
357 3445 400 3491 est
422 3434 576 3492 multitudo
597 3453 655 3492 non
677 3433 771 3504 vallo,
798 3451 857 3489 non
893 3431 1067 3489 stationibus
1100 3431 1148 3486 fir·

83 3551 174 3599 mata.
219 3540 327 3600 Omnis
355 3549 435 3596 recto
457 3549 541 3596 erunt
562 3540 677 3597 sublato
699 3537 904 3613 conspecti,
938 3545 970 3593 ut
991 3535 1151 3594 scribatur:

82 3648 117 3702 in
141 3647 263 3722 fugem
286 3654 575 3703 consternentur
596 3648 638 3704 eb
661 3643 861 3720 equitibus,
880 3642 1006 3717 quiete.
1050 3645 1150 3716 Aper-

81 3753 227 3810 tissimum
250 3761 295 3808 est
316 3759 422 3820 eutem,
445 3751 521 3808 unde
540 3760 640 3808 notum
665 3749 703 3807 sit
722 3748 807 3806 huius
830 3748 910 3804 vocis
928 3747 1068 3805 sddeudrs
1081 3765 1150 3804 con·

81 3859 189 3915 silium.
233 3855 371 3930 Sequitur
392 3855 467 3912 enim
491 3856 569 3931 apud
594 3855 719 3924 livium,
740 3863 846 3929 prseter
867 3853 978 3928 equites
1000 3853 1075 3923 illos,
1100 3852 1150 3926 qui

81 3965 111 4020 in
135 3961 282 4024 Samnites
303 3960 382 4017 visos
405 3959 588 4018 incurrerunt
609 3979 718 4034 eosque
732 3960 956 4035 dissipaverunt,
979 3958 1064 4014 etiem
1078 3957 1151 4014 elios

78 4071 253 4138 Romanos,
284 4085 372 4141 quum
404 4065 521 4123 eosdem
550 4085 587 4122 ex
615 4064 780 4141 Apollonios
810 4063 900 4121 muris
922 4063 1150 4139 conspexissent,
