2822 4648
592 273 629 328 97
980 273 1038 322 Lib.
1057 273 1106 323 1v.

160 454 341 531 Capeno:
365 456 613 514 Pestilentior
633 456 718 513 inde
740 466 1057 514 annus—tentum
1080 478 1148 516 me-

75 561 1147 639 tumvnstitetisinurbeagrisquefeeit‚utnontnod0prae-

72 663 193 720 dandi
218 683 331 724 certes
353 667 548 742 quisquam
571 687 616 724 ex
639 686 729 742 egro
751 669 912 726 Romano
936 688 1006 724 non
1029 671 1147 728 exiret

77 803 113 812 -
139 803 191 838 -‚
215 772 276 828 sed
298 773 396 829 ultro
419 773 632 840 Fidenates,
652 773 712 846 qui
734 774 901 848 seprimo
925 781 987 829 aut
1011 776 1146 849 oppido

74 889 138 932 aut
162 877 349 935 montibus
371 887 432 940 aut
454 880 568 936 muris
590 887 797 946 tenuerant,
819 879 1075 953 populabundi
1091 881 1146 937 de·

74 983 298 1041 scanderent
319 985 352 1041 in
376 1003 498 1058 agrum
522 985 733 1041 Romanum.
782 985 850 1041 Duo
872 985 902 1040 in
922 985 978 1040 hoo
990 985 1145 1042 verborum

72 1088 208 1144 circuitu·
228 1088 383 1145 manifesta
409 1089 608 1146 additamenta
629 1099 712 1156 sunt,
744 1107 833 1145 unum
863 1109 882 1145 a
904 1091 941 1148 T.
960 1089 1060 1145 Febro
1083 1090 1144 1147 ani·

74 1195 282 1262 modversn1n‚
315 1195 361 1250 eui
383 1211 457 1249 unus
485 1193 582 1267 paruit
603 1193 674 1250 civis
697 1194 758 1249 eius
781 1193 867 1267 longe
887 1192 1008 1252 inferior
1033 1197 1145 1254 Douie·

75 1301 142 1360 tius.
191 1301 272 1356 Nem
294 1299 431 1374 pestilens
454 1317 546 1356 annus
567 1317 626 1355 non
649 1307 777 1355 metum
799 1299 943 1355 vastitatis
966 1298 1068 1370 efficit,
1094 1303 1145 1359 sed

75 1405 313 1475 vastitatem,
347 1424 399 1461 nee
421 1413 513 1461 metus
535 1405 696 1472 vastitatis,
726 1404 777 1460 sod
802 1405 926 1460 restitas
948 1415 990 1474 et,
1024 1407 1145 1465 desertis

74 1512 155 1586 egris
178 1510 383 1585 domibusque,
406 1510 477 1584 lugo
498 1511 647 1566 hominum
672 1509 816 1584 prohibet,
838 1527 874 1565 ne
896 1510 1050 1584 quisquam
1073 1531 1145 1586 prae·

72 1617 164 1673 ‹lendi
190 1633 280 1672 carisa
303 1628 397 1672 exest.
450 1617 555 1688 Itaque
577 1627 671 1671 metu
680 1634 708 1670 nr
732 1624 855 1688 apparet
882 1616 1040 1690 abaliquo
1064 1619 1145 1675 eddi·

72 1733 146 1780 tum.
171 1723 304 1796 quinon
326 1721 504 1786 attendisset,
526 1739 584 1794 quo
607 1720 768 1794 significatu
791 1730 928 1778 tantum
952 1723 1145 1782 vastitatis

73 1829 230 1884 diseretor.
275 1827 351 1882 Illud
373 1826 532 1882 cuiusmodi
558 1845 621 1882 esso
642 1827 752 1892 dinem,
786 1826 865 1899 quod
890 1827 1144 1888 Weissenbornius

73 1935 111 1990 su
136 1931 351 1990 defendendum
379 1933 455 1988 huno
482 1923 590 1988 metum
618 1931 763 1988 vastitatis
793 1931 937 2004 pestilenti
960 1953 1036 1990 anno
1059 1934 1145 1992 effee-

73 2053 136 2096 turn
160 2048 324 2112 comperet,
347 2038 425 2111 quod
441 2037 565 2106 xxm,
592 2041 626 2095 14
643 2037 784 2104 homines,
808 2035 858 2109 qui
879 2036 988 2108 timent,
1001 2059 1038 2096 ne
1056 2058 1144 2114 agros

74 2163 145 2200 suos
171 2144 264 2200 hostis
284 2142 449 2216 populetur,
471 2150 579 2198 mettun
602 2159 739 2213 agrorum
763 2141 959 2216 populationis
981 2163 1144 2218 proponere

72 2250 181 2306 animis
203 2247 360 2305 dicuntur?
410 2247 524 2304 Deinde
553 2257 650 2303 autem
684 2248 808 2322 pupugit
835 2248 962 2306 animuin
999 2251 1144 2325 diIIgentis

72 2355 212 2422 hominis,
234 2353 357 2422 Dukeri‚
378 2373 563 2410 murorum
585 2353 623 2409 ab
646 2353 783 2428 oppido
800 2354 945 2428 separatio
964 2355 1044 2426 (aut
1065 2375 1143 2432 opp.

73 2469 139 2516 ent
160 2469 273 2519 mont.
296 2469 357 2514 eut
383 2459 525 2533 muris);
548 2458 647 2532 itaque
662 2476 761 2514 muros
783 2459 966 2516 castellorum
989 2471 1040 2516 aut
1061 2463 1143 2518 vieo-

72 2587 139 2623 rurn
172 2567 348 2622 munitorum
370 2563 573 2638 intelligendos
599 2573 693 2640 putet.
749 2563 807 2620 Sed
835 2581 928 2636 neque
959 2583 1079 2622 muros
1103 2567 1144 2622 sie

71 2673 232 2746 quiequam
257 2671 389 2728 absolute
411 2671 500 2741 dixit,
527 2669 687 2744 presertim
716 2669 824 2743 oppido
855 2669 884 2724 in
906 2670 1007 2728 eadem
1029 2681 1143 2730 senten-

69 2779 116 2834 tie
139 2777 297 2853 appellato,
318 2795 413 2851 neque
434 2775 599 2832 huiusmodi
620 2774 740 2832 castelle
763 2774 852 2831 muris
874 2777 985 2833 munite
1006 2777 1035 2834 in
1057 2779 1144 2836 Fide-

71 2883 136 2940 nati
168 2901 241 2957 egro
269 2891 320 2939 eut
341 2889 606 2938 commemorantur
626 2897 754 2954 unqusrn
786 2899 804 2936 a
827 2880 913 2937 Livio
935 2890 985 2937 aut
1007 2901 1070 2940 esse
1091 2903 1144 2959 po·

71 2999 201 3046 luerunt.
246 2987 370 3046 Addidit
391 2997 454 3044 aut
475 2986 611 3062 oppido
634 2985 748 3059 aliquis,
772 2985 821 3059 qui
843 2986 980 3060 oppidum
995 3007 1142 3048 murorum

71 3095 275 3170 appellatione
296 3093 436 3150 contineri
457 3112 514 3148 nnn
537 3093 665 3148 videbat.

161 3198 235 3274 Cup.
266 3202 322 3266 24,
359 3203 375 3256 5
408 3199 469 3266 (ubi
503 3199 660 3274 exponitur
687 3198 778 3254 Mem.
811 3195 925 3254 AEmilii
952 3196 988 3252 <le
1017 3216 1145 3256 censurae

71 3305 266 3362 diuturnitate
289 3304 445 3360 minuenda
467 3303 591 3376 orutio):
615 3321 728 3378 greve
750 3321 831 3360 esse
853 3301 982 3358 iisdem
1005 3321 1069 3377 per
1090 3315 1145 3362 tot

72 3429 192 3468 snnos
211 3427 343 3483 magne
365 3419 469 3484 purte
490 3409 575 3465 vitae
596 3408 779 3465 obnoxios
801 3409 935 3466 vivere.
975 3409 1043 3465 Non
1067 3429 1144 3484 quae·

150 3701 212 3741 noto
231 3705 324 3754 genet-e
345 3693 453 3750 dicitur3
486 3699 572 3756 potest
590 3705 622 3737 rx
645 3696 674 3748 1,
695 3695 744 3750 23,
766 3693 794 3738 t:
823 3690 964 3738 iniurius
986 3717 1016 3726 -
1037 3699 1068 3738 ot
1086 3706 1144 3753 opo

152 3797 257 3846 regern
283 3791 426 3832 nostrum
458 3781 618 3832 Cluilium
643 3797 775 3831 oensem
802 3783 938 3832 huiusce
966 3795 1038 3831 esso
1061 3783 1143 3832 belli

151 3877 283 3924 audisse
309 3875 425 3924 videor
455 3887 514 3922 nec
544 3881 573 3921 te
602 3873 717 3922 dubito
739 3901 768 3910 -
789 3875 900 3922 eedem
923 3889 985 3938 prro
1003 3883 1032 3922 te
1052 3874 1143 3927 serre.

150 3967 222 4016 Nihil
240 3976 364 4032 preterea
377 3967 460 4016 simile
478 3966 563 4027 legero
583 3965 698 4025 momini3
719 3981 776 4015 num
791 3977 882 4024 cetero,
902 3967 927 4014 in
941 3967 1032 4029 quihus
1044 3969 1144 4019 dicendi

152 4061 222 4108 notio
242 4061 323 4108 audiri
343 4061 449 4118 videtur,
469 4058 535 4106 elios
556 4065 616 4107 sunt
634 4060 741 4120 generis.

134 4166 241 4204 ssovrou
256 4166 411 4206 esu-..nm
930 4153 944 4200 7
