2810 4644
618 296 675 353 327
973 293 1029 344 laib.
1043 295 1157 346 nvn.

121 482 200 539 disse
220 482 360 552 verbum,
394 482 440 540 cui
475 481 640 539 adiunctum
662 478 749 538 luerit
773 481 843 538 illud
866 481 908 538 ab
944 481 1071 556 signis3
1105 500 1173 540 nam

122 587 201 662 quod
221 587 252 644 in
273 586 445 646 editionibus
467 595 534 645 aute
555 585 832 658 Weissenbornium,
855 585 945 644 altero
963 604 1029 643 nec
1049 587 1173 658 sublato,

121 692 302 750 scribebatur
332 712 399 751 nco
427 694 471 751 ab
499 691 615 768 signis
652 691 831 749 absistere
866 689 934 768 (pro
961 692 1173 768 subsistere)

121 799 237 856 cibum
260 799 465 876 capientes,
499 807 528 856 et
549 795 687 855 audacem
717 799 903 856 mutationem
931 806 961 856 et
983 815 1065 855 usum
1086 799 1175 856 habet

121 902 222 974 derbi,
252 906 329 980 quod
353 915 397 963 est
421 905 616 970 absistere,
649 903 805 960 admodum
827 912 999 980 suspectum.
1041 903 1078 960 ld
1098 885 1173 962 enim

121 1011 200 1086 apud
210 1010 304 1068 bonos
314 1030 409 1086 prosas
420 1009 558 1068 orationis
569 1009 723 1084 scriptores
741 1009 778 1066 de
792 1009 955 1067 desistendo
971 1027 1006 1066 ac
1018 1009 1173 1068 desinendo

120 1115 247 1192 ponitur,
269 1116 305 1172 de
326 1127 406 1174 motu
427 1135 463 1174 ac
483 1115 656 1174 discessione
677 1133 734 1172 non
766 1115 870 1174 dicitur
901 1116 956 1173 nisi
976 1115 1005 1172 in
1027 1135 1085 1173 uno
1109 1113 1173 1174 (2ae-

121 1221 195 1280 saris
227 1221 293 1278 loco
325 1241 465 1298 perquam
498 1214 636 1293 dubio.¹)
692 1219 751 1280 Sed
780 1220 867 1278 aliam
901 1229 1041 1296 proetsrea
1072 1239 1173 1280 vocem

121 1346 219 1386 errore
240 1327 351 1386 librarii
373 1324 511 1386 omissam
533 1326 677 1402 suspicor;
708 1345 776 1384 nam
809 1325 887 1401 quod
907 1335 1049 1402 negantur
1069 1327 1173 1384 milites

122 1435 237 1492 cibum
260 1433 445 1509 capientes
466 1431 635 1501 substitisse,
666 1431 798 1507 primurn,
826 1431 850 1488 si
872 1449 908 1487 aa
928 1440 1004 1489 esset
1024 1432 1171 1496 sententia,

122 1540 221 1597 Livius
257 1538 418 1614 scripsisset
452 1557 493 1594 ne
518 1537 635 1595 eibum
669 1537 814 1613 quidem
847 1537 1035 1613 capientes
1068 1537 1171 1616 (quum

121 1645 248 1703 maxime
280 1644 357 1703 credi
389 1643 500 1718 posset)
536 1643 764 1713 substitisse3
796 1642 898 1700 deinde
928 1643 1018 1702 nimia
1048 1645 1109 1702 hsce
1129 1655 1173 1702 cst

120 1751 267 1809 festinatio
295 1767 449 1822 rerumque
475 1756 584 1806 ustura
613 1769 794 1826 repugnans,
826 1749 939 1807 etiamsi
970 1748 1072 1806 milites
1104 1749 1172 1807 solis

120 1855 209 1913 aridis
230 1855 301 1913 cibis
322 1853 429 1912 famem
452 1853 582 1929 explesse
603 1865 746 1930 putemus,
773 1866 805 1912 ut
825 1863 903 1912 totos
924 1855 985 1913 dies
1006 1874 1065 1912 non
1084 1855 1171 1912 iuter·

119 1962 208 2020 misso
230 1961 330 2018 itinere
357 1961 450 2018 ierint.
498 1961 696 2018 Romanorum
725 1961 840 2036 quidem
866 1960 931 2037 puls
961 1979 1054 2036 neque
1074 1961 1172 2037 parari

119 2085 213 2142 neque
238 2067 283 2124 edi
304 2066 359 2124 nisi
380 2066 480 2123 itinere
493 2066 652 2141 interrupto
666 2075 789 2142 poterat.
838 2067 943 2142 Itaque
963 2067 1033 2124 mihi
1054 2067 1171 2124 dubium

119 2191 177 2230 non
199 2173 322 2242 videtur,
352 2171 420 2246 quin
442 2171 542 2228 Livius
564 2170 722 2246 scripserit:
751 2170 843 2228 nihil
874 2171 1009 2229 morari
1039 2190 1102 2230 neo
1129 2173 1171 2230 ab

118 2277 236 2354 signis
259 2275 477 2354 [discedere]
501 2295 562 2335 nec
584 2277 788 2334 subsistere
812 2273 911 2353 [nisi]
943 2277 1056 2334 cibum
1078 2278 1171 2353 capi·

119 2393 232 2444 entes.

202 2487 275 2564 Cap.
298 2493 346 2558 47,
373 2493 417 2548 10.
465 2488 561 2562 Quum
583 2488 752 2545 Hasdrubal
778 2487 872 2564 prima
893 2487 993 2562 vigilia
1016 2487 1172 2545 exercitum

118 2595 222 2651 castris
253 2593 399 2652 eduxisset
430 2594 555 2652 Metauri
586 2593 711 2651 fluminis
743 2594 910 2651 transeundi
942 2611 1040 2663 causa,
1072 2593 1170 2651 Livius

119 2717 223 2774 agmen
246 2719 264 2756 a
292 2700 411 2758 dacibus
444 2700 587 2758 desertum
619 2699 730 2774 palari,
760 2699 864 2756 milites
892 2699 976 2774 signa
1011 2699 1171 2774 relinquere

118 2805 249 2880 coepisse
271 2817 379 2866 narrat.
424 2805 649 2870 Hasdrubal,
671 2806 749 2862 dum
771 2805 832 2862 lux
854 2805 922 2862 ism
945 2804 1171 2862 ostendentis

119 2911 174 2980 (sio
196 2912 255 2969 PM
278 2912 375 2982 Cant,
397 2914 471 2971 Lov.
499 2917 529 2981 i,
560 2911 671 2972 Hearn.
698 2915 723 2981 l,
756 2909 938 2970 Gronoviani
963 2911 1034 2984 tres)
1069 2911 1172 2987 signa

118 3017 214 3076 ferre
235 3018 347 3076 iubet:
372 3028 406 3076 et
426 3038 489 3095 per
521 3017 680 3075 tortuosi
712 3016 830 3074 amnis
859 3017 958 3075 sinus
979 3015 1171 3092 flexusque

117 3140 194 3180 cum
227 3142 384 3182 errorem
416 3125 568 3182 volvens
602 3121 696 3180 haud
735 3122 880 3180 multum
913 3123 1170 3199 processisset,

118 3229 315 3305 ubiprims
337 3229 397 3287 lux
430 3231 624 3288 transitum
657 3239 903 3304 opportunum
935 3229 1170 3294 ostendisset,

117 3335 350 3394 transiturus.
394 3335 464 3394 Sed
493 3353 568 3392 cum
597 3344 651 3392 cet.
707 3335 796 3404 Haec,
832 3353 896 3408 quae
928 3345 956 3391 et
985 3344 1121 3410 corrupta
1142 3343 1171 3390 et

135 3511 161 3580 ¹)
181 3517 221 3566 De
240 3515 308 3565 Gall.
327 3517 359 3578 V,
387 3521 430 3567 1⁷:
453 3517 599 3582 Repente
623 3517 766 3581 (Britanni)
789 3532 826 3565 ex
844 3517 996 3568 omuibus
1018 3517 1170 3582 partibus

187 3611 226 3658 ad
245 3609 458 3674 pabulatores
476 3611 750 3668 convolaverunt,
774 3611 824 3658 sic
842 3611 889 3658 uti
907 3609 944 3658 ab
963 3611 1070 3672 siguis
1087 3609 1167 3672 legi-

187 3702 369 3765 onibusque
395 3717 456 3752 non
480 3703 692 3755 absisterent.
750 3699 810 3752 Nou
838 3709 923 3766 potest
950 3703 981 3752 de
1017 3703 1170 3752 discedendo

187 3793 311 3858 intelligi;
330 3807 411 3857 neque
430 3797 497 3845 euim
515 3797 548 3844 ad
573 3797 648 3859 signa
663 3794 830 3858 legionesque
849 3791 955 3844 fucrant
991 3794 1100 3844 Videtur
1118 3795 1169 3858 sig·

185 3886 293 3943 uideari,
323 3902 355 3936 ne
381 3887 414 3936 ab
440 3889 519 3951 siguis
545 3889 646 3952 quidem
676 3897 703 3937 et
728 3885 873 3950 legionibus
901 3887 990 3937 Gallos
1008 3887 1168 3938 abstinuisse.

189 3978 271 4028 Debet
293 3979 384 4028 saltem
412 3981 488 4028 verti:
514 3979 569 4028 sich
593 3979 662 4030 nieht
689 3979 744 4030 isru
767 3981 871 4030 bieltsn.
912 3980 1003 4030 Fuitne
1027 3981 1169 4030 abstine-

188 4071 277 4120 renti
