2826 4650
768 289 804 345 ³4

259 469 344 528 otiam
368 469 481 528 minora
500 471 530 527 in
552 471 625 528 Lov.
640 477 667 539 l,
688 469 821 540 Gaertn,
842 469 946 546 fragm.
958 471 1095 540 Hatera,
1117 470 1317 544 Por-tugallico

259 577 394 652 reperiri,
415 577 444 634 in
466 577 605 635 editiones
626 579 714 636 etiam
735 585 861 652 recepta,
883 576 1047 634 meminisse
1068 576 1178 633 videor.
1236 575 1319 633 Alibi

258 681 320 740 iure
341 681 467 740 offensus
489 693 533 740 est
553 693 712 754 comestor,
743 683 808 758 ipsa
830 683 970 740 correctio
991 683 1085 738 minus
1106 679 1176 739 felix
1197 691 1257 748 est,
1286 689 1318 737 ut

259 787 314 858 IV,
340 791 368 858 6,
394 793 424 858 l,
451 790 501 846 nbi
529 791 558 848 in
581 791 668 852 Voss.
695 791 729 858 2,
757 789 829 845 Lov.
860 791 876 846 3
906 799 972 864 post
994 788 1171 846 vertisset
1202 788 1318 844 additur

259 904 293 951 et
322 895 461 964 eonsul;
493 915 560 953 nam
588 897 746 954 subiectum
769 895 850 952 verbi
881 895 1074 972 respondit
1099 893 1176 950 male
1207 893 1317 964 deesse,

259 999 442 1058 manifestum
464 1009 523 1071 est3
545 1001 595 1058 sed
618 1001 718 1060 Livius
740 1019 845 1058 nomen
866 1001 961 1076 ipsum
983 1001 1100 1058 alterius
1122 1001 1246 1058 consulis
1264 1019 1317 1076 po·

259 1105 350 1164 ruisse
371 1107 499 1176 videtum
521 1117 555 1164 et
576 1125 694 1182 prorsus
714 1125 838 1182 pravum
860 1117 913 1166 est.

342 1211 389 1270 Ex
410 1213 454 1270 his
476 1213 563 1289 igitur
584 1213 730 1271 codicibus
757 1213 799 1270 ita
825 1195 1016 1288 comparatis,
1052 1221 1084 1269 ut
1110 1221 1139 1270 et
1167 1213 1318 1288 dignitatis

258 1319 487 1396 prestantiaeque
522 1319 596 1376 ratio
633 1321 776 1378 habeatur
807 1329 836 1376 et
869 1335 1025 1376 consensus
1058 1317 1261 1394 dissensusque
1288 1327 1319 1377 et

259 1435 418 1500 quaeratur,
452 1442 539 1499 quam
562 1424 733 1499 scripturam
755 1443 873 1500 exque
896 1433 989 1482 ortam
1013 1441 1076 1481 esse
1097 1425 1248 1499 probabile
1269 1425 1317 1496 sit,

258 1531 416 1608 reperitur,
444 1531 512 1605 quid
533 1530 562 1586 in
587 1529 686 1588 codice
708 1533 865 1607 archetypo
886 1531 985 1598 uranu
1007 1531 1148 1605 reliquum
1169 1531 1317 1605 negotium

258 1637 383 1714 positum
405 1645 465 1706 est,
500 1645 533 1693 ut
556 1637 632 1705 dixi,
665 1637 694 1694 in
717 1637 824 1694 codicis
846 1637 994 1712 archetypi
1016 1637 1158 1712 scriptura
1186 1637 1318 1708 adrem,

258 1743 444 1811 sententiam,
477 1742 638 1798 orationem
663 1742 813 1812 Latinam,
846 1743 922 1802 Livii
943 1761 1026 1800 usum
1049 1743 1192 1818 exigenda
1214 1753 1257 1814 et,
1290 1743 1318 1800 si

259 1849 327 1923 quid
346 1849 505 1922 discrepet,
538 1848 649 1905 indiciis
671 1859 700 1906 et
721 1851 798 1907 notis
819 1849 948 1906 veritatis
969 1851 1191 1925 persequendis,
1213 1849 1242 1906 in
1264 1869 1318 1906 ex-

259 1955 428 2030 cogitandis,
452 1973 515 2029 quae
536 1955 571 2011 iis
593 1963 661 2030 apte
682 1955 867 2025 conveniant,
888 1954 1149 2030 probabilitateque
1169 1955 1220 2026 iis,
1251 1973 1319 2029 qnae

257 2061 421 2130 nominavi,
450 2061 601 2117 momentis
630 2061 832 2118 examinanda.
895 2060 1010 2118 Liuium
1038 2069 1104 2136 post
1135 2061 1318 2133 Rhenanum,

258 2165 411 2226 Gelonium
443 2166 515 2224 alios
544 2165 665 2224 stataria
696 2185 786 2242 opera
815 2183 849 2223 ac
869 2175 1009 2242 perpetua
1035 2166 1239 2223 recensendum
1261 2167 1317 2224 sibi

259 2272 380 2348 sumpsit
401 2272 506 2329 saeeulo
528 2272 650 2347 septimo
675 2272 787 2329 decimo
810 2273 853 2329 lo.
878 2271 965 2329 Frsd.
987 2271 1169 2342 Gronovius,
1200 2274 1245 2330 vir
1273 2273 1319 2330 in-

259 2379 361 2453 genio,
392 2378 513 2448 iudicio,
543 2377 710 2435 eruditionis
737 2378 766 2434 in
788 2377 899 2435 Latinis
928 2377 1030 2434 litteris
1060 2380 1145 2455 copia
1165 2388 1319 2455 praestans,

257 2494 319 2541 arte
341 2484 468 2542 nondum
498 2493 548 2541 aut
575 2485 653 2559 quod
681 2485 720 2541 ad
746 2503 807 2542 rem
835 2486 1055 2560 grammaticam
1085 2485 1186 2542 attinet
1210 2493 1260 2542 aut
1286 2485 1319 2543 in

257 2589 357 2647 critica
377 2589 536 2647 lectitanda
557 2591 643 2666 plane
665 2591 832 2666 perpolitus,
854 2590 1041 2666 plurimisque
1061 2593 1176 2666 egregie
1198 2611 1214 2648 e
1236 2593 1318 2648 eodi-

258 2697 338 2754 cibus
360 2705 389 2752 et
410 2696 573 2753 coniectura
595 2697 770 2767 emendatis,
804 2715 869 2754 eam
901 2699 1049 2756 constituit
1070 2699 1145 2756 Livii
1176 2697 1318 2756 orationis

258 2801 393 2870 formam,
415 2819 479 2875 quas
501 2801 538 2858 ad
560 2809 689 2857 nostram
711 2812 824 2860 aetatem
846 2802 907 2860 fere
928 2815 1045 2861 servata
1066 2815 1118 2863 est.
1173 2805 1243 2861 Eius
1265 2823 1318 2861 ve-

258 2907 344 2982 stigia
374 2907 445 2982 legit
472 2907 729 2982 auctoritatemque
762 2909 863 2966 merito
894 2909 1044 2985 amplexus
1074 2919 1133 2980 est,
1162 2911 1317 2968 materiam

258 3013 385 3089 amplam
401 3012 573 3088 plenamque
592 3015 726 3088 exposuit
737 3023 765 3072 et
777 3033 813 3070 ex
828 3015 944 3090 optimis
961 3016 1107 3073 codicibus
1129 3025 1157 3073 et
1178 3035 1215 3073 ex
1236 3015 1318 3073 dete·

259 3119 383 3178 rioribus
403 3121 491 3176 homo
520 3119 635 3176 sedulus
661 3139 697 3177 ac
718 3121 855 3196 diligens,
883 3121 987 3178 iudicio
1009 3131 1103 3192 recto,
1128 3121 1178 3178 sed
1200 3121 1318 3180 minime

258 3237 353 3293 acuto,
374 3225 490 3301 ingenio
512 3225 549 3282 ad
568 3227 681 3282 occulta
702 3235 731 3283 et
752 3227 875 3284 obseura
894 3227 1066 3284 invenienda
1081 3229 1196 3303 exiguo,
1218 3228 1318 3286 Latini

258 3332 398 3389 sermonis
428 3349 580 3406 rerumque
609 3333 864 3407 grammaticarum
888 3347 973 3388 sensu
995 3331 1152 3403 subtiliori,
1181 3335 1259 3409 quod
1286 3333 1318 3391 in

258 3437 482 3495 Burmannianae
504 3437 661 3514 disciplina
682 3439 799 3495 alumno
821 3437 983 3513 exspectari
1003 3447 1132 3513 poterat,
1155 3441 1317 3511 destitutus,

259 3543 337 3618 quod
361 3543 431 3600 satis
452 3542 543 3619 ipsius
573 3545 667 3602 oratio
695 3545 796 3602 novitii
817 3561 930 3620 semper
952 3543 1056 3601 coloris
1078 3553 1107 3600 et
1127 3561 1225 3601 crasso
1247 3561 1316 3600 con-

258 3658 338 3706 texta
360 3648 408 3706 lilo
432 3649 564 3706 ostendit.
604 3651 697 3707 Multa
712 3649 969 3707 Drakenborchius
987 3669 1005 3706 a
1021 3649 1163 3720 Rubenlo,
1186 3650 1317 3707 Antonio

258 3763 287 3811 et
306 3755 422 3813 Jacobo
438 3755 606 3824 Perizoniis,
627 3766 711 3832 patre
732 3755 857 3831 filioque,
878 3755 1001 3826 Ruellio,
1024 3754 1153 3826 Duker0‚
1176 3756 1256 3812 cuius
1278 3755 1318 3812 ad

258 3878 357 3917 omnes
381 3859 457 3918 Livii
478 3860 568 3918 libros
589 3862 790 3919 adnotationes
825 3861 952 3919 edendas
979 3861 1107 3937 accepit,
1139 3862 1225 3919 etism
1254 3862 1317 3919 siue

257 3975 397 4041 perpetuo
419 3965 549 4024 codicum
571 3986 625 4026 usu
646 3968 769 4043 plenave
787 3967 951 4042 cognitione
972 3968 1114 4026 subtiliter
1127 3977 1156 4026 et
1170 3967 1317 4042 eleganter

258 4072 423 4148 excogitata
455 4071 484 4128 in
523 4073 736 4130 commentariis
777 4073 882 4149 posuit
946 4073 1058 4132 Eodem
1090 4073 1151 4131 lere
1185 4082 1317 4149 tempore
