2810 4644
567 276 626 333 323
926 273 1107 324 Libxxvll.

153 455 226 532 Cap.
262 459 315 524 ts,
345 461 363 514 6
395 457 436 530 (in
465 457 656 533 descriptione
676 457 743 528 loci,
772 458 821 516 ubi
843 458 1013 517 Hasdrubal
1033 479 1126 535 prope

67 561 217 620 Baeculam
239 582 258 620 a
282 563 417 639 Scipione
438 563 532 620 victus
561 563 634 634 est):
664 580 740 620 eam
768 581 911 638 quoque
948 565 1124 642 (planitiem)

64 669 189 726 altera
212 669 363 744 crepido
393 668 486 726 haud
514 666 664 726 facilior
687 668 721 724 in
744 687 930 727 ascensum
953 672 1123 736 ambibat.

67 773 143 832 Cum
165 773 388 832 insolentissimo
411 775 467 831 hcc
487 774 624 850 loquendi
645 793 750 850 genere
772 773 913 841 (facilis
945 777 980 834 in
1002 795 1124 836 ascen-

67 901 152 948 sum,
173 889 206 938 ut
228 880 273 950 sit,
297 881 346 956 qui
369 881 455 938 facile
485 881 660 951 ascenditur)
689 879 943 939 Weissenbornius
974 897 1125 960 comparat

66 989 109 1057 ΙΙ,
139 991 185 1056 ts,
208 988 236 1056 2,
265 986 315 1043 ubi
343 985 472 1043 facilis
494 987 626 1044 absolute
652 985 757 1043 dicitur
779 987 987 1063 (nacbgiebig),
1008 989 1125 1048 additur

65 1103 165 1150 autem
196 1093 233 1149 de
261 1091 363 1150 effectu
390 1091 551 1150 facilitatis:
580 1092 615 1148 in
644 1091 849 1166 perniciem
879 1111 986 1152 suam.
1043 1096 1122 1154 Nihil

65 1198 244 1268 dissimilius,
275 1199 330 1256 nisi
367 1199 444 1274 quod
481 1207 603 1272 utroque
634 1196 699 1252 loco
730 1195 853 1254 facilis
886 1207 914 1256 et
944 1201 978 1257 in
1008 1201 1122 1278 legitur.

66 1303 230 1361 Lenissimo
251 1305 378 1362 remedio
407 1305 517 1362 tollitur
546 1301 729 1359 manifestum
769 1302 853 1359 buius
882 1303 939 1362 loci
961 1307 1123 1382 mendum:

64 1407 235 1466 faciliori
268 1427 432 1470 ascensu.
484 1409 580 1484 Quum
607 1407 741 1465 librarius
771 1409 944 1484 scripsisset:
972 1413 1122 1488 crepido

65 1515 161 1570 hand
195 1513 360 1584 facilior,
390 1535 427 1572 ex
449 1517 458 1577 i
481 1517 586 1584 littera,
616 1532 680 1588 quae
701 1525 865 1590 supererat,
896 1515 965 1574 iecit
985 1518 1036 1582 in,
1060 1531 1120 1576 tum

64 1637 266 1678 ascensum.

149 1723 223 1800 Cap.
248 1727 296 1796 20,
318 1727 346 1784 3.
390 1728 524 1784 Paucis
548 1735 631 1802 post
735 1725 932 1786 diebus
961 1729 1121 1786 Hasdru-

63 1830 125 1888 bal
146 1829 322 1905 Gisgonis
344 1830 395 1890 fil.
417 1843 452 1889 et
473 1833 579 1907 Mago
602 1831 854 1907 imperatores
881 1851 923 1890 cx
944 1835 1121 1893 ulteriore

62 1936 249 2012 Hispania
270 1937 313 1994 ad
330 1938 603 1996 Hasdrubalem
618 1956 764 2006 venere,
785 1955 902 1996 serum
924 1951 1007 2016 post
1029 1941 1121 2000 male

59 2051 203 2117 gestam
219 2061 289 2100 rem
305 2044 490 2114 auxilium,
511 2043 666 2102 oonsilio
688 2044 723 2100 in
746 2053 871 2101 cetera
886 2046 1119 2120 exsequenda

61 2148 154 2204 belli
189 2149 282 2206 band
318 2168 441 2224 parum
476 2150 683 2227 opportuni.
741 2149 838 2208 Sensit
869 2150 1121 2208 Weissenbornius

60 2273 202 2330 perverse
222 2255 284 2312 brec
305 2254 378 2326 diei,
406 2273 458 2312 nec
486 2265 582 2314 tamen
604 2256 744 2313 damnare
770 2273 857 2313 ausus
880 2265 932 2315 cst.
980 2255 1057 2329 Quid
1079 2267 1123 2314 est

61 2361 155 2417 enim:
177 2359 371 2418 consilium
393 2361 483 2418 belli
505 2361 539 2418 in
561 2370 689 2420 cetera
710 2361 942 2437 exsequenda
965 2369 1016 2417 aut
1031 2357 1122 2438 (quo-

61 2465 153 2524 modo
166 2465 228 2540 ipse
242 2466 485 2538 verbaordinet):
508 2467 705 2524 consilium
720 2467 755 2524 in
770 2477 894 2524 cetera
914 2467 1002 2524 belli
1024 2485 1120 2524 exse·

61 2571 227 2646 quenda?
257 2571 428 2646 Quiedixit:
450 2573 640 2630 consilinm
670 2573 705 2629 in
727 2572 869 2647 aliquid
892 2571 1121 2629 faciendum?

63 2681 257 2752 (quamquam
291 2678 332 2734 sic
366 2677 457 2754 accipi
488 2677 574 2753 plane
606 2687 687 2735 vetat
717 2677 873 2734 verborum
906 2677 994 2748 ordo;
1028 2696 1121 2753 neque

62 2783 140 2840 enim
164 2792 288 2840 cetera
308 2783 398 2842 balli
432 2795 483 2842 aut
512 2802 576 2858 quas
604 2783 736 2840 similiter
765 2783 994 2860 coniunguntur,
1024 2783 1121 2842 divelli

62 2892 209 2966 possunt).
261 2891 394 2966 Apparet
421 2890 571 2947 consilium
593 2887 750 2964 significari
780 2891 816 2948 de
838 2890 915 2948 bsllo
937 2891 1121 2967 exsequendo

63 2995 252 3072 perreliqua
273 2995 350 3054 etin
374 3005 530 3071 posterum.
574 2995 763 3075 scribendum
785 2995 886 3070 igitur:
908 2997 1065 3055 consilio
1087 2998 1120 3054 in

62 3111 191 3160 cetera
220 3101 449 3182 exsequendi
479 3100 569 3158 balli
695 3103 906 3178 opportuni.
959 3101 1121 3162 Gerundisi

62 3227 151 3266 casus
178 3208 255 3265 mals
286 3207 324 3264 ad
352 3206 559 3281 praecedentem
588 3225 690 3266 vocem
721 3209 957 3266 accommodatus
987 3219 1032 3266 est
1052 3207 1122 3286 (vid.

64 3333 93 3388 p.
121 3317 158 3370 to
176 3315 301 3386 et2ot).
395 3313 430 3370 In
451 3311 592 3388 proximis
613 3313 710 3370 verbis
733 3313 761 3389 (ξ
778 3317 810 3372 4:
836 3313 1123 3386 conferentibus,

66 3418 152 3493 quid
187 3418 223 3476 in
261 3417 435 3492 cuiusque
476 3418 676 3493 provincia
721 3419 871 3495 regione
921 3419 1121 3478 animorum

66 3524 245 3600 Hispanis
267 3530 376 3591 esset)
398 3543 518 3600 prorsus
538 3541 596 3580 non
618 3523 756 3601 intelligo,
779 3526 901 3600 quasit
924 3525 1123 3600 provincia·

66 3631 185 3707 regio,
225 3649 318 3708 neque
339 3631 433 3708 ipsum
474 3648 626 3706 quaque
656 3630 853 3706 provincia
884 3630 995 3707 plocet;
1030 3650 1124 3707 nequo

66 3736 143 3793 enim
175 3736 271 3812 plures
300 3737 456 3814 provinciae
488 3743 554 3793 ante
575 3735 742 3811 significata
772 3745 848 3796 sunt.
904 3737 1026 3795 Rectum
1057 3737 1123 3795 erit:

66 3843 152 3918 qnid
190 3843 225 3900 in
261 3842 434 3917 cuiusque
468 3841 896 3919 provinciaictragione
927 3843 1123 3900 animorum

66 3948 247 4024 Hispanis
267 3957 372 4006 ossea
419 3947 542 4007 Addidit
554 3947 655 4006 Livius
677 3958 712 4006 et
732 3946 895 4023 regione,
917 3949 995 4024 quod
1016 3948 1126 4025 Hispa·

66 4053 147 4112 niam
178 4052 460 4130 Carthaginiensium
499 4052 528 4110 in
560 4061 654 4111 certas
688 4052 853 4129 provincias
887 4053 926 4111 ad
963 4055 1127 4114 Romanam

875 4177 928 4230 st·
