2826 4650
279 217 336 266 Lib.
357 215 392 264 11.
752 215 790 272 62

244 400 397 458 maxime
418 399 571 472 enituit).
615 397 699 456 Livio
728 373 783 473 ipsl
803 397 896 472 quiid
912 395 1106 471 superaddere
1132 396 1160 453 in
1176 407 1303 456 mentem

244 507 341 564 venire
367 499 481 581 potuit?
523 506 600 562 Nam
628 503 765 574 nominis,
793 503 871 577 quod
892 502 1008 578 proprie
1030 501 1148 573 (licitur,
1178 522 1196 558 a
1213 513 1303 577 gente

243 612 392 680 seiunctio,
414 619 490 668 utet
510 629 615 667 nomen
634 621 663 667 et
683 629 754 685 gens
780 609 915 668 enituisse
937 609 1057 676 dicatur,
1079 607 1230 683 perinepta
1246 619 1301 666 est.

243 720 369 778 Notatur
400 716 488 792 igitur
512 715 737 772 additamentum
774 715 873 774 codice
894 716 1050 790 archetypo
1081 713 1227 788 antiquius
1251 725 1306 772 aut

243 825 272 881 in
290 843 325 882 eo
346 831 450 882 ortum.

336 927 409 1003 Cap.
434 927 489 996 48,
522 929 558 984 6:
605 927 650 984 Et
668 925 742 983 alia
763 927 860 983 bella
881 926 1158 1002 autpraesentia
1182 926 1304 983 insta-

244 1037 346 1104 bant,
369 1043 404 1090 ut
427 1035 468 1090 ab
486 1033 615 1106 AEquis
638 1032 856 1107 Volscisque
880 1065 928 1099 -‚
957 1041 1018 1090 aut
1038 1051 1118 1089 mox
1140 1041 1304 1089 moturos

244 1159 281 1198 se
308 1139 517 1214 apparebat
550 1139 707 1198 Sabinos
741 1157 881 1212 semper
914 1137 1070 1196 infestos
1091 1137 1301 1194 Etruriam-

245 1264 313 1320 que
334 1263 479 1304 omnem.
539 1245 588 1304 Sic
611 1245 713 1304 Livius
742 1245 819 1301 alia
850 1243 942 1301 bella
973 1243 1067 1318 primo
1098 1243 1162 1300 loco
1195 1243 1303 1318 posuit,

245 1351 350 1408 deinde
370 1359 430 1408 aut
452 1350 582 1420 subiecit,
604 1359 635 1406 ut
655 1351 713 1408 duo
735 1350 772 1406 ad
793 1350 823 1406 id
844 1349 1053 1406 substantivum
1075 1351 1165 1406 verba
1186 1367 1303 1406 accom-

247 1457 429 1525 modaturus3
451 1475 503 1513 ncc
525 1475 605 1526 etim,
639 1457 746 1514 omissa
767 1455 896 1530 legitima
917 1455 1055 1512 orationis
1076 1456 1303 1525 continuatione,

246 1563 276 1618 in
298 1562 490 1620 anacoluthon
514 1561 646 1618 incidisse
674 1563 765 1636 (quod
786 1561 931 1618 rarissime
953 1558 1022 1617 facit
1043 1535 1169 1632 omnino,
1191 1563 1219 1618 in
1240 1571 1301 1620 tarn

246 1669 327 1726 brevi
349 1667 464 1742 quidam
492 1666 639 1722 sentcntiae
666 1667 835 1742 complexu,
873 1667 952 1724 nulla
973 1687 1004 1724 re
1025 1667 1163 1724 orationis
1185 1687 1301 1724 cursum

244 1774 439 1850 perturbante,
464 1771 634 1846 nunquam),
669 1773 739 1830 satis
761 1773 908 1830 declarant
931 1773 1000 1830 illis:
1021 1783 1081 1830 aut
1102 1774 1300 1848 praesentia

245 1880 435 1938 instabant
456 1879 516 1936 baec
527 1887 660 1934 accurate
675 1878 800 1934 reddita:
819 1889 880 1936 aut
896 1898 976 1936 mox
989 1889 1160 1936 moturos.
1193 1880 1300 1954 Itaque

245 1985 309 2042 duae
335 1985 437 2042 littere
459 1981 522 2059 (se)
547 1983 730 2040 detrahenda
760 1995 839 2040 sunt:
863 1995 924 2042 aut
946 2004 1026 2042 mox
1048 1995 1207 2044 moturos
1241 2006 1300 2062 ap·

245 2091 401 2164 parebat
417 2089 574 2150 Sabinos
586 2099 636 2148 cet.
679 2087 765 2161 Quod
788 2090 817 2144 in
839 2090 1027 2166 prioreparte
1040 2091 1186 2146 sententiae
1200 2091 1301 2148 bella

247 2195 425 2252 nominativo
448 2213 516 2252 casu
538 2195 747 2270 intelliguntur,
768 2195 797 2250 in
824 2195 915 2252 altera
936 2195 1116 2264 accusativo,
1138 2197 1303 2271 saepedixi,

244 2301 275 2356 id
306 2301 457 2358 discrimen
481 2301 509 2357 in
531 2301 638 2358 neutris
661 2309 786 2370 veteres,
822 2301 870 2356 ubi
897 2301 1055 2376 praesertim
1086 2303 1237 2377 perspicue
1258 2305 1302 2362 di·

245 2407 351 2464 stincta
372 2407 509 2464 orationis
530 2408 661 2463 membra
682 2415 785 2474 essem,
796 2408 972 2480 perobscura
993 2408 1116 2465 sensisse
1138 2427 1301 2480 curassem,

245 2514 323 2588 quod
345 2513 471 2570 maxime
492 2513 522 2569 in
544 2510 690 2570 sententiis
712 2511 839 2568 relativis
871 2513 1075 2570 bimembribus
1106 2514 1225 2590 intelligi
1246 2535 1303 2592 po·

245 2629 302 2676 test
338 2620 443 2694 (quod
475 2628 509 2676 et
543 2617 720 2676 aCrasso
752 2627 885 2675 tactum
923 2629 978 2676 est
1010 2629 1044 2677 et
1074 2621 1302 2679 Aristoteles

245 2725 439 2800 adiunxit),
461 2726 496 2782 dc
519 2725 622 2799 quibus
646 2724 768 2798 exposui
790 2724 826 2780 ad
849 2723 909 2782 Cic.
931 2727 955 2782 F
958 2726 995 2782 iu.
1020 2745 1048 2800 p.
1072 2729 1140 2786 659.

328 2829 424 2904 l‘Cap
445 2833 494 2900 te,
509 2836 542 2887 t:
566 2831 637 2889 Sex
657 2839 691 2885 et
711 2830 867 2886 trecenti
889 2831 1033 2900 milites,
1052 2850 1172 2888 omnes
1189 2835 1302 2908 patri-

245 2935 306 3004 eii,
341 2953 460 2991 omnes
496 2935 600 2991 unius
621 2935 757 3010 gentis,
791 2954 933 3010 quorum
966 2937 1141 2994 neminem
1177 2938 1302 2996 ducem

246 3049 439 3118 sperneret
460 3041 629 3116 egregius
652 3041 884 3116 quibuslibet
904 3043 1302 3117 temporibussenatus,

245 3147 356 3216 ibant,
378 3145 482 3202 unius
505 3145 651 3203 familiae
673 3147 814 3204 viribus
835 3147 980 3206 Veienti
1007 3149 1142 3225 populo
1163 3159 1302 3226 pestem

246 3253 466 3310 minitantes.
527 3251 650 3310 Senatus
672 3271 729 3309 non
752 3253 853 3310 ducem
876 3255 978 3324 habet,
1011 3255 1111 3312 nisisi
1134 3257 1250 3330 quando
1272 3257 1302 3313 in

245 3369 324 3416 certa
346 3357 499 3434 aliquare
521 3357 604 3414 unius
626 3357 796 3414 sententiam
819 3357 961 3432 sequitur,
983 3377 1049 3427 nec,
1077 3360 1102 3416 si
1123 3362 1178 3418 boc
1200 3361 1302 3420 Livius

245 3465 373 3534 diceret,
406 3463 651 3537 unumquemlibet
684 3463 797 3532 axillis
829 3464 962 3521 trecentis
992 3475 1109 3522 senatus
1141 3468 1302 3544 principem

245 3589 307 3628 esse
328 3569 472 3644 potuisse,
494 3570 683 3645 egregium
710 3581 842 3626 senatum
865 3569 1038 3645 appellasset
1060 3572 1143 3647 (nibil
1165 3573 1240 3630 enirn
1263 3575 1302 3631 ad

244 3695 304 3733 rem
328 3683 445 3730 senatus
466 3673 530 3729 laus
551 3673 717 3748 pertineret)
755 3695 807 3732 nec
829 3683 975 3750 tempora,
1011 3697 1133 3752 qnorum
1161 3679 1191 3735 in
1214 3699 1249 3736 ea
1269 3700 1302 3738 re

243 3779 353 3836 nullum
387 3787 563 3836 momentum
585 3790 673 3849 esset,
706 3792 973 3852 commemorasset;
1004 3785 1179 3860 omninoque
1200 3787 1302 3843 subin-

244 3893 342 3962 eptum
374 3885 430 3941 hoc
463 3895 506 3940 est
527 3895 618 3942 totum
641 3885 677 3942 ‹ls
700 3905 875 3962 unoquoque
890 3889 984 3945 Fabio
999 3890 1161 3967 principatu
1183 3903 1302 3950 senatus

245 3990 347 4064 digno;
373 3989 442 4045 illud
470 3999 537 4065 apte
559 3991 615 4048 dici
641 4010 675 4049 ac
697 3993 758 4049 sine
789 3993 910 4050 ridicula
932 3997 1156 4070 exaggeratione
1177 4008 1302 4074 poterat,
