2822 4648
295 283 354 336 tau.
373 282 446 332 viu.
762 287 819 343 162

261 469 484 544 septentrionem
516 477 545 524 et
577 467 753 526 occidentem
775 487 876 526 versus
907 470 1005 526 decem
1026 489 1118 545 prope
1139 468 1219 525 milia
1240 468 1318 526 Ger-

260 573 374 629 manica
395 573 550 639 distantes,
576 591 594 629 a
617 571 720 647 Capua
742 574 803 632 fere
823 583 948 650 septem3
971 572 1095 650 Capuae,
1118 575 1195 648 quod
1216 575 1319 649 proxi-

261 697 338 736 mum
362 681 479 736 suberat
501 697 519 735 a
541 679 671 736 Vesuvio
702 679 732 735 in
755 680 870 736 Latium
898 697 998 738 versus
1020 679 1195 755 fugientibus
1216 699 1319 756 recep-

260 785 402 855 taculum,
424 784 504 841 nulla
525 784 648 855 mentio;
672 785 774 842 deinde
798 789 838 856 (c.
866 791 917 856 11,
944 790 976 850 5)
1002 786 1129 856 Latinis,
1165 787 1214 860 qui
1231 806 1318 862 proe-

260 893 298 948 iio
320 889 530 966 superfuerant,
552 889 689 946 Vesciam
710 892 922 966 receptaculum
947 891 1156 961 fuissenarrat,
1178 893 1317 968 oppidum

261 1007 290 1054 et
310 995 405 1071 ipsum
427 995 581 1052 Mintumia
610 995 744 1057 vicinum.
795 999 949 1055 Postremo
971 998 1083 1055 Latinis
1105 999 1210 1056 bellum
1232 1017 1320 1054 reno·

260 1121 330 1158 vare
352 1101 522 1158 conantibus
544 1101 671 1159 Manlius
698 1105 736 1161 ad
757 1103 909 1162 'I'riianum
941 1103 1015 1160 inter
1036 1104 1199 1161 Minturnas
1220 1111 1249 1160 et
1270 1103 1319 1162 Si-

263 1225 382 1264 nuessas
413 1207 546 1268 occurrit.
608 1207 656 1264 Ex
683 1208 728 1264 his
757 1206 868 1264 indiciis
897 1210 966 1266 mihi
990 1209 1171 1267 inanifestum
1193 1209 1319 1278 videt-ur,

261 1332 388 1389 pugnam
410 1313 447 1370 ad
470 1311 602 1368 Veserim
624 1311 699 1370 inter
720 1313 883 1370 Minturnas
907 1315 1102 1390 Vesciamque
1123 1326 1153 1372 et
1173 1313 1320 1390 Capuam,

261 1421 311 1477 sed
333 1420 389 1477 illis
419 1419 533 1495 oppidis
563 1419 704 1494 propius,
741 1429 899 1494 pugnatam
922 1439 1000 1491 esse,
1026 1439 1084 1477 non
1108 1422 1149 1479 ita
1170 1422 1255 1497 louge
1278 1423 1319 1478 ad

261 1527 407 1583 meridiem
434 1545 453 1582 a
480 1524 583 1583 Gauro
610 1535 723 1596 monte,
758 1526 807 1582 urbi
837 1526 972 1584 Valerius
1004 1527 1117 1584 Corvus
1145 1527 1195 1584 111
1215 1527 1320 1583 consurl

261 1631 404 1691 Samnites
426 1631 503 1700 vicit,
525 1631 618 1706 magis
640 1641 736 1688 tamen
758 1632 1217 1708 admare‚Vesuviiquenon1en
1239 1631 1319 1690 falso

260 1740 362 1796 harum
382 1756 477 1794 rerum
499 1738 658 1794 narrationi
685 1736 844 1793 admixtum
867 1755 950 1808 esse,
980 1739 1041 1795 sive
1062 1739 1091 1795 id
1113 1747 1180 1794 ante
1200 1739 1318 1796 Livium

260 1843 369 1901 factum
392 1851 435 1900 est
455 1842 516 1900 sive
551 1845 613 1919 ipse
642 1862 741 1900 errore
766 1861 820 1918 pro
842 1843 935 1900 minus
959 1851 1029 1900 noto
1050 1844 1165 1900 nomine
1187 1845 1243 1901 boe
1262 1864 1319 1920 po-

262 1951 319 2006 suit
340 1949 401 2006 sive
423 1949 546 2024 denique
568 1950 597 2006 iu
620 1950 696 2007 Livii
718 1949 863 2006 codicibus
885 1949 914 2005 id
937 1948 1043 2006 factum
1067 1957 1119 2006 est.
1159 1949 1236 2006 Huic
1258 1959 1319 2006 ter-

261 2056 308 2113 tiae
329 2055 484 2131 suspicioni
507 2056 619 2126 obstat,
648 2055 727 2130 quod
754 2054 863 2111 nullum
893 2054 1007 2111 videtur
1028 2073 1091 2112 esse
1111 2053 1199 2128 paulo
1220 2054 1320 2111 notius

262 2163 368 2221 montis
390 2163 467 2218 eirca
489 2181 524 2218 ea
546 2161 633 2231 loca,
656 2179 720 2235 quae
741 2159 919 2234 significavi,
942 2159 989 2216 siti
1010 2179 1124 2228 nomen,
1146 2161 1223 2234 quod
1245 2180 1316 2236 prc-

261 2268 394 2327 babiliter
420 2265 554 2324 substitui
588 2283 642 2339 pro
672 2265 793 2322 Vesuvii
819 2265 919 2340 possit
975 2265 1053 2321 Nam
1087 2283 1123 2322 ex
1158 2265 1320 2325 Vescino

261 2375 376 2444 saltu,
398 2373 447 2448 qui
470 2371 511 2435 X,
535 2372 569 2427 tt
596 2371 775 2446 appellatur,
796 2379 923 2427 montem
945 2370 1100 2427 Vescinum
1123 2369 1238 2428 efficere
1259 2391 1321 2430 non

262 2481 368 2548 audeo;
391 2476 510 2536 Massici
531 2477 602 2534 situs
624 2477 806 2548 conveniret,
828 2495 933 2534 nomen
954 2475 1052 2533 distat.
1095 2477 1200 2551 Itaque
1227 2477 1321 2535 libra·

262 2589 320 2646 rios
342 2605 378 2642 ne
399 2595 507 2642 temere
529 2599 697 2640 accusemus
719 2584 941 2660 scrupulumque
961 2582 1166 2656 relinquamus.

345 2690 417 2766 Cap.
440 2691 468 2759 9,
496 2691 542 2747 10.
585 2689 782 2746 Humanum
804 2691 918 2748 visum
941 2709 994 2765 pro
1016 2689 1169 2745 humana
1191 2690 1321 2764 specie

261 2817 319 2856 non
345 2807 422 2854 reete
445 2795 501 2852 dici
535 2794 703 2852 Gronovius
737 2795 888 2864 intellexit;
919 2796 970 2854 sed
997 2804 1041 2852 est
1070 2794 1148 2851 aliud
1176 2803 1321 2868 praeterea

262 2903 357 2961 mendi
378 2902 525 2963 indicium:
556 2918 649 2974 neque
677 2899 752 2956 enim
783 2900 904 2958 Decium
935 2919 1038 2977 reapse
1064 2901 1192 2958 humana
1221 2901 1320 2976 specie

264 3010 456 3085 augustiorem
489 3007 526 3063 ab
555 3013 677 3080 utraque
700 3005 762 3062 acie
783 3015 966 3080 conspectum
989 3007 1089 3064 Livius
1112 3006 1196 3080 quasi
1216 3007 1320 3063 testifi-

264 3134 332 3173 cans
353 3121 538 3178 narraverat,
560 3111 620 3180 sed,
649 3129 712 3185 quaa
734 3111 843 3186 species
865 3112 978 3169 obiecta
1000 3112 1102 3170 animis
1125 3111 1211 3168 motis
1232 3123 1319 3169 esset.

264 3223 367 3296 Itaque
395 3219 518 3295 primum
549 3217 643 3274 oratio
677 3217 719 3274 sic
748 3217 943 3274 continuanda
964 3225 1021 3274 est:
1052 3235 1089 3274 se
1118 3219 1153 3274 in
1174 3217 1319 3276 medios

263 3327 388 3383 hostes
409 3323 561 3381 immisit
591 3331 811 3398 conspectus
839 3323 882 3380 ab
904 3333 1060 3397 utraque
1077 3324 1158 3380 acie
1180 3331 1319 3398 (utraque

264 3433 326 3490 acie
346 3428 551 3508 inspectante).
585 3431 650 3487 Iam
672 3429 801 3505 sequitur
821 3427 993 3500 necessario,
1016 3439 1047 3484 ut
1068 3429 1097 3485 in
1118 3429 1151 3486 M
1174 3429 1267 3501 (Lov.
1284 3434 1319 3496 4)

264 3538 402 3614 scriptum
424 3547 467 3594 est
488 3533 626 3613 (visus,
647 3553 706 3592 non
727 3535 821 3609 visu)
844 3534 1069 3609 Gronoviusque
1090 3535 1182 3592 altera
1203 3534 1320 3591 coniec-

263 3655 330 3702 tura
360 3651 554 3719 praeeperat:
603 3641 809 3716 Aliquanto
844 3641 1037 3716 augustior
1072 3643 1227 3698 humano
1257 3640 1319 3696 vi-

265 3769 324 3808 sus
347 3752 387 3824 (b.
409 3769 433 3806 e.
455 3748 534 3804 visus
557 3747 623 3820 est),
645 3747 744 3804 sicut
765 3747 869 3804 coelo
894 3747 1023 3804 missus
1044 3745 1226 3822 piaculum
1249 3764 1319 3801 om·

265 3858 321 3914 nis
343 3858 491 3914 deorum
521 3854 598 3924 ira,
632 3853 692 3928 qui
713 3885 753 3896 —
776 3852 898 3911 ferret.
961 3853 1019 3910 Ita
1050 3850 1163 3909 omnis
1197 3857 1321 3906 terror

265 3979 455 4038 pavorque
476 3969 530 4020 cet.
573 3959 622 4018 Ab
643 3957 695 4016 ita
705 3977 811 4016 novam
823 3957 972 4032 periodum
988 3958 1122 4034 incipere,
1134 3955 1321 4014 manifestum
