<?xml version="1.0" encoding="UTF-8"?>
<!DOCTYPE html PUBLIC "-//W3C//DTD XHTML 1.0 Transitional//EN"
    "http://www.w3.org/TR/xhtml1/DTD/xhtml1-transitional.dtd">
<html xmlns="http://www.w3.org/1999/xhtml" xml:lang="en" lang="en">
 <head>
  <title>
</title>
<meta http-equiv="Content-Type" content="text/html;charset=utf-8" />
  <meta name='ocr-system' content='tesseract 3.04.00' />
  <meta name='ocr-capabilities' content='ocr_page ocr_carea ocr_par ocr_line ocrx_word'/>
</head>
<body>
  <div class='ocr_page' id='page_1' title='image "./emendationesliv02madvgoog_0598.png"; bbox 0 0 2820 4646; ppageno 0'>
   <div class='ocr_carea' id='block_1_1' title="bbox 600 243 1162 316">
    <p class='ocr_par' dir='ltr' id='par_1_1' title="bbox 600 243 1162 316">
     <span class='ocr_line' id='line_1_1' title="bbox 600 243 1162 316; baseline -0.018 0"><span class='ocrx_word' id='word_1_1' title='bbox 600 259 658 316; x_wconf 80' lang='lat' dir='ltr'>sse</span> <span class='ocrx_word' id='word_1_2' title='bbox 757 243 759 250; x_wconf 82' lang='grc'><em>’</em></span> <span class='ocrx_word' id='word_1_3' title='bbox 987 256 1045 306; x_wconf 82' lang='lat' dir='ltr'>Lib.</span> <span class='ocrx_word' id='word_1_4' title='bbox 1068 255 1162 306; x_wconf 75' lang='lat' dir='ltr'>xciv.</span> 
     </span>
    </p>
   </div>
   <div class='ocr_carea' id='block_1_2' title="bbox 96 440 1164 2958">
    <p class='ocr_par' dir='ltr' id='par_1_2' title="bbox 96 440 1164 2958">
     <span class='ocr_line' id='line_1_2' title="bbox 192 440 1163 519; baseline -0.003 -18"><span class='ocrx_word' id='word_1_5' title='bbox 192 441 265 519; x_wconf 82' lang='lat' dir='ltr'>Cep.</span> <span class='ocrx_word' id='word_1_6' title='bbox 289 445 388 514; x_wconf 73' lang='lat' dir='ltr'>43,l:</span> <span class='ocrx_word' id='word_1_7' title='bbox 411 441 593 519; x_wconf 74' lang='lat' dir='ltr'>Perpauci</span> <span class='ocrx_word' id='word_1_8' title='bbox 617 440 855 499; x_wconf 87' lang='lat' dir='ltr'>indePellsm</span> <span class='ocrx_word' id='word_1_9' title='bbox 877 441 1034 500; x_wconf 88' lang='lat' dir='ltr'>celerius</span> <span class='ocrx_word' id='word_1_10' title='bbox 1058 459 1163 516; x_wconf 86' lang='lat' dir='ltr'>quem</span> 
     </span>
     <span class='ocr_line' id='line_1_3' title="bbox 96 547 1161 626; baseline -0.004 -19"><span class='ocrx_word' id='word_1_11' title='bbox 96 551 180 626; x_wconf 89' lang='lat' dir='ltr'>ipse</span> <span class='ocrx_word' id='word_1_12' title='bbox 208 550 382 620; x_wconf 86' lang='lat' dir='ltr'>Perseus,</span> <span class='ocrx_word' id='word_1_13' title='bbox 416 549 499 625; x_wconf 87' lang='lat' dir='ltr'>quie</span> <span class='ocrx_word' id='word_1_14' title='bbox 528 558 633 605; x_wconf 87' lang='lat' dir='ltr'>recte</span> <span class='ocrx_word' id='word_1_15' title='bbox 660 547 835 623; x_wconf 81' lang='lat' dir='ltr'>expedita</span> <span class='ocrx_word' id='word_1_16' title='bbox 867 549 953 622; x_wconf 88' lang='lat' dir='ltr'>(bene</span> <span class='ocrx_word' id='word_1_17' title='bbox 974 547 1161 608; x_wconf 84' lang='lat' dir='ltr'><strong>Gronovius:</strong></span> 
     </span>
     <span class='ocr_line' id='line_1_4' title="bbox 98 652 1161 734; baseline -0.005 -20"><span class='ocrx_word' id='word_1_18' title='bbox 98 666 204 715; x_wconf 82' lang='lat' dir='ltr'>rents</span> <span class='ocrx_word' id='word_1_19' title='bbox 225 664 260 714; x_wconf 89' lang='lat' dir='ltr'>et</span> <span class='ocrx_word' id='word_1_20' title='bbox 280 652 469 734; x_wconf 81' lang='lat' dir='ltr'>expedite)</span> <span class='ocrx_word' id='word_1_21' title='bbox 489 655 549 711; x_wconf 85' lang='lat' dir='ltr'>vie</span> <span class='ocrx_word' id='word_1_22' title='bbox 569 653 710 724; x_wconf 86' lang='lat' dir='ltr'>ierunt,</span> <span class='ocrx_word' id='word_1_23' title='bbox 732 664 996 730; x_wconf 80' lang='lat' dir='ltr'>pervenerunt3</span> <span class='ocrx_word' id='word_1_24' title='bbox 1030 673 1094 711; x_wconf 86' lang='lat' dir='ltr'>rex</span> <span class='ocrx_word' id='word_1_25' title='bbox 1116 653 1161 710; x_wconf 85' lang='lat' dir='ltr'>ed</span> 
     </span>
     <span class='ocr_line' id='line_1_5' title="bbox 100 759 1164 820; baseline -0.005 0"><span class='ocrx_word' id='word_1_26' title='bbox 100 762 254 820; x_wconf 81' lang='lat' dir='ltr'>mediam</span> <span class='ocrx_word' id='word_1_27' title='bbox 276 761 392 819; x_wconf 85' lang='lat' dir='ltr'>ferme</span> <span class='ocrx_word' id='word_1_28' title='bbox 413 771 556 820; x_wconf 88' lang='lat' dir='ltr'>noctem</span> <span class='ocrx_word' id='word_1_29' title='bbox 578 770 725 817; x_wconf 89' lang='lat' dir='ltr'>terrore</span> <span class='ocrx_word' id='word_1_30' title='bbox 744 769 779 817; x_wconf 90' lang='lat' dir='ltr'>et</span> <span class='ocrx_word' id='word_1_31' title='bbox 800 761 923 818; x_wconf 78' lang='lat' dir='ltr'>veniis</span> <span class='ocrx_word' id='word_1_32' title='bbox 948 759 1164 818; x_wconf 79' lang='lat' dir='ltr'>difficulte-</span> 
     </span>
     <span class='ocr_line' id='line_1_6' title="bbox 100 865 1163 941; baseline -0.007 -14"><span class='ocrx_word' id='word_1_33' title='bbox 100 870 201 927; x_wconf 80' lang='lat' dir='ltr'><strong>tibus</strong></span> <span class='ocrx_word' id='word_1_34' title='bbox 224 869 290 925; x_wconf 81' lang='lat' dir='ltr'>viae</span> <span class='ocrx_word' id='word_1_35' title='bbox 321 878 478 926; x_wconf 74' lang='lat' dir='ltr'>vexatus</span> <span class='ocrx_word' id='word_1_36' title='bbox 503 875 568 928; x_wconf 90' lang='lat' dir='ltr'>est.</span> <span class='ocrx_word' id='word_1_37' title='bbox 622 867 727 941; x_wconf 80' lang='lat' dir='ltr'>Neque</span> <span class='ocrx_word' id='word_1_38' title='bbox 759 875 883 924; x_wconf 91' lang='lat' dir='ltr'>terror</span> <span class='ocrx_word' id='word_1_39' title='bbox 919 865 1082 924; x_wconf 79' lang='lat' dir='ltr'>contrarius</span> <span class='ocrx_word' id='word_1_40' title='bbox 1118 873 1163 920; x_wconf 91' lang='lat' dir='ltr'>est</span> 
     </span>
     <span class='ocr_line' id='line_1_7' title="bbox 101 969 1163 1050; baseline -0.007 -17"><span class='ocrx_word' id='word_1_41' title='bbox 101 977 157 1033; x_wconf 80' lang='lat' dir='ltr'>vite</span> <span class='ocrx_word' id='word_1_42' title='bbox 177 982 262 1032; x_wconf 76' lang='lat' dir='ltr'>rectae</span> <span class='ocrx_word' id='word_1_43' title='bbox 287 983 315 1032; x_wconf 94' lang='lat' dir='ltr'>et</span> <span class='ocrx_word' id='word_1_44' title='bbox 338 974 480 1050; x_wconf 84' lang='lat' dir='ltr'>expeditae</span> <span class='ocrx_word' id='word_1_45' title='bbox 500 991 593 1050; x_wconf 90' lang='lat' dir='ltr'>neque</span> <span class='ocrx_word' id='word_1_46' title='bbox 616 971 757 1030; x_wconf 77' lang='lat' dir='ltr'><strong>celeritati</strong></span> <span class='ocrx_word' id='word_1_47' title='bbox 778 971 855 1049; x_wconf 80' lang='lat' dir='ltr'>iuges</span> <span class='ocrx_word' id='word_1_48' title='bbox 878 973 994 1030; x_wconf 86' lang='lat' dir='ltr'>obsturs</span> <span class='ocrx_word' id='word_1_49' title='bbox 1017 969 1091 1028; x_wconf 89' lang='lat' dir='ltr'>solet</span> <span class='ocrx_word' id='word_1_50' title='bbox 1111 989 1163 1027; x_wconf 91' lang='lat' dir='ltr'>ne·</span> 
     </span>
     <span class='ocr_line' id='line_1_8' title="bbox 101 1075 1163 1158; baseline -0.006 -20"><span class='ocrx_word' id='word_1_51' title='bbox 101 1101 158 1158; x_wconf 87' lang='lat' dir='ltr'>que</span> <span class='ocrx_word' id='word_1_52' title='bbox 179 1080 275 1138; x_wconf 86' lang='lat' dir='ltr'>medis</span> <span class='ocrx_word' id='word_1_53' title='bbox 295 1087 381 1137; x_wconf 88' lang='lat' dir='ltr'>nocte</span> <span class='ocrx_word' id='word_1_54' title='bbox 404 1078 544 1137; x_wconf 80' lang='lat' dir='ltr'><strong>desinere.</strong></span> <span class='ocrx_word' id='word_1_55' title='bbox 606 1077 796 1138; x_wconf 79' lang='lat' dir='ltr'>scribendum</span> <span class='ocrx_word' id='word_1_56' title='bbox 818 1097 882 1138; x_wconf 89' lang='lat' dir='ltr'>esse</span> <span class='ocrx_word' id='word_1_57' title='bbox 904 1097 1043 1148; x_wconf 88' lang='lat' dir='ltr'>errore,</span> <span class='ocrx_word' id='word_1_58' title='bbox 1076 1075 1163 1134; x_wconf 86' lang='lat' dir='ltr'>etiem</span> 
     </span>
     <span class='ocr_line' id='line_1_9' title="bbox 100 1184 1163 1256; baseline -0.004 -12"><span class='ocrx_word' id='word_1_59' title='bbox 100 1186 339 1245; x_wconf 83' lang='lat' dir='ltr'>Weissenbornio</span> <span class='ocrx_word' id='word_1_60' title='bbox 369 1185 399 1242; x_wconf 92' lang='lat' dir='ltr'>in</span> <span class='ocrx_word' id='word_1_61' title='bbox 428 1195 551 1243; x_wconf 83' lang='lat' dir='ltr'><strong>mentem</strong></span> <span class='ocrx_word' id='word_1_62' title='bbox 575 1196 714 1256; x_wconf 81' lang='lat' dir='ltr'>venerat,</span> <span class='ocrx_word' id='word_1_63' title='bbox 743 1185 795 1244; x_wconf 89' lang='lat' dir='ltr'>sed</span> <span class='ocrx_word' id='word_1_64' title='bbox 816 1185 921 1243; x_wconf 80' lang='lat' dir='ltr'>iniuria</span> <span class='ocrx_word' id='word_1_65' title='bbox 942 1184 1080 1243; x_wconf 86' lang='lat' dir='ltr'>iudicium</span> <span class='ocrx_word' id='word_1_66' title='bbox 1101 1201 1163 1240; x_wconf 90' lang='lat' dir='ltr'>mu·</span> 
     </span>
     <span class='ocr_line' id='line_1_10' title="bbox 101 1289 1163 1370; baseline -0.007 -19"><span class='ocrx_word' id='word_1_67' title='bbox 101 1293 185 1352; x_wconf 82' lang='lat' dir='ltr'>terit.</span> <span class='ocrx_word' id='word_1_68' title='bbox 248 1294 415 1370; x_wconf 84' lang='lat' dir='ltr'>Sequuntur</span> <span class='ocrx_word' id='word_1_69' title='bbox 435 1291 464 1349; x_wconf 93' lang='lat' dir='ltr'>in</span> <span class='ocrx_word' id='word_1_70' title='bbox 487 1291 660 1350; x_wconf 73' lang='lat' dir='ltr'>editionibus</span> <span class='ocrx_word' id='word_1_71' title='bbox 681 1293 742 1350; x_wconf 78' lang='lat' dir='ltr'>haec</span> <span class='ocrx_word' id='word_1_72' title='bbox 771 1291 798 1367; x_wconf 68' lang='grc' dir='ltr'>(ξ</span> <span class='ocrx_word' id='word_1_73' title='bbox 822 1295 870 1358; x_wconf 72' lang='lat' dir='ltr'>st:</span> <span class='ocrx_word' id='word_1_74' title='bbox 892 1293 932 1350; x_wconf 93' lang='lat' dir='ltr'>In</span> <span class='ocrx_word' id='word_1_75' title='bbox 954 1290 1054 1366; x_wconf 84' lang='lat' dir='ltr'>regie</span> <span class='ocrx_word' id='word_1_76' title='bbox 1078 1289 1163 1348; x_wconf 87' lang='lat' dir='ltr'>Per-</span> 
     </span>
     <span class='ocr_line' id='line_1_11' title="bbox 100 1395 1162 1474; baseline -0.007 -16"><span class='ocrx_word' id='word_1_77' title='bbox 100 1417 173 1471; x_wconf 88' lang='lat' dir='ltr'>seo,</span> <span class='ocrx_word' id='word_1_78' title='bbox 198 1399 258 1474; x_wconf 89' lang='lat' dir='ltr'>qui</span> <span class='ocrx_word' id='word_1_79' title='bbox 278 1398 390 1458; x_wconf 73' lang='lat' dir='ltr'>Pelles</span> <span class='ocrx_word' id='word_1_80' title='bbox 412 1406 578 1474; x_wconf 77' lang='lat' dir='ltr'>prueerut,</span> <span class='ocrx_word' id='word_1_81' title='bbox 599 1397 737 1455; x_wconf 78' lang='lat' dir='ltr'>Euctus</span> <span class='ocrx_word' id='word_1_82' title='bbox 761 1395 1053 1474; x_wconf 86' lang='lat' dir='ltr'>regiiquepueri</span> <span class='ocrx_word' id='word_1_83' title='bbox 1078 1413 1162 1471; x_wconf 83' lang='lat' dir='ltr'>prae·</span> 
     </span>
     <span class='ocr_line' id='line_1_12' title="bbox 101 1485 1162 1580; baseline -0.008 -16"><span class='ocrx_word' id='word_1_84' title='bbox 101 1517 159 1564; x_wconf 88' lang='lat' dir='ltr'>sto</span> <span class='ocrx_word' id='word_1_85' title='bbox 182 1513 297 1563; x_wconf 80' lang='lat' dir='ltr'>erent.</span> <span class='ocrx_word' id='word_1_86' title='bbox 344 1505 402 1565; x_wconf 80' lang='lat' dir='ltr'>sed</span> <span class='ocrx_word' id='word_1_87' title='bbox 425 1504 509 1562; x_wconf 82' lang='lat' dir='ltr'>aliter</span> <span class='ocrx_word' id='word_1_88' title='bbox 531 1504 646 1561; x_wconf 86' lang='lat' dir='ltr'>Livium</span> <span class='ocrx_word' id='word_1_89' title='bbox 670 1504 838 1580; x_wconf 76' lang='lat' dir='ltr'>scripsisse,</span> <span class='ocrx_word' id='word_1_90' title='bbox 860 1485 952 1563; x_wconf 63' lang='lat' dir='ltr'>codor}</span> <span class='ocrx_word' id='word_1_91' title='bbox 978 1501 1111 1570; x_wconf 79' lang='lat' dir='ltr'>ostendit,</span> <span class='ocrx_word' id='word_1_92' title='bbox 1133 1500 1162 1556; x_wconf 93' lang='lat' dir='ltr'>in</span> 
     </span>
     <span class='ocr_line' id='line_1_13' title="bbox 103 1589 1161 1688; baseline -0.008 -18"><span class='ocrx_word' id='word_1_93' title='bbox 103 1631 162 1688; x_wconf 91' lang='lat' dir='ltr'>quo</span> <span class='ocrx_word' id='word_1_94' title='bbox 186 1613 247 1669; x_wconf 81' lang='lat' dir='ltr'>lraec</span> <span class='ocrx_word' id='word_1_95' title='bbox 269 1620 351 1668; x_wconf 87' lang='lat' dir='ltr'>sunt:</span> <span class='ocrx_word' id='word_1_96' title='bbox 374 1609 671 1670; x_wconf 81' lang='lat' dir='ltr'>difficultatibus</span> <span class='ocrx_word' id='word_1_97' title='bbox 692 1589 804 1669; x_wconf 69' lang='lat' dir='ltr'>videri</span> <span class='ocrx_word' id='word_1_98' title='bbox 825 1609 1029 1669; x_wconf 84' lang='lat' dir='ltr'>vexetusin</span> <span class='ocrx_word' id='word_1_99' title='bbox 1044 1605 1161 1681; x_wconf 78' lang='lat' dir='ltr'>regio·</span> 
     </span>
     <span class='ocr_line' id='line_1_14' title="bbox 102 1711 1162 1793; baseline -0.008 -17"><span class='ocrx_word' id='word_1_100' title='bbox 102 1728 220 1776; x_wconf 84' lang='lat' dir='ltr'>meets</span> <span class='ocrx_word' id='word_1_101' title='bbox 240 1735 374 1793; x_wconf 89' lang='lat' dir='ltr'>perseo</span> <span class='ocrx_word' id='word_1_102' title='bbox 402 1718 461 1791; x_wconf 90' lang='lat' dir='ltr'>qui</span> <span class='ocrx_word' id='word_1_103' title='bbox 483 1717 595 1774; x_wconf 84' lang='lat' dir='ltr'>Pellae</span> <span class='ocrx_word' id='word_1_104' title='bbox 622 1727 808 1793; x_wconf 80' lang='lat' dir='ltr'>praeerent</span> <span class='ocrx_word' id='word_1_105' title='bbox 830 1726 1059 1789; x_wconf 80' lang='lat' dir='ltr'>coactusque</span> <span class='ocrx_word' id='word_1_106' title='bbox 1080 1711 1162 1788; x_wconf 77' lang='lat' dir='ltr'>regi</span> 
     </span>
     <span class='ocr_line' id='line_1_15' title="bbox 101 1817 1162 1901; baseline -0.008 -19"><span class='ocrx_word' id='word_1_107' title='bbox 101 1824 206 1901; x_wconf 86' lang='lat' dir='ltr'>pueri</span> <span class='ocrx_word' id='word_1_108' title='bbox 227 1831 364 1900; x_wconf 74' lang='lat' dir='ltr'>presto</span> <span class='ocrx_word' id='word_1_109' title='bbox 393 1833 507 1879; x_wconf 84' lang='lat' dir='ltr'>erant.</span> <span class='ocrx_word' id='word_1_110' title='bbox 567 1823 761 1892; x_wconf 83' lang='lat' dir='ltr'>Plutarchus,</span> <span class='ocrx_word' id='word_1_111' title='bbox 794 1822 895 1879; x_wconf 85' lang='lat' dir='ltr'>eadem</span> <span class='ocrx_word' id='word_1_112' title='bbox 926 1819 1052 1896; x_wconf 86' lang='lat' dir='ltr'>Polybio</span> <span class='ocrx_word' id='word_1_113' title='bbox 1089 1817 1162 1874; x_wconf 87' lang='lat' dir='ltr'>duce</span> 
     </span>
     <span class='ocr_line' id='line_1_16' title="bbox 102 1925 1161 2005; baseline -0.006 -19"><span class='ocrx_word' id='word_1_114' title='bbox 102 1927 216 2005; x_wconf 86' lang='lat' dir='ltr'>plenius</span> <span class='ocrx_word' id='word_1_115' title='bbox 238 1947 370 1998; x_wconf 82' lang='lat' dir='ltr'>narrans,</span> <span class='ocrx_word' id='word_1_116' title='bbox 392 1947 456 2003; x_wconf 81' lang='lat' dir='ltr'>quse</span> <span class='ocrx_word' id='word_1_117' title='bbox 478 1927 579 1986; x_wconf 90' lang='lat' dir='ltr'>Livius</span> <span class='ocrx_word' id='word_1_118' title='bbox 602 1945 706 2004; x_wconf 84' lang='lat' dir='ltr'>porum</span> <span class='ocrx_word' id='word_1_119' title='bbox 737 1927 888 2003; x_wconf 84' lang='lat' dir='ltr'>diligenter</span> <span class='ocrx_word' id='word_1_120' title='bbox 909 1926 1068 1996; x_wconf 85' lang='lat' dir='ltr'>contruxit,</span> <span class='ocrx_word' id='word_1_121' title='bbox 1089 1925 1161 1982; x_wconf 87' lang='lat' dir='ltr'>Per·</span> 
     </span>
     <span class='ocr_line' id='line_1_17' title="bbox 102 2033 1161 2108; baseline -0.006 -16"><span class='ocrx_word' id='word_1_122' title='bbox 102 2053 154 2092; x_wconf 85' lang='lat' dir='ltr'>see</span> <span class='ocrx_word' id='word_1_123' title='bbox 174 2035 252 2104; x_wconf 87' lang='lat' dir='ltr'>dicit,</span> <span class='ocrx_word' id='word_1_124' title='bbox 274 2045 358 2092; x_wconf 87' lang='lat' dir='ltr'>nocte</span> <span class='ocrx_word' id='word_1_125' title='bbox 379 2035 491 2092; x_wconf 85' lang='lat' dir='ltr'>Pellem</span> <span class='ocrx_word' id='word_1_126' title='bbox 515 2035 685 2108; x_wconf 84' lang='lat' dir='ltr'>ingressum,</span> <span class='ocrx_word' id='word_1_127' title='bbox 707 2034 833 2092; x_wconf 86' lang='lat' dir='ltr'>Enetum</span> <span class='ocrx_word' id='word_1_128' title='bbox 860 2044 888 2092; x_wconf 86' lang='lat' dir='ltr'>et</span> <span class='ocrx_word' id='word_1_129' title='bbox 910 2033 1051 2102; x_wconf 67' lang='lat' dir='ltr'>Eulaeum,</span> <span class='ocrx_word' id='word_1_130' title='bbox 1074 2047 1161 2107; x_wconf 92' lang='lat' dir='ltr'>pecu-</span> 
     </span>
     <span class='ocr_line' id='line_1_18' title="bbox 102 2138 1162 2216; baseline -0.005 -18"><span class='ocrx_word' id='word_1_131' title='bbox 102 2141 157 2200; x_wconf 81' lang='lat' dir='ltr'>uiae</span> <span class='ocrx_word' id='word_1_132' title='bbox 179 2142 323 2210; x_wconf 84' lang='lat' dir='ltr'>custodes,</span> <span class='ocrx_word' id='word_1_133' title='bbox 345 2139 394 2215; x_wconf 91' lang='lat' dir='ltr'>qui</span> <span class='ocrx_word' id='word_1_134' title='bbox 417 2149 523 2215; x_wconf 82' lang='lat' dir='ltr'>preesto</span> <span class='ocrx_word' id='word_1_135' title='bbox 547 2138 669 2196; x_wconf 84' lang='lat' dir='ltr'>fuissent</span> <span class='ocrx_word' id='word_1_136' title='bbox 695 2149 723 2198; x_wconf 93' lang='lat' dir='ltr'>et</span> <span class='ocrx_word' id='word_1_137' title='bbox 743 2141 910 2216; x_wconf 88' lang='lat' dir='ltr'>importune</span> <span class='ocrx_word' id='word_1_138' title='bbox 930 2139 1063 2196; x_wconf 83' lang='lat' dir='ltr'>libertate</span> <span class='ocrx_word' id='word_1_139' title='bbox 1086 2155 1162 2212; x_wconf 80' lang='lat' dir='ltr'>prae-</span> 
     </span>
     <span class='ocr_line' id='line_1_19' title="bbox 103 2243 1162 2322; baseline -0.006 -18"><span class='ocrx_word' id='word_1_140' title='bbox 103 2247 189 2304; x_wconf 83' lang='lat' dir='ltr'>teritn</span> <span class='ocrx_word' id='word_1_141' title='bbox 209 2247 452 2322; x_wconf 85' lang='lat' dir='ltr'>reprehenderent</span> <span class='ocrx_word' id='word_1_142' title='bbox 473 2245 650 2321; x_wconf 83' lang='lat' dir='ltr'>consilioque</span> <span class='ocrx_word' id='word_1_143' title='bbox 672 2247 783 2318; x_wconf 85' lang='lat' dir='ltr'>durent,</span> <span class='ocrx_word' id='word_1_144' title='bbox 805 2265 858 2304; x_wconf 85' lang='lat' dir='ltr'>suu</span> <span class='ocrx_word' id='word_1_145' title='bbox 879 2243 1162 2302; x_wconf 84' lang='lat' dir='ltr'>menuinterlecisse.</span> 
     </span>
     <span class='ocr_line' id='line_1_20' title="bbox 103 2348 1162 2427; baseline -0.008 -15"><span class='ocrx_word' id='word_1_146' title='bbox 103 2354 267 2427; x_wconf 86' lang='lat' dir='ltr'>Utrumque</span> <span class='ocrx_word' id='word_1_147' title='bbox 289 2351 433 2408; x_wconf 87' lang='lat' dir='ltr'>hominem</span> <span class='ocrx_word' id='word_1_148' title='bbox 460 2351 547 2409; x_wconf 81' lang='lat' dir='ltr'>etium</span> <span class='ocrx_word' id='word_1_149' title='bbox 569 2353 684 2410; x_wconf 82' lang='lat' dir='ltr'>Livium</span> <span class='ocrx_word' id='word_1_150' title='bbox 707 2352 889 2422; x_wconf 81' lang='lat' dir='ltr'>nominasse,</span> <span class='ocrx_word' id='word_1_151' title='bbox 923 2350 1050 2408; x_wconf 86' lang='lat' dir='ltr'>ostendit</span> <span class='ocrx_word' id='word_1_152' title='bbox 1069 2348 1162 2406; x_wconf 86' lang='lat' dir='ltr'>codex</span> 
     </span>
     <span class='ocr_line' id='line_1_21' title="bbox 103 2455 1162 2537; baseline -0.005 -21"><span class='ocrx_word' id='word_1_153' title='bbox 103 2462 303 2537; x_wconf 67' lang='lat' dir='ltr'>(preerant</span> <span class='ocrx_word' id='word_1_154' title='bbox 325 2463 584 2532; x_wconf 74' lang='lat' dir='ltr'>coactusque),</span> <span class='ocrx_word' id='word_1_155' title='bbox 614 2459 744 2534; x_wconf 89' lang='lat' dir='ltr'>viditque</span> <span class='ocrx_word' id='word_1_156' title='bbox 767 2456 1038 2524; x_wconf 82' lang='lat' dir='ltr'>Weissenbornius3</span> <span class='ocrx_word' id='word_1_157' title='bbox 1063 2455 1092 2511; x_wconf 90' lang='lat' dir='ltr'>in</span> <span class='ocrx_word' id='word_1_158' title='bbox 1115 2473 1162 2512; x_wconf 89' lang='lat' dir='ltr'>oe·</span> 
     </span>
     <span class='ocr_line' id='line_1_22' title="bbox 104 2559 1161 2640; baseline -0.007 -16"><span class='ocrx_word' id='word_1_159' title='bbox 104 2565 173 2624; x_wconf 87' lang='lat' dir='ltr'>teris</span> <span class='ocrx_word' id='word_1_160' title='bbox 203 2564 362 2638; x_wconf 74' lang='lat' dir='ltr'>oberravit,</span> <span class='ocrx_word' id='word_1_161' title='bbox 385 2581 452 2620; x_wconf 85' lang='lat' dir='ltr'>unnr</span> <span class='ocrx_word' id='word_1_162' title='bbox 474 2581 491 2619; x_wconf 92' lang='lat' dir='ltr'>e</span> <span class='ocrx_word' id='word_1_163' title='bbox 512 2564 620 2622; x_wconf 86' lang='lat' dir='ltr'>codicis</span> <span class='ocrx_word' id='word_1_164' title='bbox 641 2564 770 2640; x_wconf 81' lang='lat' dir='ltr'>vestigiis</span> <span class='ocrx_word' id='word_1_165' title='bbox 791 2565 853 2622; x_wconf 82' lang='lat' dir='ltr'>herc</span> <span class='ocrx_word' id='word_1_166' title='bbox 875 2559 1050 2620; x_wconf 84' lang='lat' dir='ltr'>efficiuntur:</span> <span class='ocrx_word' id='word_1_167' title='bbox 1079 2579 1161 2618; x_wconf 78' lang='lat' dir='ltr'>vex-</span> 
     </span>
     <span class='ocr_line' id='line_1_23' title="bbox 103 2666 1162 2749; baseline -0.011 -13"><span class='ocrx_word' id='word_1_168' title='bbox 103 2682 187 2729; x_wconf 71' lang='lat' dir='ltr'>atus</span> <span class='ocrx_word' id='word_1_169' title='bbox 210 2667 301 2749; x_wconf 63' lang='lat' dir='ltr'>[est]</span> <span class='ocrx_word' id='word_1_170' title='bbox 346 2670 386 2727; x_wconf 82' lang='lat' dir='ltr'>ln</span> <span class='ocrx_word' id='word_1_171' title='bbox 407 2669 511 2745; x_wconf 68' lang='lat' dir='ltr'>regia</span> <span class='ocrx_word' id='word_1_172' title='bbox 533 2676 666 2734; x_wconf 72' lang='lat' dir='ltr'>nensis</span> <span class='ocrx_word' id='word_1_173' title='bbox 687 2671 839 2738; x_wconf 89' lang='lat' dir='ltr'>Perseo,</span> <span class='ocrx_word' id='word_1_174' title='bbox 862 2667 924 2744; x_wconf 87' lang='lat' dir='ltr'>qui</span> <span class='ocrx_word' id='word_1_175' title='bbox 946 2666 1056 2726; x_wconf 81' lang='lat' dir='ltr'>Pellre</span> <span class='ocrx_word' id='word_1_176' title='bbox 1077 2685 1162 2743; x_wconf 84' lang='lat' dir='ltr'>proe·</span> 
     </span>
     <span class='ocr_line' id='line_1_24' title="bbox 104 2772 1162 2855; baseline -0.005 -21"><span class='ocrx_word' id='word_1_177' title='bbox 104 2787 227 2848; x_wconf 79' lang='lat' dir='ltr'>erant,</span> <span class='ocrx_word' id='word_1_178' title='bbox 251 2772 658 2855; x_wconf 72' lang='lat' dir='ltr'>[Eulaeus]liuotusqne</span> <span class='ocrx_word' id='word_1_179' title='bbox 690 2786 724 2834; x_wconf 91' lang='lat' dir='ltr'>et</span> <span class='ocrx_word' id='word_1_180' title='bbox 755 2774 851 2850; x_wconf 79' lang='lat' dir='ltr'>regii</span> <span class='ocrx_word' id='word_1_181' title='bbox 886 2773 995 2850; x_wconf 91' lang='lat' dir='ltr'>pueri</span> <span class='ocrx_word' id='word_1_182' title='bbox 1027 2783 1162 2848; x_wconf 79' lang='lat' dir='ltr'>praesto</span> 
     </span>
     <span class='ocr_line' id='line_1_25' title="bbox 104 2879 1163 2958; baseline -0.002 -16"><span class='ocrx_word' id='word_1_183' title='bbox 104 2892 220 2942; x_wconf 81' lang='lat' dir='ltr'>erent.</span> <span class='ocrx_word' id='word_1_184' title='bbox 278 2881 321 2951; x_wconf 83' lang='lat' dir='ltr'>(si</span> <span class='ocrx_word' id='word_1_185' title='bbox 346 2882 410 2958; x_wconf 89' lang='lat' dir='ltr'>quis</span> <span class='ocrx_word' id='word_1_186' title='bbox 432 2892 488 2939; x_wconf 88' lang='lat' dir='ltr'>est</span> <span class='ocrx_word' id='word_1_187' title='bbox 517 2881 723 2958; x_wconf 79' lang='lat' dir='ltr'>transpositum</span> <span class='ocrx_word' id='word_1_188' title='bbox 752 2880 885 2958; x_wconf 83' lang='lat' dir='ltr'>putabit,</span> <span class='ocrx_word' id='word_1_189' title='bbox 921 2879 1059 2955; x_wconf 81' lang='lat' dir='ltr'>regium</span> <span class='ocrx_word' id='word_1_190' title='bbox 1092 2889 1163 2940; x_wconf 77' lang='lat' dir='ltr'>ets</span> 
     </span>
    </p>
   </div>
   <div class='ocr_carea' id='block_1_3' title="bbox 104 2986 1162 3065">
    <p class='ocr_par' dir='ltr' id='par_1_3' title="bbox 104 2986 1162 3065">
     <span class='ocr_line' id='line_1_26' title="bbox 104 2986 1162 3065; baseline -0.005 -17"><span class='ocrx_word' id='word_1_191' title='bbox 104 3009 203 3049; x_wconf 87' lang='lat' dir='ltr'>errore</span> <span class='ocrx_word' id='word_1_192' title='bbox 223 2989 340 3065; x_wconf 84' lang='lat' dir='ltr'>scripte,</span> <span class='ocrx_word' id='word_1_193' title='bbox 361 2989 411 3045; x_wconf 87' lang='lat' dir='ltr'>fiet</span> <span class='ocrx_word' id='word_1_194' title='bbox 432 2996 558 3045; x_wconf 85' lang='lat' dir='ltr'>tentum:</span> <span class='ocrx_word' id='word_1_195' title='bbox 576 2997 735 3045; x_wconf 77' lang='lat' dir='ltr'>vexatus</span> <span class='ocrx_word' id='word_1_196' title='bbox 757 2997 821 3044; x_wconf 87' lang='lat' dir='ltr'>est.</span> <span class='ocrx_word' id='word_1_197' title='bbox 878 2987 920 3044; x_wconf 91' lang='lat' dir='ltr'>ln</span> <span class='ocrx_word' id='word_1_198' title='bbox 948 2986 1052 3062; x_wconf 84' lang='lat' dir='ltr'>regie</span> <span class='ocrx_word' id='word_1_199' title='bbox 1078 2987 1162 3044; x_wconf 88' lang='lat' dir='ltr'>Per·</span> 
     </span>
    </p>
   </div>
   <div class='ocr_carea' id='block_1_4' title="bbox 103 3097 1162 3278">
    <p class='ocr_par' dir='ltr' id='par_1_4' title="bbox 103 3097 1162 3278">
     <span class='ocr_line' id='line_1_27' title="bbox 103 3105 243 3155; baseline 0 0"><span class='ocrx_word' id='word_1_200' title='bbox 103 3115 168 3155; x_wconf 88' lang='lat' dir='ltr'>seo</span> <span class='ocrx_word' id='word_1_201' title='bbox 190 3105 243 3155; x_wconf 88' lang='lat' dir='ltr'>cet.</span> 
     </span>
     <span class='ocr_line' id='line_1_28' title="bbox 192 3097 1162 3278; baseline -0.009 -18"><span class='ocrx_word' id='word_1_202' title='bbox 192 3097 265 3277; x_wconf 76' lang='lat' dir='ltr'>Cupi.</span> <span class='ocrx_word' id='word_1_203' title='bbox 291 3205 351 3273; x_wconf 73' lang='lat' dir='ltr'>ll,</span> <span class='ocrx_word' id='word_1_204' title='bbox 384 3204 401 3260; x_wconf 79' lang='grc'>2</span> <span class='ocrx_word' id='word_1_205' title='bbox 437 3201 487 3278; x_wconf 88' lang='lat' dir='ltr'>(de</span> <span class='ocrx_word' id='word_1_206' title='bbox 515 3202 628 3260; x_wconf 88' lang='lat' dir='ltr'>minore</span> <span class='ocrx_word' id='word_1_207' title='bbox 656 3200 690 3257; x_wconf 85' lang='lat' dir='ltr'>L.</span> <span class='ocrx_word' id='word_1_208' title='bbox 713 3197 826 3256; x_wconf 88' lang='lat' dir='ltr'>AEmilii</span> <span class='ocrx_word' id='word_1_209' title='bbox 848 3197 907 3256; x_wconf 87' lang='lat' dir='ltr'>filio</span> <span class='ocrx_word' id='word_1_210' title='bbox 928 3207 997 3274; x_wconf 91' lang='lat' dir='ltr'>post</span> <span class='ocrx_word' id='word_1_211' title='bbox 1020 3195 1162 3272; x_wconf 87' lang='lat' dir='ltr'>proelium</span> 
     </span>
    </p>
   </div>
   <div class='ocr_carea' id='block_1_5' title="bbox 118 3405 301 3415">
    <p class='ocr_par' dir='ltr' id='par_1_5' title="bbox 118 3405 301 3415">
     <span class='ocr_line' id='line_1_29' title="bbox 118 3405 301 3415; baseline -0.016 0"><span class='ocrx_word' id='word_1_212' title='bbox 118 3405 301 3415; x_wconf 73' lang='lat'>-——.--—-=-</span> 
     </span>
    </p>
   </div>
   <div class='ocr_carea' id='block_1_6' title="bbox 172 3505 1164 4121">
    <p class='ocr_par' dir='ltr' id='par_1_6' title="bbox 172 3505 1164 4121">
     <span class='ocr_line' id='line_1_30' title="bbox 173 3505 1161 3568; baseline -0.01 -6"><span class='ocrx_word' id='word_1_213' title='bbox 173 3513 257 3562; x_wconf 83' lang='lat' dir='ltr'>sertim</span> <span class='ocrx_word' id='word_1_214' title='bbox 277 3512 299 3562; x_wconf 86' lang='lat' dir='ltr'>si</span> <span class='ocrx_word' id='word_1_215' title='bbox 317 3526 407 3560; x_wconf 86' lang='lat' dir='ltr'>ornnes</span> <span class='ocrx_word' id='word_1_216' title='bbox 428 3511 600 3560; x_wconf 74' lang='lat' dir='ltr'>Macedonum</span> <span class='ocrx_word' id='word_1_217' title='bbox 619 3508 707 3556; x_wconf 80' lang='lat' dir='ltr'>clades</span> <span class='ocrx_word' id='word_1_218' title='bbox 725 3515 928 3566; x_wconf 77' lang='lat' dir='ltr'>numerarentur,</span> <span class='ocrx_word' id='word_1_219' title='bbox 947 3519 1031 3568; x_wconf 78' lang='lat' dir='ltr'>neque</span> <span class='ocrx_word' id='word_1_220' title='bbox 1049 3505 1081 3553; x_wconf 90' lang='lat' dir='ltr'>de</span> <span class='ocrx_word' id='word_1_221' title='bbox 1101 3519 1161 3552; x_wconf 89' lang='lat' dir='ltr'>con·</span> 
     </span>
     <span class='ocr_line' id='line_1_31' title="bbox 173 3597 1163 3666; baseline -0.009 -12"><span class='ocrx_word' id='word_1_222' title='bbox 173 3605 292 3654; x_wconf 84' lang='lat' dir='ltr'>sentienti</span> <span class='ocrx_word' id='word_1_223' title='bbox 312 3604 406 3653; x_wconf 86' lang='lat' dir='ltr'>iudicio</span> <span class='ocrx_word' id='word_1_224' title='bbox 425 3604 474 3652; x_wconf 86' lang='lat' dir='ltr'>diei</span> <span class='ocrx_word' id='word_1_225' title='bbox 494 3603 530 3652; x_wconf 81' lang='lat' dir='ltr'>sic</span> <span class='ocrx_word' id='word_1_226' title='bbox 551 3609 652 3666; x_wconf 76' lang='lat' dir='ltr'>poterat</span> <span class='ocrx_word' id='word_1_227' title='bbox 678 3601 738 3665; x_wconf 89' lang='lat' dir='ltr'>(pro</span> <span class='ocrx_word' id='word_1_228' title='bbox 766 3613 798 3648; x_wconf 79' lang='lat' dir='ltr'>eo</span> <span class='ocrx_word' id='word_1_229' title='bbox 817 3599 885 3663; x_wconf 90' lang='lat' dir='ltr'>quod</span> <span class='ocrx_word' id='word_1_230' title='bbox 904 3607 955 3646; x_wconf 82' lang='lat' dir='ltr'>est:</span> <span class='ocrx_word' id='word_1_231' title='bbox 984 3597 1070 3646; x_wconf 89' lang='lat' dir='ltr'>inter</span> <span class='ocrx_word' id='word_1_232' title='bbox 1099 3597 1163 3646; x_wconf 84' lang='lat' dir='ltr'>Ro-</span> 
     </span>
     <span class='ocr_line' id='line_1_32' title="bbox 174 3687 1162 3760; baseline -0.012 -12"><span class='ocrx_word' id='word_1_233' title='bbox 174 3698 304 3760; x_wconf 70' lang='lat' dir='ltr'>manos).</span> <span class='ocrx_word' id='word_1_234' title='bbox 349 3695 517 3747; x_wconf 78' lang='lat' dir='ltr'>scribendum</span> <span class='ocrx_word' id='word_1_235' title='bbox 537 3693 615 3758; x_wconf 80' lang='lat' dir='ltr'>igitur</span> <span class='ocrx_word' id='word_1_236' title='bbox 634 3703 684 3744; x_wconf 83' lang='lat' dir='ltr'>est:</span> <span class='ocrx_word' id='word_1_237' title='bbox 702 3691 819 3742; x_wconf 75' lang='lat' dir='ltr'>Facile</span> <span class='ocrx_word' id='word_1_238' title='bbox 835 3689 1066 3746; x_wconf 71' lang='lat' dir='ltr'>conveniebat,</span> <span class='ocrx_word' id='word_1_239' title='bbox 1079 3687 1162 3737; x_wconf 83' lang='lat' dir='ltr'>eRo·</span> 
     </span>
     <span class='ocr_line' id='line_1_33' title="bbox 174 3779 1163 3852; baseline -0.014 -12"><span class='ocrx_word' id='word_1_240' title='bbox 174 3789 280 3840; x_wconf 82' lang='lat' dir='ltr'>uronis</span> <span class='ocrx_word' id='word_1_241' title='bbox 308 3803 475 3852; x_wconf 74' lang='lat' dir='ltr'>uunquam</span> <span class='ocrx_word' id='word_1_242' title='bbox 501 3798 549 3837; x_wconf 88' lang='lat' dir='ltr'>cet</span> <span class='ocrx_word' id='word_1_243' title='bbox 598 3785 665 3836; x_wconf 81' lang='lat' dir='ltr'>Num</span> <span class='ocrx_word' id='word_1_244' title='bbox 687 3787 801 3835; x_wconf 80' lang='lat' dir='ltr'>detivnur</span> <span class='ocrx_word' id='word_1_245' title='bbox 822 3801 868 3849; x_wconf 87' lang='lat' dir='ltr'>pro</span> <span class='ocrx_word' id='word_1_246' title='bbox 886 3781 1065 3848; x_wconf 73' lang='lat' dir='ltr'>praepositione</span> <span class='ocrx_word' id='word_1_247' title='bbox 1084 3795 1100 3828; x_wconf 79' lang='lat' dir='ltr'>s</span> <span class='ocrx_word' id='word_1_248' title='bbox 1118 3779 1163 3828; x_wconf 83' lang='lat' dir='ltr'>Li·</span> 
     </span>
     <span class='ocr_line' id='line_1_34' title="bbox 172 3871 1162 3946; baseline -0.012 -14"><span class='ocrx_word' id='word_1_249' title='bbox 172 3881 214 3932; x_wconf 79' lang='lat' dir='ltr'>vio</span> <span class='ocrx_word' id='word_1_250' title='bbox 232 3883 345 3946; x_wconf 84' lang='lat' dir='ltr'>positum</span> <span class='ocrx_word' id='word_1_251' title='bbox 364 3881 440 3932; x_wconf 83' lang='lat' dir='ltr'>nimis</span> <span class='ocrx_word' id='word_1_252' title='bbox 455 3881 542 3930; x_wconf 81' lang='lat' dir='ltr'>leviter</span> <span class='ocrx_word' id='word_1_253' title='bbox 559 3889 586 3929; x_wconf 90' lang='lat' dir='ltr'>et</span> <span class='ocrx_word' id='word_1_254' title='bbox 603 3879 658 3929; x_wconf 85' lang='lat' dir='ltr'>sine</span> <span class='ocrx_word' id='word_1_255' title='bbox 675 3879 823 3929; x_wconf 84' lang='lat' dir='ltr'>discrimine</span> <span class='ocrx_word' id='word_1_256' title='bbox 837 3874 1063 3927; x_wconf 70' lang='lat' dir='ltr'>Drakenborcbtns</span> <span class='ocrx_word' id='word_1_257' title='bbox 1081 3871 1162 3934; x_wconf 80' lang='lat' dir='ltr'>fingit.</span> 
     </span>
     <span class='ocr_line' id='line_1_35' title="bbox 172 3967 1164 4038; baseline -0.01 -14"><span class='ocrx_word' id='word_1_258' title='bbox 172 3973 232 4024; x_wconf 75' lang='lat' dir='ltr'>Non</span> <span class='ocrx_word' id='word_1_259' title='bbox 251 3975 335 4024; x_wconf 82' lang='lat' dir='ltr'>minus</span> <span class='ocrx_word' id='word_1_260' title='bbox 354 3986 443 4024; x_wconf 77' lang='lat' dir='ltr'>eontra</span> <span class='ocrx_word' id='word_1_261' title='bbox 462 3975 577 4025; x_wconf 85' lang='lat' dir='ltr'>codicem</span> <span class='ocrx_word' id='word_1_262' title='bbox 596 3972 674 4038; x_wconf 81' lang='lat' dir='ltr'>poulo</span> <span class='ocrx_word' id='word_1_263' title='bbox 692 3981 752 4020; x_wconf 80' lang='lat' dir='ltr'>suto</span> <span class='ocrx_word' id='word_1_264' title='bbox 770 3971 800 4033; x_wconf 65' lang='grc' dir='ltr'>(ὃ</span> <span class='ocrx_word' id='word_1_265' title='bbox 820 3972 846 4032; x_wconf 78' lang='grc'>6)</span> <span class='ocrx_word' id='word_1_266' title='bbox 862 3977 921 4018; x_wconf 76' lang='lat' dir='ltr'>ente</span> <span class='ocrx_word' id='word_1_267' title='bbox 939 3969 1070 4033; x_wconf 68' lang='lat' dir='ltr'>scaphis</span> <span class='ocrx_word' id='word_1_268' title='bbox 1089 3967 1164 4014; x_wconf 79' lang='lat' dir='ltr'>sddi-</span> 
     </span>
     <span class='ocr_line' id='line_1_36' title="bbox 172 4075 322 4121; baseline 0.033 -5"><span class='ocrx_word' id='word_1_269' title='bbox 172 4075 225 4116; x_wconf 88' lang='lat' dir='ltr'>tnrn</span> <span class='ocrx_word' id='word_1_270' title='bbox 244 4076 283 4118; x_wconf 82' lang='lat' dir='ltr'>est</span> <span class='ocrx_word' id='word_1_271' title='bbox 299 4083 322 4121; x_wconf 79' lang='lat' dir='ltr'>e.</span> 
     </span>
    </p>
   </div>
   <div class='ocr_carea' id='block_1_7' title="bbox 0 0 1422 4646">
    <p class='ocr_par' dir='ltr' id='par_1_7' title="bbox 0 0 1422 4646">
     <span class='ocr_line' id='line_1_37' title="bbox 0 0 1422 4646; baseline 0 0"><span class='ocrx_word' id='word_1_272' title='bbox 0 0 1422 4646; x_wconf 95' lang='lat' dir='ltr'> </span> 
     </span>
    </p>
   </div>
  </div>
 </body>
</html>
