2826 4650
615 221 651 277 19

100 411 259 480 pargantur,
292 413 344 462 eut
371 403 449 478 quod
478 419 598 480 prorsus
628 402 755 460 eiusdem
785 403 899 480 generis
920 413 987 462 sunt
1008 413 1096 480 atque
1116 423 1161 476 ea,

101 527 164 583 quse
186 510 315 568 omnium
338 518 389 567 aut
408 509 614 584 plerorumque
637 526 778 568 consensu
808 510 846 568 ed
867 511 1053 586 archetypum
1074 529 1161 568 revo-

99 625 219 686 centur,
247 617 297 674 sed
326 616 416 674 multo
438 615 543 673 certius
565 613 802 690 manifestiusque
824 636 861 674 ex
883 635 927 687 eo,
950 616 1028 690 quod
1050 633 1087 672 ex
1109 615 1160 672 du·

100 719 168 798 plici
197 723 340 798 scriptura
367 722 474 780 codicis
496 720 620 778 Medicei
646 720 675 777 in
702 723 824 793 ceteris,
851 723 977 780 maxime
1004 720 1160 778 Purisiensi

101 837 129 884 et
150 827 356 896 deterioribus,
378 829 442 886 eliis
464 827 535 886 loeis
552 827 658 898 verior,
680 827 744 884 eliis
768 828 902 899 deterior,
923 829 979 885 hoc
1001 836 1053 898 est,
1073 827 1161 884 inter-

100 942 312 1008 pretamentum
348 934 495 994 retinetur.
566 935 671 1008 Itaque
706 934 842 1008 quoniam
878 935 1162 1009 interpretamentum

101 1039 183 1096 initio
205 1041 388 1098 coniunctum
420 1058 484 1098 esse
506 1039 605 1097 debuit
636 1058 701 1097 cum
729 1058 801 1097 vere
821 1041 964 1116 scripturo
995 1058 1030 1096 ac
1060 1047 1163 1114 postee

100 1145 219 1202 demum
241 1145 267 1202 ei
291 1146 383 1204 solum
405 1145 539 1202 substitui
553 1145 656 1221 potuit,
677 1146 722 1202 his
740 1165 855 1221 quoque
866 1147 938 1204 loeis
955 1146 985 1202 in
1002 1145 1100 1219 aliquo
1114 1162 1162 1201 co·

101 1252 182 1318 dice,
215 1271 253 1310 ex
279 1271 337 1327 quo
359 1259 388 1308 et
408 1250 556 1308 Mediceus
586 1260 616 1308 et
635 1251 808 1310 Perisiensis
836 1253 980 1327 ceterique
1008 1251 1065 1308 orti
1088 1259 1163 1322 suut,

101 1358 157 1415 hoc
179 1369 238 1427 est,
270 1358 300 1414 iu
322 1358 387 1416 cod.
409 1351 570 1433 archetypo⁸
588 1357 696 1432 duplex
717 1358 861 1433 scriptura
881 1357 950 1428 fuit,
982 1357 1032 1414 sed
1054 1357 1163 1415 librarii

101 1463 190 1522 ueteri
219 1465 337 1540 (preter
362 1464 441 1534 illos,
471 1465 520 1539 qui
540 1463 619 1519 Med.
641 1472 671 1520 et
692 1463 824 1520 Rheneni
846 1465 960 1521 codices
981 1463 1164 1538 scripserunt,

100 1579 152 1626 sut
174 1569 266 1640 illum,
289 1569 338 1644 qui
357 1571 442 1628 huius
462 1569 613 1644 utriusque
631 1567 796 1648 parentem)
817 1567 962 1645 plerisque
983 1569 1053 1626 locis
1074 1587 1164 1626 unum

101 1677 277 1752 scripturam
298 1685 464 1746 tenuerunt,
491 1685 542 1732 aut
567 1693 647 1745 eum,
676 1694 739 1750 quae
761 1675 790 1731 in
814 1675 914 1733 ordine
936 1683 1025 1744 esset,
1046 1673 1166 1732 feliciter

101 1781 357 1858 interpolationem
378 1783 516 1850 vitantes,
550 1791 704 1852 anteum,
738 1799 801 1855 quse
823 1799 912 1857 supro
932 1782 1053 1857 scripta,
1087 1781 1165 1856 quod

102 1905 169 1944 eam
201 1887 425 1945 emendatiorem
458 1881 642 1963 putabanr1).
689 1889 790 1960 Atque
813 1887 874 1943 haec
905 1887 947 1944 ita
969 1906 1047 1959 esse,
1075 1906 1165 1963 eppa·

101 1992 196 2063 nebit,
229 2009 265 2048 ne
286 1993 372 2066 pluro
391 2010 561 2069 congeram,
594 1991 700 2048 velex
726 1993 810 2050 unius
838 1993 904 2050 libri
929 1993 1006 2050 tertii
1033 1993 1106 2051 locis
1128 1993 1166 2050 ed

102 2099 181 2155 hanc
203 2097 390 2172 quaestiouem
412 2096 635 2173 pertinentibus,
663 2115 736 2172 quos
757 2097 834 2156 infr-a
858 2094 1027 2175 indicavi2).
1088 2100 1166 2169 Uno,

122 2402 147 2470 ¹)
179 2405 207 2456 Si
227 2407 292 2470 quis,
311 2405 361 2454 hac
379 2407 504 2471 descripta
523 2407 642 2458 codicum
660 2410 827 2471 cognationer

482 2523 538 2572 cod.
557 2523 626 2574 arch.

396 2623 495 2687 *x—
655 2610 685 2660 P.
704 2619 730 2659 at
747 2611 825 2659 ceteri

396 2695 463 2744 Med.
483 2695 600 2760 (Rhen),

177 2789 204 2836 in
222 2788 280 2837 cod.
299 2803 317 2836 x
335 2787 449 2852 duplices
472 2788 531 2839 illas
554 2789 692 2853 scripturus
711 2797 780 2838 ortas
804 2797 889 2852 putat,
917 2803 975 2852 qua
1000 2789 1026 2837 in
1050 2789 1170 2839 Medicco

177 2889 251 2940 suut,
283 2895 337 2929 non
359 2889 496 2944 potuerunt
523 2882 749 2945 interpretamenta
773 2882 800 2930 in
823 2897 841 2930 x
864 2883 964 2930 demum
995 2882 1122 2947 adscripta
1144 2884 1170 2931 in

179 2975 235 3023 cod.
254 2973 285 3022 P.
304 2982 330 3022 et
348 2983 445 3024 ceteros
462 2973 578 3032 transire,
598 2974 703 3038 expulsa
720 2989 781 3022 vere
799 2974 930 3038 scriptura.

122 3085 148 3153 ²)
183 3088 246 3153 Cap.
267 3093 309 3146 26,
332 3091 346 3136 5
366 3087 448 3136 nihil
467 3097 531 3137 tam
550 3089 816 3154 necinopinatum
838 3089 927 3151 (Med,
946 3089 1018 3138 Harl.
1031 3094 1053 3148 1,
1066 3089 1171 3147 Leidl,

179 3183 223 3231 alii
255 3181 340 3241 multi3
373 3181 430 3229 cod.
460 3180 590 3241 Rheneni,
623 3181 666 3230 hic
691 3197 707 3230 a
731 3181 801 3230 Med.
828 3181 974 3230 discedens:
1000 3181 1085 3230 nihil
1108 3189 1170 3230 tam

179 3276 432 3339 necopinatum,
456 3272 516 3324 Par.
535 3273 618 3323 nihil
640 3283 703 3322 tam
728 3273 949 3337 inopinatum,
973 3274 1108 3323 deteriores
1126 3272 1171 3324 all·

180 3377 245 3432 quot
261 3367 348 3416 nihil
366 3381 424 3415 nec
442 3374 504 3416 tam
523 3365 753 3430 inopinatum);
778 3365 830 3414 ibd.
850 3370 865 3414 9
885 3374 938 3415 sat
955 3367 1018 3416 iam
1046 3368 1171 3416 satisne

182 3461 276 3510 salva
302 3469 414 3509 esseut
439 3459 545 3508 omnia
567 3458 600 3506 iu
625 3458 745 3508 salvem
764 3457 854 3522 (Meu,
883 3458 942 3519 Ru,
969 3460 1018 3509 uisi
1044 3460 1112 3524 quod
1129 3459 1171 3508 hic

180 3553 211 3602 in
230 3551 353 3602 salvem
372 3552 480 3613 omittit3
497 3549 641 3600 indeLeid.
660 3555 671 3598 l
691 3550 762 3600 Harl.
784 3557 795 3598 l
814 3552 922 3600 satine
942 3552 1035 3602 aulva
1053 3551 1171 3611 omnic,

180 3646 225 3695 elii
246 3645 378 3694 satisne
403 3644 498 3692 salve
515 3644 634 3702 omnia,
654 3643 715 3692 Par.
734 3659 751 3692 a
768 3643 850 3707 prima
869 3658 947 3693 manu
964 3644 1051 3693 aatiu
1070 3643 1171 3702 salve,

181 3753 198 3788 s
216 3753 280 3788 secr
308 3752 363 3786 rae
390 3737 616 3786 salraesaent
634 3735 770 3799 omnia)3
797 3753 819 3786 c.
839 3743 887 3796 sl,
913 3741 927 3784 5
953 3736 990 3784 eb
1009 3731 1038 3784 C.
1057 3733 1172 3784 Calvio

183 3831 330 3882 Claudio
350 3828 511 3878 Cicerone
529 3827 621 3890 (Mod,
640 3827 710 3878 Harl.
729 3835 756 3892 l;
774 3829 833 3878 inde
850 3828 881 3877 Ρ.
900 3842 1003 3892 pravum
1022 3829 1115 3878 tenuit:
1134 3828 1172 3877 ab

181 3922 363 3975 &Claudio
376 3919 547 3980 Cicerone,
565 3921 642 3970 ceteri
655 3927 765 3970 rectum:
783 3921 822 3970 ab
836 3918 866 3972 C.
882 3919 1172 3981 CalvioGiceroue,

181 4024 228 4065 aut
245 4015 337 4064 leviter
352 4016 385 4064 ab
403 4015 452 4064 hoc
471 4014 618 4078 aberrant);
637 4019 714 4075 c.84‚
731 4017 745 4062 h
765 4014 935 4063 inuasisse
953 4027 1016 4062 nou
1034 4013 1173 4064 turrim

941 4101 974 4154 2*
