2822 4648
580 303 635 359 123
991 301 1046 349 Lib.
1070 301 1119 392 V..

67 486 175 544 Gallia
198 485 306 554 veniat,
328 505 381 560 per
402 485 563 548 'laur-inus,
595 484 645 558 qui
666 484 704 540 ab
724 486 833 542 oriente
855 485 975 560 Alpium
998 485 1142 554 habitant,

67 591 241 649 necessario
264 610 330 667 per
353 591 539 647 Taurinos
561 589 676 646 saltus
693 591 894 666 coniungenda
910 600 986 648 suut.
1036 591 1141 664 Itaque

69 698 219 754 excidisse
240 696 356 752 videtur
376 714 480 752 nomen
503 695 625 752 alterum
649 703 716 752 ante
738 677 812 770 que.
864 696 898 752 lu
917 694 1140 768 codicibus,qui

69 813 256 860 momentum
280 800 399 870 faciunt,
422 807 466 866 iet
486 800 547 858 fere
570 800 672 858 ceteris
695 797 826 876 quoque)
847 801 944 868 idest,
966 799 1044 874 quod
1065 819 1143 874 prta·

70 909 186 984 scripsi,
209 907 268 964 nisi
289 907 410 981 quodP
434 907 522 963 habet
543 907 645 963 Iuliae
668 906 743 962 alte
768 907 892 981 Alpis,
914 905 1072 962 litterarum
1091 925 1141 980 ge·

70 1015 235 1070 minatione
257 1021 370 1082 ortum,
400 1013 446 1068 Hl
480 1021 575 1068 utitem
598 1011 700 1068 iuriae
722 1011 842 1086 Alpis,
872 1013 982 1086 inquo
1006 1012 1069 1068 veri
1090 1031 1143 1068 ve·

71 1119 191 1194 stigium
216 1129 363 1175 servatum
386 1133 450 1174 esse
470 1126 555 1192 puto;
589 1117 704 1174 Livium
727 1117 802 1174 enim
825 1117 973 1192 scripsisse
996 1117 1144 1192 suspicor:

71 1224 345 1300 pcr'l'aurinos
371 1224 488 1280 saltus
512 1222 719 1296 vallemque
751 1223 872 1280 Duriae
898 1221 1011 1297 Alpes
1041 1231 1141 1278 treu-

73 1330 312 1388 scenderunt.
341 1325 456 1382 Vallem
476 1325 620 1400 significat
642 1327 742 1384 Durioe
762 1327 897 1398 fluminis,
919 1347 971 1402 per
993 1346 1079 1401 quam
1105 1327 1142 1382 ab

73 1437 205 1512 Alpibus
229 1431 409 1493 Centronieis
432 1429 479 1498 (le
500 1440 597 1487 mont
618 1430 742 1504 Canis)
766 1432 929 1489 adPadnm
952 1433 1143 1489 descenditur.

73 1543 122 1599 Ea
145 1551 245 1598 entem
267 1539 317 1595 via
338 1535 443 1596 Gallos
465 1543 662 1611 transgressos
685 1553 758 1606 esse,
781 1555 880 1594 omnes
902 1537 1093 1600 consentiunt.

162 1645 237 1721 Cap.
265 1646 320 1714 36,
346 1646 396 1700 ltl:
430 1661 471 1698 ne
503 1661 612 1717 penes
639 1643 742 1718 ipsos
771 1643 877 1718 culpa
904 1654 1003 1700 esset
1024 1641 1143 1699 cladis

73 1753 179 1810 sorte
201 1751 352 1808 Gallico
375 1747 472 1805 bello
495 1757 667 1822 acceptae,
689 1749 935 1823 cognitionem
957 1749 999 1804 de
1018 1755 1145 1823 postu·

73 1859 169 1915 latis
192 1855 384 1915 Gallorum
408 1854 451 1911 ad
474 1854 646 1928 populum
667 1854 851 1911 reiiciunt.
895 1852 1142 1926 'l‘anequilloFa-

74 1967 132 2021 bro
156 1961 316 2028 dubitanti,
348 1969 464 2016 rectene
494 1968 649 2034 accepta
681 1959 777 2017 clades
807 1962 842 2017 de
870 1960 969 2018 futura
991 1958 1146 2026 diceretur,

74 2069 216 2144 exempla
237 2066 382 2143 participii
411 2064 498 2121 simili
530 2065 673 2121 brevitate
694 2065 731 2122 de
752 2067 921 2124 condicione
942 2064 1030 2140 positi
1051 2082 1146 2138 oppo-

74 2177 135 2232 suit
161 2172 437 2239 Drakenborchius,
464 2182 609 2245 praeunte
630 2171 656 2228 Ι.
679 2171 714 2228 F.
738 2171 912 2239 Gronovio,
944 2170 981 2227 ad
1004 2171 1071 2240 lX,
1098 2171 1146 2240 ts,

75 2287 105 2340 l.
138 2279 199 2338 Sed
224 2278 283 2335 alia
304 2287 347 2334 est
368 2276 508 2333 orationis
528 2275 682 2333 insolentia
704 2278 833 2335 aFabro
856 2297 913 2334 non
929 2277 1143 2346 animadversa,

74 2385 177 2442 forte
198 2403 253 2458 pro
275 2383 435 2440 fortasse
457 2382 597 2456 positum;
627 2401 694 2440 nam
724 2383 847 2440 clades
873 2383 968 2440 forte
992 2391 1144 2456 accepte

75 2491 150 2564 qnid
172 2489 280 2546 Latino
309 2497 337 2546 et
366 2489 486 2562 antiquo
518 2487 629 2544 dicendi
651 2507 720 2559 usu,
753 2507 772 2545 a
795 2507 853 2562 quo
876 2487 977 2544 Livius
999 2505 1141 2560 nusquam

76 2596 227 2663 discessit,
249 2594 405 2669 significet,
427 2593 547 2650 dubium
568 2611 626 2650 non
648 2602 701 2650 est.
745 2594 849 2668 Itaque
871 2594 895 2650 si
918 2593 981 2666 quis
1003 2608 1147 2648 excusare

76 2701 174 2769 volet,
206 2700 302 2757 forte
321 2701 368 2756 hie
392 2699 448 2756 diei
470 2699 597 2774 potuisse
619 2697 762 2769 defendet,
786 2701 862 2773 qued
884 2699 968 2773 plene
990 2696 1142 2753 dicendum

77 2807 182 2864 fuerit:
218 2806 248 2862 si
269 2806 380 2863 ·forte
412 2805 660 2879 acciperetur.
720 2806 811 2878 Atqui
843 2805 909 2861 binc
939 2803 1007 2860 alibi
1029 2803 1061 2860 tit
1085 2821 1144 2858 uon

77 2913 179 2969 sorte
201 2911 429 2986 accepta,sed
451 2910 585 2980 clades,
605 2911 634 2966 si
656 2909 761 2978 forte,
784 2919 936 2983 accepta
957 2909 1001 2979 tid
1024 2919 1069 2965 est
1090 2927 1144 2965 ac·

77 3027 198 3092 cepta,
213 3018 245 3074 si
266 3017 367 3075 forte
389 3011 644 3091 acciperetur),
670 3025 739 3071 noto
752 3014 888 3088 loquendi
899 3031 1014 3088 genere,
1037 3015 1072 3072 de
1085 3033 1147 3089 quo

77 3133 279 3197 exposuerunt
300 3121 479 3181 Garatouiua
501 3121 538 3177 ad
561 3119 621 3179 Cic.
644 3120 926 3196 prostituantur
951 3121 991 3194 (p.
1016 3121 1075 3177 329
1098 3121 1143 3180 ed.

77 3227 147 3292 Or.)
171 3227 347 3286 etHaudius
369 3227 494 3289 'l'ursell
517 3227 550 3284 ll
571 3247 600 3302 p.
627 3229 702 3296 736,
719 3225 769 3299 qui
789 3224 893 3281 iniuria
912 3226 941 3282 in
964 3225 997 3282 11
1018 3226 1055 3282 tle
1084 3225 1144 3284 Off.

80 3337 130 3397 20.
146 3339 184 3392 70
208 3334 338 3390 oblatam
360 3352 378 3389 a
394 3333 499 3390 codiee
521 3351 537 3394 c
557 3351 658 3390 veram
680 3331 854 3405 scripturam
875 3331 994 3406 sprevit.
1037 3332 1145 3388 Exem-

79 3443 135 3518 plis
157 3441 196 3497 ub
218 3440 275 3498 illis
296 3439 423 3496 collectis
444 3439 512 3495 addi
527 3437 762 3513 potestlrucretii
783 3437 811 3492 in
833 3436 908 3493 libro
925 3437 954 3492 V
956 3437 1046 3506 ,tta
1059 3455 1146 3510 quem

80 3547 176 3604 locum
201 3547 407 3604 Lachmannus
441 3544 502 3600 sine
530 3544 591 3601 ulla
613 3563 702 3601 cmrse
726 3551 841 3601 etcum
863 3541 1004 3600 orationis
1029 3549 1144 3598 senten·

79 3655 186 3728 tiaequc
222 3651 394 3710 detrimento
424 3651 556 3710 mutavit.
620 3651 715 3725 Quam
752 3647 838 3705 facile
871 3649 901 3706 si
933 3657 999 3724 post
1029 3647 1150 3706 cledis

79 3759 216 3818 excidere
238 3755 373 3832 potuerit,
394 3765 482 3831 patet.

175 3862 249 3938 Cap.
273 3865 321 3930 39,
339 3867 384 3921 ll.
410 3863 540 3919 Parvum
564 3870 616 3932 est,
638 3853 716 3935 quod
741 3859 910 3930 adnotabo,
931 3879 985 3918 nec
1006 3861 1044 3918 ab
1066 3860 1147 3917 omni

81 3979 168 4046 parte
202 3977 323 4028 certum.
381 3968 487 4042 Quaero
520 3967 610 4036 enim,
651 3986 702 4025 cur
734 3965 833 4022 Livius
864 3962 1053 4023 flaminem
1084 3983 1143 4022 aa·

80 4074 327 4149 cerdotesque
351 4074 522 4132 Vestales
552 4091 658 4131 sacra
678 4072 826 4148 publiea
847 4090 866 4128 a
887 4071 983 4128 caede
1007 4101 1045 4114 ·-
1068 4089 1149 4146 pro·
