2800 4646
300 239 358 290 Lib.
375 239 451 293 XXI.
759 245 818 302 215

263 425 390 482 rationes
411 445 566 502 exponam,
588 428 734 504 proiectus
755 447 775 484 a
795 428 926 486 codicum
941 430 1082 488 bonorum
1108 430 1191 506 (CM)
1213 442 1244 489 et
1265 433 1318 490 ali·

264 551 346 588 orum
375 532 486 607 aliquot
515 534 659 610 scriptura
690 540 832 610 (eques,
863 554 922 592 non
953 537 1115 610 equites).
1173 539 1318 614 Apparet.

255 637 378 695 ·Livium
410 639 533 715 primum
569 641 748 716 significare,
777 643 1020 716 quemadmodum
1052 643 1140 718 pedes
1173 657 1203 702 et
1229 663 1320 720 eques

264 753 383 819 paratus
405 746 441 802 ad
464 746 711 804 transmittendum
734 746 830 816 buerit,
851 749 954 806 deinde
974 750 1067 824 ipsum
1090 749 1243 806 transitum
1264 751 1321 806 llu-

264 851 349 908 miuis
372 851 543 910 describere.
586 852 691 926 Itaque
713 853 758 910 his
781 854 888 911 verbis:
916 856 1005 923 (Iam
1039 867 1191 932 paratas
1218 865 1323 932 epta·

264 965 395 1032 tasque
416 959 589 1026 habebat)
618 959 727 1034 pedes
751 959 880 1016 lintres
909 961 1084 1036 respondere
1105 962 1197 1019 simile
1220 963 1324 1020 debet:

265 1081 376 1136 eques
399 1105 406 1119 .
428 1106 436 1119 .
459 1111 466 1122 .
488 1083 609 1124 naves.
655 1065 770 1122 Deinde
792 1067 832 1138 (in
855 1085 913 1140 quo
933 1077 1000 1141 post
1022 1066 1166 1126 Gronovii
1187 1069 1324 1126 admoni-

265 1168 372 1225 tionem
397 1171 487 1228 errem'
508 1171 646 1247 potuisse,
675 1170 722 1226 vel
742 1171 772 1228 in
793 1169 979 1230 Alschefskio
1005 1172 1105 1246 miror)
1127 1193 1186 1231 non
1209 1176 1325 1249 equites

265 1292 358 1350 neque
389 1277 455 1352 equi
486 1253 604 1346 nantes,
639 1293 762 1351 quorum
790 1277 949 1353 perexigua
984 1279 1028 1336 vis
1064 1279 1165 1336 fuisset
1194 1282 1233 1338 ad
1260 1281 1325 1338 vim

266 1399 407 1456 aquarum
429 1383 635 1460 frangendam,
668 1383 719 1439 sed
740 1401 829 1440 naves
850 1383 916 1456 ipsa
924 1385 1121 1460 magnitudine
1143 1395 1171 1442 et
1192 1385 1326 1461 pondere

266 1499 294 1545 et
315 1490 452 1548 continua
472 1491 546 1549 serie
567 1489 732 1565 (agmine)
755 1487 988 1563 tranquillitatem
1010 1492 1158 1565 praebuere
1188 1492 1326 1552 lintribus

266 1595 342 1654 infra
379 1596 645 1654 transmittentibus.
700 1595 777 1652 Tum
810 1593 953 1670 equitibus
985 1615 1074 1652 naves
1107 1597 1191 1654 datas
1223 1596 1327 1670 fuisse,

267 1703 370 1776 quibus
393 1704 497 1779 stipsi
520 1701 674 1759 transirent
695 1711 724 1757 et
745 1718 834 1775 equos
855 1700 1033 1772 traicerent,
1063 1702 1168 1776 partim
1198 1705 1327 1763 navibus

266 1808 433 1883 impositos,
463 1809 567 1883 part-im
596 1825 672 1882 pone
694 1825 784 1864 naves
806 1805 874 1864 luris
902 1817 1020 1876 tractos,
1055 1826 1092 1864 ex
1112 1807 1161 1876 iis,
1191 1828 1256 1883 quse
1277 1829 1326 1868 se-

268 1925 408 1986 quuntur,
435 1932 554 1990 prorsus
585 1914 768 1989 perspicuum
794 1921 851 1981 est;
883 1912 939 1988 ipsi
973 1913 1088 1988 quidem
1122 1915 1233 1988 equites
1263 1934 1326 1974 non

267 2027 387 2088 nerunt;
409 2039 476 2076 nam
501 2020 525 2076 ai
544 2020 640 2076 nanrlo
665 2021 702 2076 ab
729 2017 892 2076 hominibus
913 2019 1018 2076 flumen
1040 2020 1155 2077 transiri
1182 2021 1329 2096 potuisset

267 2125 412 2200 nandique
442 2145 541 2184 omnes
567 2126 652 2202 periti
680 2123 814 2192 fuissent,
842 2123 936 2182 inanis
965 2125 1066 2184 finisset
1087 2126 1180 2183 omnis
1203 2127 1325 2184 navium

268 2241 297 2288 et
314 2232 441 2291 lintrium
470 2243 635 2310 apparatus.
693 2231 881 2292 Scribendum
909 2231 996 2306 igitur
1023 2242 1081 2290 est:
1110 2233 1185 2290 Iam
1214 2253 1327 2308 para-

268 2345 324 2396 tas
349 2381 356 2396 .
378 2380 386 2394 .
410 2382 418 2397 .
441 2339 602 2397 habebnt
629 2339 737 2414 pedes
766 2336 912 2406 lintres,
945 2355 1054 2411 eques
1076 2337 1152 2396 fere
1173 2353 1328 2416 propter

268 2465 379 2520 equos
412 2464 533 2504 naves.
583 2445 737 2502 Navium
760 2462 885 2518 agmen
918 2455 973 2500 eet.
1031 2445 1203 2520 (Pleraeque
1224 2467 1328 2517 naves,

268 2571 325 2609 non
348 2571 447 2610 omnes
469 2551 613 2626 equitibus
635 2551 719 2608 datas
741 2551 884 2626 signifieat
906 2549 1034 2606 additum
1057 2548 1158 2625 sere.)

358 2657 431 2735 Cap.
450 2660 498 2724 28,
523 2662 559 2713 5:
580 2657 732 2713 tradunt
750 2655 1016 2712 ferocissimum
1040 2633 1148 2714 exiis
1170 2657 1328 2733 (elephan-

268 2762 316 2835 tis)
339 2763 525 2820 irritatum
551 2763 594 2820 ab
616 2771 760 2818 rectore
784 2779 863 2829 suo,
893 2780 996 2837 quum
1018 2761 1259 2838 refugientem
1290 2765 1327 2821 in

270 2886 397 2942 aquam
420 2879 568 2926 nantem
600 2877 830 2943 sequeretur,
858 2868 1021 2924 traxisse
1046 2887 1198 2943 gregem.
1256 2870 1328 2928 Iure

269 2973 420 3030 Walohius
451 2976 545 3044 haesit;
579 2994 663 3032 nemo
695 2973 769 3030 enim
806 2974 907 3030 eodem
937 2983 1066 3049 tempore
1096 2983 1124 3032 et
1160 2973 1266 3050 refugit
1298 2977 1327 3032 in
1389 2961 1390 2964 Ἰ

270 3099 375 3154 uquam
399 3091 426 3137 et
447 3081 505 3138 ianr
527 3091 587 3148 nat,
609 3081 686 3154 quod
711 3087 806 3136 tamen
823 3079 878 3136 ista
899 3079 1115 3154 participiorum
1138 3081 1200 3136 siue
1220 3081 1330 3155 copula

271 3186 433 3244 coniunctio
468 3188 619 3263 siguificat.
677 3185 813 3243 Debebat
844 3185 913 3243 diei:
945 3185 1075 3242 deinde
1106 3196 1249 3244 nantem
1274 3197 1329 3244 aut

271 3291 386 3349 saltem:
409 3303 442 3350 et
473 3303 629 3362 nantem3
661 3311 713 3348 neo
745 3301 841 3349 temen
877 3301 953 3361 erat,
986 3310 1037 3348 our
1069 3292 1125 3348 hoo
1159 3292 1329 3360 adderetur3

270 3417 356 3456 arnum
378 3399 452 3456 enim
474 3398 543 3456 illud
566 3398 756 3472 querebatur,
791 3397 937 3471 quomodo
968 3397 1137 3472 elephantus
1159 3397 1197 3453 ed
1218 3416 1327 3472 aquam

271 3523 308 3562 ex
330 3505 394 3582 ripa
416 3504 631 3581 ingrediendam
654 3503 764 3560 illectus
787 3512 870 3560 esset.
921 3503 1026 3576 Itaque
1047 3520 1159 3573 vereor,
1181 3523 1217 3560 ne
1238 3522 1327 3560 nan-

271 3621 337 3668 tem
370 3612 545 3688 adsoriptum
576 3610 613 3666 sit
643 3609 810 3666 declarandi
831 3627 920 3666 eausa
947 3609 983 3666 ad
1010 3607 1060 3664 illa
1081 3609 1327 3685 refugientem

271 3717 305 3774 iu
327 3736 466 3792 aquam.
509 3717 604 3776 Paulo
623 3725 690 3791 post
715 3720 743 3784 (ξ
761 3713 802 3790 8),
823 3716 873 3772 ubi
895 3715 924 3772 in
946 3715 1092 3774 codicibus
1117 3714 1159 3772 itu
1180 3713 1327 3796 scribitur:

272 3820 389 3878 altera
410 3823 503 3880 retis
595 3821 677 3880 huie
699 3820 874 3896 copulata
896 3830 966 3890 est,
988 3831 1039 3890 ut,
1059 3839 1132 3877 cunr
1156 3820 1327 3896 elephan-

271 3929 297 3985 ti
318 3949 381 4005 per
402 3929 572 3986 stabilem
593 3937 708 3986 ratem
814 3926 1150 4004 praegredientibus
1180 3925 1326 3984 lerninis

272 4037 346 4093 aeti
375 4035 434 4094 ubi
459 4035 493 4091 in
522 4035 692 4092 minorem
728 4033 952 4110 applicatam
969 4032 1202 4107 ,transgressi
1231 4042 1326 4097 aunt,
