2800 4646
599 285 657 340 sse
782 245 788 256 ’
958 281 1153 334 murm.

102 476 195 538 tate,
215 485 286 524 non
307 465 343 524 vi
365 473 473 541 atque
494 467 604 525 armis
628 467 747 526 eoacti
769 485 847 526 cum
868 467 1003 526 AEtolis
1024 477 1154 525 esseut.

100 573 149 630 Ne
187 571 379 646 grammatica
413 571 527 646 quidem
563 573 638 630 ratio
673 574 702 630 in
742 572 821 630 edita
856 572 999 648 scriptura
1029 581 1156 642 constat3

101 679 257 754 oportebat
278 677 352 735 enim
384 677 455 736 dici:
484 687 601 736 utrum
628 677 888 737 Thessalorum
909 677 1016 748 iuris,
1050 697 1154 752 quum

99 786 135 842 vi
159 784 409 842 adimerentur
444 825 514 853 ...‚
540 777 744 860 fuissent.¹)
788 783 889 841 Livius
919 783 960 841 sic
989 782 1155 858 scripserat:

99 901 234 960 utrum,
256 889 518 948 Thessalorum
540 890 632 948 iuris
654 908 760 965 quum
782 887 944 966 [caseum
960 887 995 944 ri
1017 889 1155 965 ademp-

99 1007 143 1054 tae
164 1013 416 1072 possessreque
447 995 490 1052 ab
518 979 654 1052 AEtolis
686 993 808 1052 forent
929 1012 971 1051 an
993 993 1156 1052 AEtolica

99 1101 310 1176 antiquitus
332 1120 372 1157 ea
394 1100 529 1176 oppida
549 1100 715 1158 fuissent
757 1101 826 1158 Non
844 1099 1155 1158 intellecteverborum

98 1207 286 1275 cohaerentia,
307 1215 430 1264 essent
451 1205 594 1262 omissum*
610 1215 655 1264 eat
676 1215 795 1282 propter
815 1205 946 1263 forent.
989 1207 1026 1264 Id
1049 1208 1155 1282 ageba·

97 1325 158 1382 tur,
178 1321 273 1370 utrum
295 1329 398 1388 reapse
423 1311 629 1369 Thessalorum
657 1311 766 1386 oppida
791 1321 887 1369 essent
907 1319 936 1368 et
956 1311 1155 1370 tantummodo

97 1420 129 1478 vi
152 1420 191 1477 ab
211 1417 321 1476 AEtolis
341 1435 476 1493 possessa
503 1433 540 1472 an
562 1433 630 1472 vere
652 1415 793 1478 AEtolica.

186 1523 258 1601 Cap.
283 1526 332 1596 28,
355 1527 373 1582 6
390 1524 432 1598 (iu
446 1521 575 1598 Philippi
589 1521 666 1598 apud
692 1520 804 1596 legatos
829 1523 978 1581 Romarm
999 1522 1155 1596 oratioue):

192 1641 229 1690 ut
259 1631 333 1689 tria
362 1629 463 1688 milia
489 1626 666 1684 talentum
789 1637 823 1686 et
856 1646 979 1686 omues
1009 1627 1156 1687 Graciae

97 1738 291 1808 civitates,
315 1754 405 1811 quas
427 1744 536 1792 antea
557 1733 769 1804 tenuissem,
798 1733 1037 1811 pollicentem
1059 1735 1155 1793 ultro

97 1843 324 1902 Antiochum
346 1841 381 1898 in
404 1839 602 1897 mercedem
623 1839 823 1897 societatis
845 1841 910 1898 sim
925 1849 1155 1918 aspernatus.

97 1951 191 2007 Recte
212 1957 241 2006 et
254 1967 291 2005 ex
303 1946 379 2005 Livii
393 1944 597 2004 consuetudine
618 1943 687 2020 (non
709 1943 870 2022 Ciceronis)
891 1947 995 2007 dicitnr
1015 1949 1050 2005 in
1071 1967 1168 2006 mer·¹

98 2053 222 2110 cedem
253 2053 411 2128 aliquam
443 2069 540 2108 arma
569 2069 700 2126 capere
726 2053 837 2125 (XXI,
868 2056 925 2125 43,
954 2053 999 2130 l),
1024 2056 1080 2112 hoc
1104 2065 1155 2122 est,

98 2159 163 2216 eius
184 2158 375 2234 adipiscendae
398 2175 502 2226 causa,
532 2157 774 2232 quemadmodum
798 2177 962 2235 pugnare
991 2160 1025 2216 in
1049 2159 1156 2218 liber·

99 2274 215 2322 tatem
243 2261 416 2322 Crotonis
451 2263 589 2339 (XXIV,
613 2263 650 2333 2,
673 2267 723 2334 t),
751 2264 919 2322 occidere
940 2265 1097 2339 aliquem
1121 2264 1156 2322 in

100 2369 337 2427 securitatem
360 2388 457 2428 suam
481 2369 560 2442 (XL,
589 2371 624 2426 15
647 2370 743 2442 exta),
768 2369 881 2428 similia.
926 2371 1050 2443 (Seneca
1070 2370 1156 2428 etiam

98 2475 211 2532 infinite
234 2475 320 2532 dixit:
352 2476 387 2532 in
416 2475 614 2533 mercedem
643 2475 796 2532 honesta
825 2475 960 2546 colere,
992 2475 1028 2532 de
1053 2475 1156 2538 Benei.

99 2581 158 2649 IV,
183 2583 208 2650 1,
234 2579 275 2659 l.)
323 2579 433 2638 Contra
456 2598 550 2654 neque
573 2591 650 2639 recte
670 2600 764 2656 neque
785 2581 889 2639 usitate
910 2581 966 2640 dici
987 2582 1057 2638 mihi
1077 2581 1156 2638 vids·

98 2696 149 2743 tur
177 2684 265 2744 dare
292 2687 450 2762 aliquam
482 2705 554 2744 rem
586 2687 621 2744 in
650 2686 862 2770 mercedem,
898 2687 933 2744 in
961 2686 1156 2763 praemium,

101 2791 240 2867 quoniam
264 2792 330 2868 ipsa
344 2809 390 2848 res
405 2777 514 2849 merces
528 2792 735 2868 praemiumque
750 2801 802 2862 est,
817 2792 868 2850 sed
889 2792 975 2849 dare
996 2791 1155 2866 aliquam

98 2915 173 2955 rem
196 2897 405 2956 mercedem.
453 2899 557 2976 Itaque
575 2898 630 2954 hoc
651 2898 716 2956 loco
737 2898 774 2955 in
795 2907 889 2956 ortum
912 2907 983 2975 puto
1005 2917 1042 2955 ex
1062 2897 1157 2954 littera

98 3023 127 3066 Ι
161 3013 189 3060 et
224 3004 396 3080 praecedeuti
432 3013 461 3060 et
491 3004 630 3078 sequenti.
687 3003 746 3079 (De
778 3009 793 3075 ἦ
818 3008 851 3062 ll
888 3004 948 3061 dixi
972 3002 1010 3060 ad
1032 3001 1084 3070 ΙΙ,
1118 3003 1152 3057 51

98 3131 127 3186 r·
155 3107 216 3184 ⁶4)

185 3212 258 3292 Cap.
292 3217 346 3284 30,
379 3220 411 3273 5:
443 3216 679 3292 regressique
707 3219 742 3276 in
773 3235 838 3274 sua
866 3225 989 3272 castra
1011 3210 1156 3286 (Hispani,

57 3361 63 3370 ·
99 3319 151 3396 qui
183 3331 320 3396 praetores
352 3323 424 3380 duos
452 3323 601 3380 Romanos
622 3323 733 3399 proelio
753 3321 897 3395 vicerant)
919 3336 1057 3396 paucos
1079 3317 1155 3374 dias

99 3427 241 3503 quietis
263 3429 413 3486 stativis
433 3438 658 3492 manserunt
702 3427 807 3501 Quieta
821 3425 929 3484 stativa
946 3425 1062 3494 habent,
1084 3439 1157 3497 quos

117 3707 141 3770 ¹)
167 3710 210 3760 Ex
238 3727 285 3771 eo,
318 3711 388 3776 quod
416 3721 464 3760 est:
497 3711 736 3762 Thessalorum
767 3710 849 3759 iuris
877 3707 1025 3766 fuerunt,
1062 3717 1155 3767 quum

169 3804 322 3870 adempta
340 3813 425 3864 aunt,
457 3809 524 3853 recte
541 3801 571 3852 dt
586 3800 659 3866 (post
675 3803 812 3865 praseuslr
833 3815 947 3866 quaro,
966 3814 1040 3849 uum
1059 3797 1156 3847 Thes·
1276 3865 1278 3872 Ι

171 3897 313 3947 aelorum
332 3897 415 3946 iuris
432 3895 565 3954 luerint,
584 3909 680 3959 quum
699 3896 943 3962 ademptatiut3
964 3901 1021 3958 post
1037 3890 1155 3958 praeteriti

170 3991 290 4054 temporis
313 3989 431 4046 verbum,
458 3989 506 4039 nisi
533 3988 668 4038 admodum
694 3989 853 4052 negliganter
878 3987 991 4045 scribas,
1016 3983 1155 4050 perfectum

167 4089 227 4148 post
244 4097 336 4146 quum
346 4083 372 4131 iu
382 4081 557 4147 imperfectum
571 4081 670 4132 transit.
