2810 4644
566 259 624 316 305
926 255 1091 308 btb.xxv1.

61 463 104 504 un
123 464 144 502 n
165 442 290 522 coegit
307 459 362 516 pro
384 441 508 520 eoepit
528 439 638 516 scripto
659 459 741 498 error
762 440 898 516 coeperit,
919 459 977 499 non
997 441 1128 500 dixerim.

61 549 270 621 (Contrarium
290 546 436 618 mendum,
458 555 658 623 coeperunt
683 564 738 622 pro
767 555 984 621 coegerunt,
1015 547 1127 606 correxi

61 654 171 726 XXV,
191 655 241 723 35,
262 653 307 724 8.)

148 756 222 835 Cep.
246 760 283 828 9,
316 761 333 816 6
357 759 407 834 (de
433 756 601 816 Hannibale
622 757 660 814 sd
682 759 782 816 urbem
814 759 940 816 Romam
970 756 1128 814 exercitum

62 865 217 937 ducentc):
240 865 386 924 Romam
404 863 652 939 Fregellanus
673 863 822 921 nuntius
846 863 939 922 diem
961 870 1128 920 noctem·

63 987 136 1044 que
155 967 288 1026 itinere
318 969 539 1028 continuato
568 967 752 1042 ingentem
782 969 912 1027 attulit
938 978 1129 1037 terroreuu

62 1073 348 1146 tumultuosius,
379 1093 482 1150 quem
514 1073 668 1132 ullstum
695 1083 790 1143 erat,
818 1092 925 1132 cursu
946 1073 1128 1132 bominum

62 1179 333 1256 adfingentium
365 1198 463 1238 vanu
487 1179 624 1237 auditis
648 1189 761 1238 totem
779 1179 895 1238 urbem
914 1179 1130 1238 conciverat

63 1285 166 1352 (codd.
189 1283 393 1362 conciliet).
436 1286 508 1343 Hoec
529 1304 604 1344 sens
623 1306 682 1344 non
705 1304 779 1356 esse,
793 1285 1057 1355 Weissenbornius,
1080 1284 1129 1360 qui

62 1411 203 1450 euenere
223 1401 345 1450 conatus
368 1401 420 1461 est,
442 1391 541 1449 sensit.
597 1393 703 1467 Neque
735 1391 852 1450 nuntius
880 1391 981 1448 urbem
1003 1390 1130 1446 concitat

63 1497 189 1556 aliorum
210 1497 439 1568 concursatione,
460 1515 554 1572 neque
575 1515 628 1573 pro
651 1497 871 1557 concursatione
893 1514 993 1553 cursus
1016 1495 1129 1564 dicitur,

63 1623 160 1680 neque
174 1613 252 1661 recte
266 1603 382 1662 nuntius
394 1605 511 1674 (bomo)
522 1613 551 1680 et
561 1621 608 1660 res
619 1612 827 1678 comparantur
845 1607 963 1677 (quem
978 1601 1127 1658 allatum

63 1711 170 1782 erat).
215 1708 332 1768 Excidit
363 1708 493 1783 aliquid,
509 1727 597 1782 quum
614 1709 643 1766 in
656 1709 730 1766 hanc
746 1707 838 1766 ferme
854 1707 978 1766 formam
991 1707 1129 1782 scriptum

62 1814 577 1876 fuisset..,ettnlitterrorem.
604 1793 892 1883 Tumultuosius‚
909 1831 1014 1887 quam
1037 1812 1129 1869 alle-

62 1931 138 1978 tum
166 1933 256 1990 eret,
286 1917 545 1998 [propagatum
579 1917 766 1996 dichursu
796 1919 978 1977 hominum
1010 1917 1130 1976 adfin-

61 2026 236 2102 gentium
261 2045 356 2084 vunu
378 2025 515 2084 auditis
537 2034 648 2083 totam
672 2025 794 2082 urbem
817 2025 1043 2086 concineret.

150 2127 223 2208 Cep.
250 2134 301 2201 ll,
325 2135 357 2188 5:
380 2131 544 2188 Minuere
571 2131 679 2188 etiem
702 2149 799 2206 spem
830 2132 908 2189 eius
930 2128 1129 2204 (Hannibalis)

64 2245 101 2292 et
126 2235 218 2307 atie,
239 2256 360 2313 parve
381 2253 592 2312 magnoque,
613 2253 690 2304 res3
712 2253 841 2311 magna
862 2235 938 2306 illa,
964 2235 1062 2311 quod
1077 2245 1130 2292 cet.

64 2341 167 2400 Prevc
185 2341 350 2416 gemmatus
369 2342 400 2400 in
421 2342 522 2400 eadem
543 2360 574 2398 re
596 2340 707 2398 etiam
722 2371 755 2382 -
781 2350 832 2411 et;
853 2340 938 2398 nimis
962 2340 1071 2398 infinite
1088 2339 1130 2396 di-

64 2445 143 2504 citnr
164 2445 255 2518 alite,
276 2446 406 2506 subiecta
426 2447 477 2505 ills
497 2445 655 2504 divisione:
678 2463 794 2521 pnrve
809 2465 1023 2521 magnaque.
1054 2445 1131 2502 Scri-

64 2551 208 2610 bendutn:
230 2551 394 2610 MInuere
416 2552 526 2610 etium
550 2569 651 2627 spem
674 2549 1131 2626 eiuslltdumtulim,pnrva

66 2675 286 2733 magnaque,
308 2675 379 2717 res.
424 2657 511 2732 Quod
535 2656 567 2712 II
585 2655 768 2728 scriberetur,
791 2655 944 2732 aliquoties
967 2675 1004 2714 ex
1025 2655 1052 2712 ii
1074 2655 1131 2730 (ei)

65 2761 178 2820 sectum
201 2763 291 2834 dito,
320 2763 461 2839 exemplis
482 2761 608 2820 ostendit
638 2761 896 2820 Drakenborcbius
918 2761 956 2818 ad
978 2761 1133 2830 XXXVI,

67 2869 119 2938 43,
143 2871 190 2925 tt.
233 2868 268 2924 ln
290 2869 460 2940 XXXVII,
482 2871 531 2940 38,
555 2873 569 2924 l
595 2885 648 2944 pro
671 2877 707 2926 et
727 2857 778 2925 aut
807 2867 838 2926 ei
860 2865 909 2944 (ot
929 2877 1047 2928 tannen
1070 2885 1134 2942 per

66 2971 116 3042 se)
139 2971 170 3030 in
199 2972 297 3030 multis
331 2973 562 3048 (recentioribus)
585 2972 669 3034 codd.
691 2973 830 3049 scriptum
858 2976 937 3032 duo.
986 2973 1044 3032 Hic
1065 2991 1134 3030 con·

68 3077 161 3136 trario
184 3097 283 3136 errore
305 3098 342 3136 ex
363 3081 395 3138 11
414 3079 523 3138 iactum
546 3079 587 3148 ei,
609 3073 683 3150 et.¹)

86 3245 92 3260 ,
153 3181 228 3259 Cup.
258 3189 302 3256 15,
326 3188 354 3256 3,
378 3185 427 3243 ubi
451 3186 481 3242 in
503 3186 528 3242 P
547 3184 589 3242 sic
610 3183 745 3242 scribitur
767 3184 987 3261 (simillimeque
1008 3187 1037 3244 in
1059 3194 1134 3245 cete-

69 3288 1135 3366 risltpercunctandietinmmquumessepotestatetniieri

69 3395 263 3471 patribus,
294 3415 373 3454 num
408 3397 742 3454 communicassent
774 3395 943 3472 (Campani)
976 3397 1135 3455 consiliu

69 3517 148 3558 cum
171 3500 308 3576 uliquis
330 3502 653 3560 sociorumLatini
675 3501 833 3559 nominis
854 3503 1135 3579 municipiorum

76 3690 271 3701 =-———-.———

89 3769 112 3840 ¹)
144 3775 206 3840 cup.
229 3781 273 3835 lt,
294 3779 325 3823 lb
355 3789 411 3824 cnm
438 3775 546 3824 Dubero
573 3775 735 3824 scribendum
755 3786 807 3825 est:
835 3775 976 3826 Littera
995 3817 1000 3827 .
1020 3815 1026 3828 .
1048 3814 1054 3827 .
1078 3780 1101 3829 N
1110 3797 1137 3827 u-

143 3868 243 3918 midis
260 3866 435 3932 preposite
457 3867 608 3916 mercede
634 3881 700 3916 enm
719 3867 778 3931 (pro
797 3867 873 3927 ium,
893 3875 949 3916 orto
968 3884 1000 3917 ex
1020 3885 1138 3921 mercc-

143 3959 247 4024 dcam)
264 3957 427 4024 prosensit
445 3973 573 4024 opernm
594 3959 720 4008 dantur.
758 3957 823 4007 lum
840 3959 904 4008 nibil
929 3959 971 4010 hic
989 3963 1057 4024 sgit3
1081 3979 1138 4027 pro-

143 4053 246 4102 nomine
264 4063 350 4101 terere
367 4051 449 4100 orntio
467 4052 564 4115 nequit.

130 4159 238 4198 stuvtttt
252 4157 406 4196 Ilmntm.
906 4173 938 4216 20
