2826 4640
272 249 328 300 bib.
347 247 432 298 xm.
778 249 838 306 532

271 431 381 490 foederi
419 450 485 490 curu
528 431 666 510 Philippo
710 433 768 489 icto
808 431 1022 488 sdscn’buntur.
1090 431 1247 498 Favisse
1288 449 1350 504 pm

272 535 388 594 luisse
407 535 519 594 restitui
540 535 648 606 xxss,
674 539 724 607 60,
752 538 787 593 2t
815 536 914 610 ibique
934 535 1011 591 ideas
1034 535 1170 592 mendum
1192 535 1349 605 (fuimns

272 659 326 716 pro
348 639 523 712 lavimus)
545 640 575 698 in
597 640 662 698 cod.
679 641 900 698 vindobonensi
921 640 1022 699 XLV.
1044 641 1095 710 22,
1120 645 1156 698 10
1179 659 1244 697 esse
1265 639 1348 708 di1i;

272 765 309 804 ex
341 755 577 822 pontenurum
609 743 845 820 (postesrmc)
876 763 964 818 quem
999 743 1085 802 iscsle
1115 745 1185 802 oriri
1213 745 1347 820 potuait

273 851 379 908 hoste
404 869 560 920 stoma,
583 861 716 928 apparet.
766 851 836 908 Non
859 859 904 906 est
927 851 990 908 bssc
1021 850 1094 908 lenis
1116 850 1285 908 emendstio
1319 864 1347 904 et

272 965 370 1012 temen
392 973 484 1030 prope
505 965 586 1014 certa
607 956 677 1013 mihi
699 955 826 1012 videtur.

357 1057 431 1136 Csp.
455 1061 505 1130 38,
528 1061 564 1118 2:
599 1061 689 1118 Inde
709 1060 743 1116 in
765 1059 945 1119 AEtolism
967 1061 1162 1138 progressi
1183 1057 1237 1134 (Q.
1261 1058 1346 1114 binr-

273 1163 334 1222 cius
356 1173 386 1222 et
407 1169 445 1222 A.
470 1164 579 1224 Atilius
601 1164 689 1239 legati
713 1165 852 1238 Romani)
884 1183 926 1222 ac
957 1185 1094 1241 pancos
1123 1165 1175 1222 ibi
1208 1163 1347 1220 morati

273 1269 366 1340 dies,
388 1269 467 1326 dum
490 1269 524 1326 in
552 1269 726 1344 praetoris
757 1270 893 1327 mortui
921 1270 1040 1328 locum
1074 1271 1169 1328 nlius
1189 1267 1346 1326 sulfice-

274 1385 391 1444 rctur‚
413 1385 462 1444 st,
493 1373 648 1450 Lycisco
681 1385 838 1450 pretore
868 1374 985 1444 lecto,
1013 1417 1085 1444 ...‚
1111 1375 1345 1432 trsnsiernnt

274 1479 307 1536 in
337 1479 580 1538 Thessaliam.
637 1479 824 1536 Narrationis
855 1479 928 1536 ordo
960 1491 989 1536 et
1009 1499 1110 1538 cursus
1141 1479 1281 1555 postulet,
1314 1492 1345 1534 ut

273 1576 392 1640 tollatur
423 1593 457 1640 et
486 1594 553 1642 untc
583 1579 779 1660 Lycisco.¹)
834 1585 934 1642 Medio
967 1586 1063 1662 cspite
1089 1589 1117 1656 (§
1141 1589 1187 1658 5),
1216 1585 1268 1641 ubi
1302 1585 1347 1640 sic

273 1687 382 1750 editur:
416 1705 520 1764 quum
554 1688 697 1765 culpem
730 1687 765 1745 in
786 1689 983 1749 Ismeniam
1012 1737 1041 1752 ..
1069 1690 1287 1749 conferrent
1310 1704 1343 1745 ct

274 1792 456 1868 quasdam
479 1794 659 1852 civitates
691 1793 958 1853 dissentientes
990 1798 1024 1853 in
1046 1815 1190 1854 causam
1211 1795 1343 1852 deduc-

274 1907 346 1966 tas,
366 1897 618 1972 appariturum
642 1899 676 1956 id
698 1917 778 1956 esse
799 1899 965 1958 Marcius
987 1901 1196 1976 respondit;
1218 1900 1344 1974 singu-

274 2001 319 2058 lis
341 2001 435 2058 cnim
459 2013 525 2072 cen,
557 2014 689 2079 apparet,
720 2005 862 2064 excidisse
890 2005 919 2062 in
949 2004 1042 2061 altero
1066 2007 1196 2062 membro
1218 2005 1340 2061 verbum

274 2105 392 2180 aliquod
422 2105 615 2180 (dicerent,
645 2109 971 2180 demonstrarent);
1001 2127 1094 2182 neque
1123 2109 1199 2166 enim
1225 2111 1256 2166 in
1286 2112 1342 2166 hac

273 2211 414 2268 orationis
437 2211 545 2270 lorma:
578 2214 723 2290 culpam
754 2215 787 2271 in
810 2214 947 2272 Titium
980 2212 1130 2271 conicro
1153 2225 1188 2270 et
1218 2216 1340 2274 Seium

273 2315 482 2390 deceptum,
521 2317 616 2376 audiri
657 2319 716 2377 ullo
752 2331 838 2396 pacto
876 2327 972 2394 potest
1011 2317 1104 2386 dico;
1143 2337 1209 2376 eam
1245 2332 1341 2376 sutem

274 2439 338 2478 esse
370 2421 543 2480 sententiam
576 2426 768 2500 excusas-ique
799 2424 931 2481 civitates
961 2441 1019 2480 nou
1050 2441 1104 2480 sua
1135 2423 1286 2481 voluntate
1314 2426 1340 2481 in

275 2527 442 2584 societatem
476 2545 542 2584 cum
573 2529 684 2586 Perseo
705 2529 862 2598 deductas,
894 2537 923 2586 et
954 2547 1007 2604 per
1036 2547 1068 2584 se
1089 2529 1274 2604 perspicuum
1299 2543 1342 2586 est

274 2639 362 2686 etex
384 2648 408 2686 c.
435 2633 484 2700 43,
509 2635 536 2694 5.
589 2633 676 2708 Qtsod
698 2633 801 2706 editur,
823 2633 967 2708 significet
987 2651 1107 2690 causam
1131 2633 1161 2688 in
1183 2633 1342 2690 Ismeniam

274 2743 304 2792 et
327 2734 460 2794 civitates
482 2737 657 2796 coniunctim
678 2739 825 2796 collatam.

358 2837 430 2916 Cap.
464 2845 524 2912 40,
563 2845 578 2898 7
616 2843 660 2912 (in
697 2843 733 2917 Q.
770 2843 873 2901 Marcii
906 2843 944 2898 nd
980 2843 1147 2918 Philippum
1181 2841 1341 2907 orationet:

274 2943 470 3002 Thebanos
510 2945 672 3020 legatos,
721 2947 894 3004 Euersam
935 2945 972 3022 (ἓ)
1014 2957 1050 3003 et
1088 2944 1340 3016 Callicritum,

274 3047 464 3106 venientes
507 3069 526 3108 s
569 3051 693 3122 uobis,
747 3071 905 3127 quaerere
950 3051 1061 3122 malo,
1104 3051 1187 3125 quis
1231 3051 1337 3107 inter-

180 3149 183 3158 *
274 3149 421 3224 lecerit,
453 3173 559 3230 quem
591 3174 759 3232 arguere.
817 3157 890 3216 Cod.
921 3175 941 3212 a
969 3174 1048 3226 n0s3
1080 3155 1166 3214 scrib.
1194 3155 1239 3211 sd
1261 3173 1338 3223 nos,

273 3253 388 3312 sublato
424 3275 540 3328 errore,
580 3261 608 3318 in
645 3280 730 3336 quern
764 3280 894 3338 persepe
927 3260 973 3317 hic
1008 3260 1143 3317 librarius
1178 3259 1277 3315 incidit
1308 3261 1337 3329 (s

300 3417 364 3426 n·-
380 3421 475 3430 aa·—

291 3533 316 3600 ¹)
343 3537 425 3590 Paulo
452 3555 526 3606 onte,
546 3548 560 3609 §
582 3553 603 3608 1,
623 3547 686 3596 nihil
714 3548 809 3597 certius
829 3556 867 3597 est
894 3543 1100 3595 Drakenborchii
1121 3543 1278 3592 coniectum:
1304 3545 1335 3592 in

343 3629 492 3696 Orestes,
512 3645 545 3686 ut
563 3639 721 3702 presidio
740 3647 858 3688 essent
875 3637 1038 3688 liberetis
1062 3635 1336 3684 sblscodonibus

347 3725 418 3782 (cod.
437 3734 464 3774 et
486 3729 545 3782 cdd.
569 3729 727 3780 liberatis
745 3729 785 3779 ob
804 3745 835 3779 se
859 3727 1114 3790 Macedonibus).
1165 3727 1335 3776 vitiosissime

349 3815 436 3866 Livius
463 3821 606 3884 scripsisset
628 3830 655 3871 et
680 3820 795 3883 legentes
822 3821 973 3888 decepisset,
992 3821 1022 3880 si,
1051 3835 1115 3885 quos
1133 3833 1215 3882 nuper
1234 3819 1335 3868 Orestas

344 3908 465 3967 dixisset,
498 3925 542 3960 cos
571 3912 738 3964 liberatos
766 3929 782 3962 a
807 3921 924 3963 senatu
957 3913 1157 3962 Maccdonas
1176 3911 1336 3974 appellasset,

344 4011 497 4062 quemquam
518 4001 689 4054 Macedonum
709 4019 740 4052 eo
757 4019 820 4066 gens
838 4015 902 4058 esst.
