2826 4640
240 229 413 284 mm.
751 233 812 290 50⁴

242 433 336 490 qm
362 423 625 488 restegmtee
655 413 801 472 iaciunt
830 413 947 482 lecum
981 413 1018 472 iu
1047 415 1129 490 ipss
1160 415 1317 491 polede.

242 539 314 596 qua
339 519 509 596 proxim
534 519 617 576 urbi
646 531 717 589 est,
744 518 845 576 velut
868 520 991 586 insule
1022 521 1156 578 eminet
1184 523 1317 598 aggeri

245 627 372 704 operis
408 625 571 699 ingentis
600 625 792 702 inposite,
824 637 880 682 eet.
938 625 989 684 Sic
1024 627 1100 682 mim
1125 627 1225 694 edunt,
1257 627 1318 684 uisi

242 733 323 810 quod
345 731 481 807 quidm,
506 741 654 805 [πωπω
684 730 858 798 stonum,
876 730 1028 788 ridiculum
1056 750 1120 788 ωε
1146 733 1319 795 sentientes,

243 841 323 898 illam
351 838 454 896 velut
484 836 641 894 insulem
668 837 835 912 impositam
860 835 919 894 did
951 839 1062 912 aggeri,
1090 847 1158 914 post
1179 838 1319 894 eminet

243 945 517 1004 sddidemtnrx.
574 941 948 1017 Sednlisestpnritrs3
979 961 1048 1000 uem
1080 945 1161 1002 heus
1187 955 1318 1002 utnon

243 1051 348 1120 fluunt,
370 1049 413 1106 ite
435 1067 472 1106 ne
493 1057 665 1124 restugosut
685 1047 802 1122 quidem
823 1065 877 1104 uec
898 1045 1020 1122 paludes
1043 1047 1163 1120 fuciunt,
1184 1051 1238 1108 sed
1258 1052 1317 1108 flu.

244 1156 325 1214 mirre
353 1155 554 1230 restagnantis
595 1153 678 1210 lacus
709 1161 739 1209 et
781 1151 903 1228 pdodes
945 1151 1082 1212 efficiunt.
1138 1157 1175 1214 ln
1211 1157 1318 1214 codice

244 1263 394 1320 scribitur:
422 1278 513 1336 ques
539 1267 801 1334 restegnsntes
828 1257 968 1314 faciunt
999 1238 1136 1334 peticus
1168 1261 1203 1318 in
1231 1263 1316 1338 ipss

244 1369 380 1446 palude
408 1379 463 1426 etc.
498 1363 622 1442 (puncto
656 1363 841 1439 superposito
873 1363 968 1438 ipsum
999 1365 1148 1422 bbrsrium
1184 1365 1315 1424 litteram

245 1474 399 1532 delendam
428 1473 609 1548 signifiare,
644 1487 736 1545 supra
760 1469 845 1542 dixi).
898 1470 1057 1545 Perspicue
1083 1471 1190 1528 eminet
1220 1473 1315 1547 ipsius

244 1579 321 1637 ercis
342 1599 459 1639 nomen.
506 1577 613 1651 Itaque
634 1575 676 1632 sic
699 1575 882 1632 sonbendom
901 1585 958 1632 est:
985 1593 1074 1650 ques
1095 1587 1314 1652 restagnen-

244 1693 301 1743 tes
322 1684 467 1742 iaciunt
482 1678 732 1760 [smnesArx]
748 1680 882 1743 ibren
896 1681 931 1737 in
953 1682 1034 1756 ipse
1053 1681 1189 1756 palude
1211 1681 1313 1738 velut

244 1791 366 1848 insuls
386 1790 536 1858 eminet,
563 1787 690 1863 oggeri
795 1786 977 1861 imposita.
1020 1789 1133 1844 Amnes
1153 1786 1224 1842 dicit
1244 1789 1312 1844 Ax-

244 1893 304 1950 ium
326 1905 357 1951 et
379 1895 520 1962 Laelium
555 1893 616 1950 vid.
638 1893 737 1952 strab.
760 1893 823 1948 vn
846 1891 882 1948 ir.
907 1895 956 1954 20.
986 1894 1035 1960 22,
1066 1895 1115 1950 23.
1172 1893 1248 1950 Tres
1270 1893 1312 1960 bi,

244 2017 321 2074 quos
343 2001 477 2070 meavi,
498 1999 556 2058 loci
576 1999 696 2056 mirifice
717 1998 792 2054 inter
812 2015 844 2054 se
865 1999 1045 2056 confirment.

329 2102 404 2180 Cep.
426 2108 455 2176 6,
478 2107 496 2162 b
527 2103 697 2180 (postquam
731 2103 833 2160 Lirim
859 2103 1004 2174 uenerit,
1032 2106 1183 2162 Romanos
1202 2114 1311 2162 temere

243 2227 279 2266 eo
300 2227 482 2285 progressos,
504 2209 581 2266 uude
601 2209 727 2266 erodere
741 2207 796 2264 nisi
817 2227 870 2283 per
883 2208 956 2264 duos
977 2209 1077 2278 esitius,
1098 2219 1204 2285 preter
1219 2210 1311 2268 Dium

242 2323 273 2372 et
292 2334 347 2390 per
369 2317 499 2393 Tempe,
533 2333 592 2372 non
616 2323 754 2390 possent,
788 2332 853 2388 quae
877 2323 1000 2388 utroque
1028 2315 1115 2390 regiis
1146 2325 1311 2372 tenerentur

241 2421 412 2496 presidiis):
451 2422 584 2496 Itaque
613 2422 643 2478 si
665 2420 736 2476 dux
759 2419 966 2494 intrepidus
997 2421 1117 2478 decem
1140 2421 1218 2478 dies
1239 2423 1310 2497 pri·

242 2543 331 2582 mem
353 2526 513 2600 speciem
528 2525 865 2602 appropinquantis
885 2525 1039 2582 terroris
1060 2526 1310 2598 sustinuisset,

243 2649 359 2706 neque
391 2643 563 2709 receptus
593 2630 766 2690 Romanis
790 2649 853 2706 per
871 2631 1004 2706 Tempe
1027 2631 1103 2707 (cod.
1125 2633 1309 2692 Romanus

246 2746 394 2810 pertem;
426 2739 516 2813 poulo
538 2747 605 2796 ente
634 2743 649 2807 ξ
673 2739 690 2794 5
712 2745 742 2792 et
763 2735 876 2806 inirs§
903 2737 938 2792 12
970 2745 1134 2814 per-temp
1163 2741 1308 2807 scribitur,

241 2839 334 2898 altero
357 2841 423 2899 loco
445 2844 546 2902 addito
578 2853 686 2920 puncto
718 2851 785 2916 post
806 2843 836 2922 p)
868 2841 903 2898 in
936 2841 1169 2902 Thessaliam
1191 2864 1308 2920 neque

239 2948 503 3006 commeatibus
532 2948 777 3024 pervehendis
808 2967 848 3004 eo
875 2947 1060 3022 patuisset
1091 2947 1172 3010 iter.
1216 2951 1307 3010 Sunt

239 3051 332 3110 enim
358 3055 493 3130 Tempe
515 3054 647 3122 saltus,
669 3051 814 3115 etiamsi
837 3071 906 3110 non
928 3053 1026 3110 bello
1046 3051 1116 3110 fiat
1137 3053 1306 3126 infestus,

240 3159 401 3216 transitu
423 3157 609 3217 difficilis.
651 3160 756 3234 Neque
771 3159 808 3216 ad
824 3161 937 3235 Tempe
958 3161 1099 3234 usquein
1121 3161 1304 3218 Thessaliam

239 3265 417 3340 pervehendi
447 3273 627 3322 commestus
657 3275 741 3322 erent
762 3265 902 3323 Romanis
925 3265 1128 3324 Macedoniam
1150 3267 1305 3342 ingressis3

239 3366 338 3442 itaque
361 3387 420 3426 non
442 3390 498 3440 eo,
530 3369 609 3444 quod
631 3370 850 3428 alterumutrum
881 3391 918 3428 ex
939 3371 984 3440 iis,
1014 3390 1079 3446 qme
1103 3371 1173 3440 dixi,
1195 3372 1303 3447 siguifi-

238 3489 306 3530 care
331 3473 425 3544 debet,
447 3475 499 3532 sed
524 3495 565 3532 ea
588 3475 738 3550 scripsisse
760 3475 875 3533 Livium
901 3485 973 3553 puto
997 3479 1063 3552 (per
1084 3477 1224 3552 Tempe).
1267 3479 1303 3534 In

237 3577 360 3636 eundem
382 3577 555 3637 sententiam
577 3599 646 3638 mox
680 3585 711 3649 (ς
737 3577 790 3658 tt)
817 3581 965 3638 scribitur:
1002 3581 1209 3639 Intercluso
1241 3603 1305 3658 per

237 3683 372 3759 'l'empe
393 3685 500 3742 simul
516 3686 616 3743 editu
640 3687 915 3758 commeatibus,
937 3686 1044 3744 simul
1065 3687 1200 3758 reditu,
1233 3690 1304 3764 ipsi

238 3797 387 3860 montes,
402 3809 465 3866 per
483 3808 573 3865 quos
587 3791 863 3863 descenderent,
877 3793 1068 3868 repetendi
1084 3792 1160 3867 (cod.
1177 3813 1302 3870 repen·

235 3893 322 3966 tedi)
339 3905 457 3966 erent,
472 3896 522 3954 ubi
538 3906 638 3972 operte
653 3905 682 3954 et
696 3898 839 3955 sententio
853 3907 882 3956 et
896 3898 1036 3956 orationis
1053 3897 1148 3956 forme
1164 3899 1304 3974 postulet,
