2800 4646
569 295 629 352 405
830 371 832 377 Δ
934 292 991 343 Lib.
1006 293 1133 344 XXXIV.

67 484 248 553 praeterea
278 476 492 535 eivitatium
532 495 654 536 earum
694 476 992 553 supplementum
1026 478 1133 556 longe

67 591 139 660 opt.
162 602 240 660 gen.
264 582 417 641 militum
445 583 618 654 habebat,
653 584 709 642 hoe
737 591 799 654 est,
835 582 1065 659 supplementum
1089 604 1132 643 ex

67 690 170 766 optimi
197 689 310 766 generis
335 689 475 748 militibus
499 697 644 747 constans.

153 793 226 872 Cap.
260 797 316 867 37,
355 798 368 853 1
400 794 595 871 recipiendum
628 805 714 871 puto,
746 795 824 871 quod
847 805 876 854 et
907 795 1131 873 Bambergsnsis

67 902 163 960 codex
183 902 272 959 habet
295 909 324 958 et
345 899 480 977 vulgares
507 900 792 975 (Drakenborahiani
822 919 890 973 sex,
922 913 1028 978 praeter
1048 903 1131 974 duos,
1157 923 1161 958 ae

66 1007 127 1082 qui,
151 1025 239 1082 quum
261 1007 379 1082 primo
401 1007 527 1065 oeulos
554 1006 691 1078 habeant,
721 1006 799 1064 idam
821 1005 1011 1084 significant):
1047 1010 1131 1067 Haee

66 1113 165 1170 inter
196 1131 233 1170 se
261 1110 378 1188 primo
413 1111 574 1170 circulos
594 1120 779 1172 ‚serentes
814 1111 985 1184 fremere;
1017 1115 1132 1173 videtur

66 1218 155 1288 enim,
179 1235 268 1293 quum
290 1235 437 1275 sermones
468 1235 564 1279 serere
588 1229 617 1278 at
637 1237 732 1279 serere
755 1218 865 1293 aliquid
883 1221 1065 1278 sermonibus
1087 1221 1132 1279 di·

66 1333 191 1394 ceretur,
213 1323 317 1382 deinde
338 1325 423 1382 etiam
447 1323 638 1400 colloquia
659 1323 792 1397 (XXIV,
808 1325 871 1398 31),
893 1327 1021 1400 potuisse
1043 1327 1128 1386 etiam

65 1429 125 1487 diui
147 1429 309 1488 circulos
339 1449 504 1490 sermonum
537 1449 626 1488 eausa
656 1448 793 1501 serere;
825 1449 936 1506 neque,
964 1432 989 1489 si
1010 1433 1129 1509 paulum

65 1534 180 1609 aliquid
202 1536 339 1596 novitatis
362 1547 420 1610 est,
449 1538 479 1597 id
501 1537 592 1596 multo
622 1537 716 1594 minus
738 1545 799 1606 est,
835 1554 923 1611 quum
958 1538 1062 1596 dieitur
1094 1539 1129 1596 in

65 1639 222 1698 circulis
246 1659 366 1700 serere
394 1643 546 1719 aliquid.

138 1743 226 1822 ·Cap.
243 1748 292 1817 38,
309 1751 326 1804 5
350 1747 398 1822 (de
420 1747 457 1808 T.
474 1747 609 1822 Quinctio
624 1747 761 1823 Spartam
778 1742 1004 1826 ‘oppugnante):
1026 1739 1129 1823 Quod

65 1851 215 1909 roboris
245 1852 279 1909 in
312 1853 479 1911 exercitu
501 1863 598 1925 erat,
629 1853 816 1912 trifarium
848 1854 1006 1912 divisum
1026 1865 1130 1932 parte

65 1975 137 2014 una
159 1958 386 2030 aPhoebe0‚
420 1959 538 2018 altera
571 1979 589 2018 a
621 1959 848 2036 Dictynnae,
883 1957 996 2018 tertia
1023 1963 1066 2020 ab
1089 1981 1130 2021 eo

64 2065 165 2136 loeo,
197 2081 302 2139 quem
335 2065 595 2142 Heptagonias
635 2064 840 2142 appellant,
978 2070 1130 2144 aggredi

64 2170 177 2227 iubet.
229 2170 321 2242 Dure,
352 2171 430 2247 quod
451 2173 565 2230 roboris
586 2173 615 2230 in
637 2172 765 2229 exercitu
788 2179 858 2241 erat,
880 2170 985 2230 dieitur
1005 2174 1129 2232 divisum

65 2293 128 2332 una
164 2275 235 2350 (sui)
267 2284 351 2352 parte
384 2295 403 2333 a
434 2278 572 2336 Phoebeo
606 2277 740 2354 aggredi,
774 2276 866 2334 altera
896 2295 916 2334 a
948 2277 1130 2355 Dietynneo;

65 2381 155 2456 longe
177 2381 231 2439 erit
252 2382 365 2458 aptius,
392 2383 434 2454 si,
463 2383 570 2442 lineola
600 2383 689 2440 literae
718 2403 745 2446 ι
766 2382 878 2440 vicaria
901 2383 1010 2455 addita,
1040 2385 1131 2461 serip-

65 2487 207 2546 serimus:
228 2487 331 2562 Quod
354 2489 502 2547 roboris
521 2490 623 2550 inex.
639 2499 735 2561 erat,
750 2487 936 2546 trifariam
958 2488 1129 2558 divisum

64 2601 209 2669 partem
251 2613 355 2652 unam
392 2615 410 2653 a
445 2596 633 2666 Phoebeo,
671 2594 826 2653 alteram
859 2615 878 2652 a
909 2595 1129 2672 Dictynneo‚

64 2697 216 2756 tertiam
239 2701 282 2756 ab
304 2720 344 2758 eo
367 2701 463 2773 loco,
486 2721 513 2778 q.
536 2701 576 2759 H.
598 2721 637 2772 a,
663 2700 817 2776 aggredi
839 2701 947 2759 iubet.

152 2801 225 2881 Cap.
249 2809 298 2878 40,
320 2811 346 2865 5.
394 2808 485 2866 Dum
508 2817 744 2884 oppugnatur
765 2816 957 2883 tyrannus,
985 2807 1129 2884 Argivi,

65 2911 209 2968 nuntiis
241 2911 326 2971 aliis
362 2933 476 2991 propa
508 2933 617 2990 super
646 2913 743 2971 alios
767 2913 1033 2984 afferentibus,
1054 2923 1130 2973 tan·

64 3025 142 3072 tum
163 3033 234 3074 non
256 3017 324 3076 iam
343 3029 486 3096 captam
508 3020 805 3078 Lacedaemonem
833 3037 927 3088 esse,
957 3021 1071 3079 erecti
1096 3033 1130 3079 et

62 3120 140 3196 ipsi
279 3125 484 3200 presidium
512 3125 741 3202 expulerunt.
794 3125 863 3184 Iure
893 3125 1130 3186 Weissenbornio

64 3225 214 3302 displicuit
243 3248 358 3307 prope
385 3232 585 3310 interpositum
619 3231 664 3288 his
687 3232 773 3290 aliis
794 3250 905 3308 super
926 3233 1033 3302 eli0s3
1061 3251 1129 3290 nam

64 3333 104 3403 ei,
126 3352 191 3408 qua
216 3333 246 3392 in
269 3335 314 3393 his
337 3337 433 3396 verbis
455 3339 538 3410 inest,
569 3337 725 3396 celerrima
747 3347 776 3394 et
797 3356 855 3395 non
877 3337 1043 3412 interrupta
1064 3352 1130 3392 sue·

64 3440 206 3498 cassionis
227 3441 431 3517 significationi
450 3463 563 3521 prope
584 3453 743 3520 repugnat3
774 3444 825 3500 aed
853 3442 931 3516 quod
953 3441 979 3498 ei
1005 3440 1129 3498 fortasse

62 3545 297 3607 substituendum
320 3567 382 3606 esse
404 3568 562 3626 propere
585 3549 747 3625 suspicatus
770 3556 823 3624 est,
853 3565 911 3604 non
934 3547 1038 3605 vitavit
1057 3545 1129 3604 alte·

62 3671 130 3710 ram
169 3654 438 3729 reprehensionem
479 3675 548 3714 nam
590 3655 633 3714 ita
667 3655 723 3712 hou
763 3653 868 3712 dieitur
899 3653 994 3712 alius
1019 3671 1131 3730 super

62 3758 196 3831 alium,
226 3768 258 3816 ut
286 3759 357 3817 nihil
387 3760 531 3838 interponi
563 3763 669 3838 possit;
705 3760 821 3835 (itaque
854 3759 910 3818 dici
938 3759 1073 3832 debebat,
1105 3759 1130 3816 si

62 3883 182 3941 propa
212 3875 323 3923 rectum
360 3875 453 3938 esset,
485 3886 602 3944 prope
635 3867 722 3926 aliis
754 3884 861 3942 super
898 3865 1013 3941 alios).
1071 3865 1130 3926 Sed

61 3969 225 4028 tollendum
258 3990 377 4047 prorsus
410 3981 453 4030 est
480 3993 611 4050 prope,
644 3974 724 4049 quod
758 3973 835 4032 Livii
866 3971 962 4032 verbis
991 3971 1129 4030 insertum
