2826 4650
612 311 648 368 59
1010 308 1068 356 Lib.
1088 307 1123 359 11.

93 495 247 570 tenuitque
257 492 520 564 Weissenbornius‚
543 512 630 568 quum
650 503 728 550 recte
745 491 862 552 sentiret
882 510 1029 566 nunquam
1052 493 1161 550 susti-

94 601 178 657 neri
201 599 343 676 aliquid
366 601 429 672 (aut
455 617 491 656 se
513 599 708 666 sustinere)
731 597 795 654 loco
818 607 868 654 eut
890 598 994 656 finibus
1016 599 1085 668 ‹lici3
1115 609 1159 656 tu·

93 706 207 764 multus
230 707 386 764 sustinetur
408 706 445 761 ab
467 724 517 774 eo,
549 705 599 779 qui
623 704 649 760 ei
676 723 734 760 nou
764 703 847 760 cedit.
906 705 964 763 Sed
995 723 1033 763 us
1064 715 1158 764 ortum

94 823 144 870 est
166 831 202 870 ex
223 821 354 870 extrema
368 811 482 886 syllaba
496 811 576 868 vocis
590 809 785 885 praecedentis,
807 827 895 884 quum
907 811 1007 868 Livius
1027 811 1159 886 scripsis-

95 929 158 976 set:
178 937 215 976 se
236 917 414 975 tumultus
434 925 541 976 tenet.
579 915 730 974 Simillimo
745 933 842 973 errore
862 916 911 976 lib.
924 917 1027 988 XXV,
1043 922 1071 988 4,
1089 921 1106 975 6
1122 935 1159 974 ex

94 1025 172 1101 ipsi
193 1024 415 1082 sustulerint
444 1022 552 1080 iactum
575 1039 638 1078 esse
660 1021 776 1097 ipsius
799 1022 1030 1090 sustulerint,
1059 1022 1158 1080 Duke-

95 1150 150 1188 rus
170 1131 250 1188 vidit.
305 1129 446 1187 Proximo
468 1129 561 1204 capite
583 1133 597 1198 ς
622 1132 637 1184 5
660 1127 723 1202 ipse
744 1143 859 1200 quoque
881 1145 956 1185 nunc
977 1127 1006 1184 in
1029 1145 1092 1184 eam
1114 1128 1158 1184 iu·

96 1238 174 1294 cliuo
197 1246 321 1312 partem,
343 1253 430 1310 quarn
452 1234 588 1292 Hertnius
610 1243 723 1290 secutus
746 1241 798 1300 est,
821 1241 852 1287 ut
871 1233 967 1308 potius
988 1234 1159 1310 praevorti

97 1363 153 1418 pro
175 1341 410 1420 praevertisse
440 1341 582 1398 scribatur
606 1345 685 1407 (orto
707 1357 804 1396 errore
833 1357 870 1395 ex
898 1359 946 1410 eo,
980 1341 1058 1414 quod
1084 1358 1157 1414 prae·

97 1450 184 1519 cedit,
213 1447 461 1505 intervenisse
491 1457 519 1503 et
540 1465 577 1503 ex
599 1446 741 1520 cepisse
762 1453 791 1502 et
820 1445 1064 1516 consuluisse,
1094 1465 1159 1520 quae

97 1557 282 1628 sequuntur),
305 1569 393 1627 quom
413 1571 466 1627 pro
488 1569 595 1628 posse
616 1551 806 1608 substituatur
827 1569 916 1608 ooss.
959 1551 1086 1627 (Opuso.
1102 1555 1157 1610 Ac.

97 1661 141 1730 11,
167 1679 197 1735 p.
224 1663 309 1726 127).
353 1655 555 1716 Coniectursm
577 1658 656 1714 illam
679 1667 707 1713 et
729 1656 891 1715 Schellerns
915 1655 1024 1714 fecerat
1045 1669 1073 1716 et
1102 1675 1157 1734 ego

98 1766 305 1840 significaram.

58 1845 68 1862 ⁰
186 1870 285 1946 'Cap
309 1872 363 1938 3⁰,
386 1873 417 1924 l:
445 1867 545 1926 Curae
567 1867 637 1924 luit
661 1867 873 1924 consulibus
895 1877 928 1924 et
949 1869 1157 1927 senioribus

97 1989 261 2054 patrum,
278 1985 327 2046 'ut
349 1975 535 2050 imperium
563 1991 626 2029 suo
650 1974 841 2030 vehemens
863 1983 1049 2031 mansueto
1073 1993 1157 2049 per-

97 2083 310 2140 mitteretur
331 2081 487 2155 ingenio.
533 2080 601 2137 Non
624 2080 720 2137 miultis
745 2081 843 2136 verbis
855 2079 985 2138 refellam
998 2100 1071 2152 enm,
1098 2099 1157 2156 qua

97 2186 185 2262 vulgo
214 2195 349 2256 utuntur,
382 2186 466 2243 huius
489 2185 545 2242 loci
567 2187 793 2254 enarrationem,
821 2195 852 2242 ut
874 2186 911 2242 ad
933 2205 996 2243 suo
1021 2186 1157 2244 audiatur

97 2293 261 2368 ingenio;
282 2301 436 2366 utrumque
457 2292 530 2348 enim
544 2292 731 2348 certissimum
754 2303 806 2362 est,
829 2311 921 2366 neque
943 2291 1092 2348 dictaturae
1105 2300 1156 2348 aut

98 2397 264 2454 huiusmodi
286 2397 481 2454 institutorum
500 2397 682 2472 ingenium
704 2397 844 2472 appellari
860 2397 1155 2470 aLatinis,(locorum

98 2523 256 2579 rerumque
279 2513 393 2562 eterra
415 2513 549 2560 natarum
572 2503 687 2578 ingenia
707 2503 862 2576 novimus]
885 2521 977 2577 neque
998 2521 1036 2558 ex
1057 2503 1155 2560 dativo

98 2609 277 2666 substantivi
297 2619 400 2685 postea
420 2609 507 2684 positi
528 2608 580 2664 hic
600 2609 757 2666 ablativum
775 2609 868 2666 audiri
888 2626 984 2683 posse.
1020 2608 1156 2664 Debebnt

98 2724 239 2790 preterea
262 2715 329 2772 huic
351 2734 415 2772 suo
437 2714 583 2772 contraria
604 2713 673 2788 poni
698 2713 770 2770 alius
791 2714 832 2770 rei
857 2714 937 2787 (viri)
960 2713 1050 2783 notio,
1074 2714 1154 2772 ouius

99 2829 280 2876 mansuetum
312 2830 388 2877 esset
410 2819 565 2896 ingenium.
618 2819 676 2878 Sed
708 2817 909 2876 refutationem
944 2837 1154 2894 supervacuam

97 2923 208 2982 fuciunt
229 2924 357 2996 codices,
379 2927 407 2983 in
433 2925 536 3000 quibus
559 2925 690 2982 omnibus
713 2931 815 2992 (unum
837 2925 910 2982 enim
931 2924 1021 2981 infimi
1042 2925 1155 3000 generis

98 3031 178 3106 Lips.
201 3032 218 3087 2
251 3029 302 3088 vix
329 3050 403 3106 opus
426 3042 469 3088 est
498 3031 665 3088 nominatim
694 3029 839 3106 excipere)
872 3029 1009 3105 scriptum
1031 3041 1087 3086 est:
1119 3039 1156 3086 ut

97 3135 252 3211 imperio
289 3155 360 3194 suo.
414 3138 461 3194 Ex
490 3139 545 3194 hoo
567 3135 857 3194 efficiturfaoillinre:
891 3145 929 3210 ut
951 3136 1079 3211 imperi
1101 3137 1155 3194 uis

98 3242 299 3300 uehemens.
348 3239 520 3316 Comparari
542 3241 617 3298 inter
638 3259 669 3298 se
690 3251 812 3316 possunt
833 3250 883 3298 aut
896 3241 991 3317 ipsum
1003 3242 1153 3318 imperium

98 3355 126 3402 et
158 3347 304 3422 ingenium
338 3357 389 3404 aut
418 3348 513 3423 aptius
545 3348 631 3404 etiam
664 3347 777 3422 imperii
798 3347 842 3404 vis
865 3348 930 3423 ipsa
951 3337 1105 3405 vehemens
1127 3359 1155 3406 et

98 3452 168 3512 eius.
191 3453 240 3528 qui
262 3453 413 3529 imperium
436 3454 548 3529 accipit,
570 3455 715 3529 ingenium
733 3463 921 3514 mansuetum.
967 3453 1037 3512 Suo
1060 3463 1154 3512 ortum

97 3569 176 3615 ests
200 3559 295 3616 littora
318 3577 382 3616 cum
404 3559 499 3633 prima
520 3560 665 3634 sequentis
687 3559 820 3616 vocabuli
843 3557 885 3635 (a)
907 3561 1042 3620 conflata.
1082 3561 1154 3634 Quae

98 3665 135 3721 ab
162 3664 225 3721 aliis
247 3665 276 3720 in
300 3664 421 3721 eandem
449 3665 619 3722 sententiam
651 3675 762 3722 tentata
783 3665 920 3722 Hertzius
942 3676 1104 3737 enumerat,
1136 3687 1154 3724 a

98 3771 229 3828 codicum
248 3770 377 3846 vestigiis
399 3766 601 3840 disceduut¹).,

116 4029 142 4098 ²)
171 4035 253 4085 Paulo
271 4045 329 4100 post
348 4051 369 4083 c.
389 4041 436 4096 ³2,
457 4039 471 4084 9
492 4051 567 4100 quam
587 4037 790 4086 emendationem
810 4037 927 4088 Hertaius
946 4054 962 4087 a
980 4053 1006 4086 se
1030 4048 1055 4087 et
1072 4037 1157 4087 Haer-

167 4128 282 4191 ngenio
303 4139 429 4194 repertam
454 4129 542 4180 scribit
565 4129 826 4190 (consentientia
850 4145 897 4194 pro
916 4130 1152 4194 consentiant),
