2810 4644
306 266 474 317 Idem.
775 267 834 324 368

270 447 333 510 tire
353 469 412 509 non
432 461 511 510 reete
532 451 661 527 praeponi
685 449 824 508 adverbio
852 459 961 507 certe.
1016 447 1076 507 Sed
1109 461 1331 526 pretereo-ne-

271 559 397 618 cessario
432 559 546 633 pondus
567 556 715 614 sententie
737 564 782 613 eet
800 555 830 612 in
851 554 1021 630 proximo
1042 554 1136 626 bello,
1157 557 1236 631 qnod
1257 567 1330 614 oete·

270 666 310 722 ris
334 663 537 722 remotioribus
568 663 606 719 eb
640 661 788 718 hominum
817 660 959 718 memorio
988 669 1017 717 et
1037 660 1135 718 animo
1156 665 1331 722 eontrarium

269 771 401 848 ponitur3
424 781 454 828 et
474 769 499 826 si
520 767 634 826 Punico
655 767 733 825 bello
743 767 844 824 Livius
856 765 1060 842 distinguendo
1081 777 1220 843 putasset,
1242 770 1331 846 sonip-

270 877 367 934 eieset:
400 875 567 952 proximo
596 873 694 930 bello
725 873 874 934 Punico.
922 872 999 945 Quid
1034 892 1105 948 ergo
1126 872 1188 930 est?
1231 875 1333 934 Livius

270 983 397 1058 scripsit:
430 981 462 1038 ni
484 997 664 1054 nunquam
685 979 793 1048 oliuo,
826 978 994 1054 proximo
1016 987 1113 1036 certe
1134 979 1231 1038 bello
1254 1001 1331 1058 exp.

271 1089 364 1146 eutis.
422 1087 458 1145 Id
480 1086 558 1162 quod
581 1094 673 1154 esset,
709 1084 915 1142 declarandum
944 1083 1048 1158 eliquia
1069 1083 1199 1160 putavit,
1232 1087 1333 1144 addito

269 1193 420 1252 Puuioo.
464 1190 541 1270 (cfr.
572 1193 609 1249 de
633 1191 837 1248 additamentis
866 1190 896 1246 in
925 1191 980 1247 hae
1002 1189 1111 1246 decade
1133 1191 1261 1248 orationi
1285 1192 1333 1249 Li·

269 1300 363 1357 vionoe
384 1300 515 1369 insertis,
537 1318 601 1374 quoe
623 1301 661 1355 ed
682 1297 844 1367 XXXIV,
867 1297 927 1366 23,
952 1297 969 1352 2
992 1295 1144 1368 dicent-ur.)
1231 1299 1333 1356 Panlo

269 1415 337 1482 poet
358 1404 391 1484 (ξ
415 1405 445 1480 7)
468 1405 650 1464 scribendum
675 1415 731 1462 est:
753 1403 814 1460 sod
838 1403 966 1476 quinto
988 1402 1054 1472 die,
1076 1421 1177 1477 quem
1200 1405 1245 1461 ab
1270 1403 1333 1462 Co-

268 1512 393 1569 rintho
418 1511 578 1568 solverit
598 1529 730 1579 nevos,
758 1509 793 1565 in
814 1507 964 1565 Italiam
986 1509 1189 1583 perveniet,
1214 1511 1332 1568 sublato

269 1618 372 1692 inde,
400 1619 478 1692 quod
500 1637 537 1675 ex
559 1617 708 1693 superiore
728 1633 815 1672 versu
838 1613 980 1688 (quinto
1001 1614 1085 1671 inde
1106 1634 1241 1686 mense,
1264 1618 1331 1674 item

269 1732 336 1800 post
369 1723 514 1797 quinto)
546 1724 622 1780 mole
652 1722 804 1798 repetitum
836 1730 888 1779 eut.
933 1722 1024 1779 Recte
1050 1721 1167 1778 dieitur:
1198 1723 1332 1797 quinto

268 1829 351 1886 inde
372 1821 435 1884 die¹
450 1826 493 1900 (id
514 1837 566 1898 est,
591 1848 609 1885 a
630 1827 787 1894 Corintho)
809 1828 845 1884 in
866 1828 908 1884 It.
930 1828 1069 1898 reniet,
1100 1847 1207 1902 prave,
1231 1829 1331 1886 addite

268 1933 411 1990 sententio
431 1932 568 1991 relativa:
596 1935 723 2008 quinto
754 1935 838 1991 inde
859 1934 926 2004 die,
958 1951 1061 2009 quarn
1085 1933 1128 1990 ab
1150 1931 1331 1992 Corintho

269 2047 325 2096 oet.
370 2037 419 2097 Sie
441 2037 515 2094 enim
538 2040 582 2096 bis
604 2041 680 2096 idem
703 2041 889 2116 significetur,
911 2057 1049 2116 perverso
1072 2037 1182 2109 ordine,
1202 2041 1331 2115 primum

269 2146 504 2215 demonstrando,
527 2145 632 2203 deinde
654 2147 839 2204 nominando.
848 2142 873 2220 ¹)

369 2250 442 2328 Cep.
456 2255 484 2320 9,
500 2255 531 2308 7:
554 2253 689 2308 Moram
712 2261 799 2308 voto
820 2250 1332 2327 publiooLioiniuspontiiex

269 2357 447 2415 maximus
464 2358 603 2426 attulit,
618 2359 858 2434 winegario,
882 2377 924 2413 ox
946 2357 1087 2414 incerte
1102 2357 1260 2432 pecunie
1276 2375 1334 2412 vo·

269 2482 353 2521 vere
376 2463 522 2534 debere,
552 2465 637 2539 quie
658 2483 702 2520 eo
727 2465 882 2539 pecunie
903 2481 972 2519 non
993 2472 1120 2538 posset
1140 2462 1175 2518 in
1196 2461 1331 2519 bellum

269 2570 348 2626 usui
364 2587 442 2626 esse
460 2569 661 2646 seponique
676 2570 798 2627 statim
811 2570 977 2640 deberet,
990 2577 1044 2627 oet.
1076 2566 1333 2626 RecteCreverius

268 2674 297 2731 in
319 2675 374 2732 hoo
395 2675 539 2750 scripture
559 2676 731 2734 infinitivum
753 2675 901 2751 passivum
924 2674 1091 2748 requirebat
1113 2674 1254 2744 (voveri
1278 2673 1333 2730 de-

269 2780 352 2836 bere
382 2779 482 2843 Indos:
504 2783 694 2856 nequeenim
718 2782 797 2838 aliud
818 2782 977 2839 subiectum
1001 2785 1066 2852 est).
1111 2779 1169 2839 Sed
1191 2789 1334 2856 praetereo

242 2934 246 2946 .
270 2903 329 2942 non
350 2893 461 2941 tontum
483 2886 616 2944 debere
639 2907 676 2945 ex
698 2889 807 2946 incerta
829 2887 951 2963 pecunie
971 2887 1056 2944 ludos
1078 2884 1179 2943 voveri
1203 2885 1332 2942 Licinius

269 2991 420 3065 negabat,
455 2991 505 3048 sed
533 3010 618 3066 posse
652 2993 770 3050 omnino
798 2993 882 3050 solve
904 2993 1044 3068 religione
1065 2991 1106 3048 sio
1127 2991 1243 3060 voveri3
1280 3009 1334 3048 nee

270 3113 377 3169 oense,
400 3115 464 3172 quoe
485 3097 601 3154 additur
629 3098 728 3174 (quio
749 3119 791 3156 ee
819 3099 976 3175 pecunia
999 3117 1068 3156 non
1092 3095 1242 3174 posset),
1265 3107 1332 3174 epte

269 3203 403 3260 convenit
419 3202 562 3280 negative
584 3203 731 3260 sententire
754 3215 783 3261 et
802 3205 918 3262 incerte
938 3204 1075 3279 peonniae.
1129 3203 1257 3279 Vereor,
1297 3222 1332 3258 ne

270 3306 381 3381 aliquid
404 3308 541 3365 exciderit
563 3327 691 3383 veruque
725 3311 864 3368 orationis
886 3310 983 3368 formo
1004 3311 1066 3367 haee
1088 3309 1187 3366 fuerit:
1220 3327 1333 3384 nega·

269 3414 384 3471 vitex
405 3415 547 3472 ineerta
572 3415 728 3491 pecunia
753 3435 889 3474 vovere
913 3413 1053 3492 [licem
1081 3435 1124 3473 ex
1145 3423 1247 3471 eerte
1268 3431 1332 3470 vo·

269 3517 362 3597 veri]
383 3521 522 3592 debere,
545 3521 635 3596 quia
655 3539 697 3578 eo
720 3521 881 3597 pecunie
902 3529 956 3578 oet.

353 3625 426 3704 Cap.
454 3631 500 3697 tl,
526 3629 576 3684 12:
598 3626 767 3701 iussique
789 3627 891 3702 (legati
902 3627 1030 3685 Romani
1051 3625 1241 3701 aninissae)
1257 3624 1331 3701 pol-

269 3731 390 3802 liceri,
425 3733 454 3790 si
479 3732 564 3808 quid
586 3733 617 3790 oi
640 3733 682 3788 od
712 3731 930 3790 firmandum
957 3734 1229 3810 augendumque
1255 3749 1330 3805 reg-

289 4062 309 4128 ι)
335 4067 375 4116 De
394 4083 415 4116 o.
435 4073 459 4126 8,
479 4073 493 4116 9
513 4069 596 4117 dicum
616 4069 649 4116 ud
667 4067 801 4128 XXXIII,
822 4074 910 4130 14,4.
