2826 4640
246 933 359 1007 (ipsum
381 949 488 1005 quum
509 930 738 990 debellatum
759 943 858 990 esset
880 943 932 988 sut
953 949 1060 1005 quuru
1080 926 1314 984 debellesset

246 1035 395 1094 nrissiuto
410 1035 546 1112 exemplo
563 1037 606 1094 sic
626 1037 707 1112 poci,
728 1047 761 1094 ut
780 1038 810 1094 iu
832 1033 1116 1113 pinuqusutpert'euto
1133 1030 1314 1090 coniunctiri

245 1141 386 1200 condetur
414 1141 540 1198 umus
567 1141 741 1216 significatio
771 1151 801 1198 et
821 1141 1025 1218 hypothetica,
1054 1147 1178 1213 upptret
1205 1155 1245 1192 ex
1268 1135 1313 1202 iis,

246 1265 311 1322 quse
332 1245 623 1322 dixiOpuscAesd.
649 1247 681 1304 11
702 1266 733 1323 p.
746 1248 823 1314 227;
845 1247 882 1307 ei.
904 1263 990 1321 quem
1010 1245 1052 1302 fei
1072 1244 1101 1300 iu
1123 1253 1195 1298 notu
1216 1241 1313 1316 posui.

248 1351 322 1410 Livii
344 1351 427 1418 ioco,
455 1351 621 1426 sdiungitur
642 1353 691 1424 X,
716 1355 772 1410 tc:
794 1371 900 1427 quum
928 1395 958 1410 ..
985 1351 1189 1425 potuisset;
1216 1366 1314 1421 nequ

245 1457 322 1514 euim
354 1455 537 1532 perticipium
571 1467 649 1526 erut,
682 1475 742 1532 quo
774 1460 927 1530 uteretur.)
979 1456 1083 1529 ltaque
1112 1473 1170 1512 uon
1199 1453 1312 1511 dubito.

246 1562 316 1636 quin
339 1579 438 1618 rerem
460 1561 631 1618 septemium
647 1562 799 1620 Wulchius
814 1563 932 1630 viderit3
954 1561 1007 1618 sed
1028 1561 1107 1635 quud
1127 1559 1216 1616 suibi
1235 1557 1313 1614 ruit:

246 1667 359 1742 Quum
373 1665 671 1740 victorequestri
687 1669 833 1743 proelio
852 1685 924 1734 rex,
938 1684 1056 1741 perro
1077 1673 1267 1721 momento
1281 1661 1311 1716 si

247 1771 490 1838 sdiuvisseut,
512 1771 737 1830 debellatum
752 1791 843 1842 esse,
859 1783 1073 1848 opportune
1089 1769 1310 1826 adhorteuti

246 1887 322 1948 cet,
343 1887 375 1932 ut
403 1875 539 1933 audietur
560 1877 757 1944 ciunturet,
781 1877 934 1937 diceret.
964 1877 993 1932 id
1023 1895 1094 1932 vero
1116 1875 1178 1932 fieri
1207 1875 1237 1930 in
1259 1873 1310 1929 nti

246 1981 378 2040 orstione
393 1979 471 2038 uullo
481 1993 576 2055 'poeto
591 1993 697 2058 potest.
720 1983 886 2040 Tenesmus
899 1983 988 2057 igitur
1007 1981 1252 2048 adiuvissent,
1267 1980 1311 2036 in·

246 2086 468 2162 teiiigumusqus
485 2095 552 2161 post
572 2087 802 2145 debellatum
823 2105 906 2144 esse
926 2086 1069 2142 excidisse
1089 2087 1211 2142 verbum
1234 2085 1311 2141 eius-

251 2191 347 2260 modi,
380 2191 467 2266 queie
490 2191 538 2248 ille
571 2193 664 2250 audiri
697 2193 807 2262 voluit,
840 2193 921 2251 citius
956 2191 998 2248 rei
1029 2203 1114 2248 tenue
1145 2190 1309 2264 vestiguum

249 2296 424 2372 superestis
440 2295 644 2370 codice(csse
666 2297 725 2374 et).
769 2300 894 2356 Perseus
913 2315 992 2366 suos,
1011 2296 1061 2370 qui
1077 2295 1204 2370 equestri
1225 2313 1314 2370 proe-

249 2401 288 2458 iio
322 2401 460 2470 vicerant,
492 2403 543 2460 sed
571 2403 629 2461 isui
664 2421 730 2460 cum
752 2403 928 2462 adversariis
943 2411 1022 2460 certo
1037 2401 1204 2458 cedentibus
1218 2399 1313 2475 gradu

250 2525 352 2564 metius
373 2525 526 2564 conserere
547 2527 605 2564 non
626 2507 784 2576 audebunt,
815 2508 967 2582 magnifice
988 2509 1162 2564 hortabatur
1182 2507 1222 2562 ud
1244 2505 1314 2561 insi·

249 2611 381 2672 stendum
403 2611 499 2672 victis.
556 2613 653 2686 Quum
674 2614 890 2687 supervenisset
911 2613 1049 2688 phsinnx,
1077 2623 1109 2668 ut
1129 2629 1250 2668 summe
1271 2609 1313 2666 rei

248 2715 406 2790 pericnlum
441 2736 509 2774 vere
543 2717 605 2776 tisri
639 2727 747 2792 posset,
785 2718 847 2793 ipse
882 2737 940 2774 non
973 2737 1063 2775 susus
1093 2725 1138 2772 est
1169 2715 1313 2788 cessitque

248 2820 347 2878 timide
372 2822 500 2878 mouenti
525 2821 673 2882 Euendro.

331 2925 470 3000 Cupit),
502 2931 530 2984 l:
555 2924 735 2984 Cecidere
755 2945 796 2982 co
819 2927 878 2983 die
899 2927 942 2984 ub
962 2927 1138 2985 Romanis
1160 2925 1311 2982 ducenti

248 3028 409 3103 equites,
453 3031 525 3088 duo
561 3030 665 3088 milis
701 3032 797 3088 hund
835 3033 951 3090 minus
988 3031 1170 3106 peditum,
1210 3029 1311 3105 cepti

247 3133 360 3191 terme
384 3134 531 3193 ducenti
561 3137 715 3210 equites.
772 3135 891 3194 Codex:
923 3137 1025 3212 cepti
1055 3155 1095 3192 cc
1117 3139 1184 3210 (hoc
1206 3147 1260 3206 est,
1280 3145 1311 3190 ut

247 3255 334 3314 sepe,
356 3239 424 3313 DC)
448 3239 560 3298 terme
582 3241 729 3298 ducenti
758 3242 922 3316 equites;
953 3244 1052 3316 ithue
1072 3242 1262 3318 Kreyssigius
1283 3251 1311 3298 et

248 3343 498 3404 Weissenbornins
520 3346 712 3422 scripserunt:
747 3347 849 3421 cepti
878 3347 1046 3404 sexcenti
1077 3346 1191 3404 ierute
1214 3345 1309 3421 equi·

247 3457 317 3518 tes,
357 3448 478 3508 aiterum
522 3471 672 3509 numerum
708 3452 882 3528 (ducenti)
917 3471 955 3510 ex
990 3452 1187 3528 superioribus
1219 3469 1312 3527 preve

247 3552 397 3626 repetitum
420 3555 485 3612 rati.
531 3557 633 3627 Miror,
655 3577 714 3616 non
728 3557 969 3616 animadvertisse
983 3576 1042 3628 cos,
1063 3557 1190 3614 indidem
1211 3573 1310 3632 sump-

247 3669 305 3714 tum
328 3677 392 3715 esse
413 3660 558 3734 equites
580 3663 822 3738 scribendumque
837 3671 962 3720 tuntum:
985 3664 1087 3738 espti
1107 3661 1169 3720 DC
1190 3661 1309 3718 ferme

246 3761 318 3834 Quis
350 3763 426 3820 enim
464 3765 581 3836 credet,
624 3787 712 3842 quum
750 3767 878 3842 quinque
909 3767 1041 3842 pertibus
1072 3767 1169 3842 plures
1198 3767 1309 3842 pedites

245 3883 333 3938 quem
356 3867 468 3940 equites
490 3869 677 3942 cecidissent,
707 3873 787 3930 solos
814 3873 924 3947 equites
953 3881 1056 3946 captos
1078 3871 1161 3930 esse?
1205 3873 1311 3947 Neque

246 3968 273 4023 id
297 3969 486 4042 Plutarchus,
519 3992 603 4048 quem
638 3975 825 4052 Kreyssigius
858 3987 959 4034 testem
989 3977 1073 4046 citet,
1103 3977 1173 4036 dicit
1194 3977 1309 4050 (AEtnil.
