2826 4640
595 293 650 349 ⁴81
1026 289 1084 337 uu.
1100 289 1157 338 xn.

179 471 252 550 Cap.
276 477 325 546 58,
352 480 376 536 1.
420 475 516 533 Huius
540 473 643 550 capitio
664 475 776 532 initium
800 483 829 532 et
848 453 878 531 in
893 472 1018 530 editione
1034 473 1159 548 Mogon-

91 577 156 635 tinn
176 579 262 636 valde
284 581 453 639 mendosum
468 582 726 657 perturbatumque
742 589 786 638 eet
800 589 829 636 et
840 589 943 655 postea
957 578 1158 656 interpolando

92 683 205 742 facturn
228 697 272 744 eet
293 685 434 744 vitiosius.
495 687 651 762 Superiora
680 685 775 762 capite
797 685 897 743 Livius
919 684 1065 754 narravit,
1098 684 1158 742 Ba·

93 799 220 862 starnae,
243 791 354 850 excitos
376 793 436 849 ouis
458 794 575 851 oedibus
588 793 766 868 nPhilippo,
782 792 889 849 Istrum
912 789 1074 860 traiecisse;
1097 797 1158 846 tum

96 897 277 972 Antigonum
300 906 329 954 et
351 895 523 969 Cottonem,
554 899 603 974 qui
631 917 681 955 eos
718 897 954 966 arcessivissent‚
983 912 1159 971 progressos

95 1019 161 1060 esee
181 1003 275 1079 iisque
307 1003 424 1060 nuntios
446 1003 625 1074 occurrisse,
649 1013 793 1061 mortuum
816 1021 880 1059 esse
900 1000 1084 1077 Philippum
1118 999 1160 1056 ita

96 1126 212 1167 omnem
235 1110 365 1168 ordinem
399 1109 511 1168 consilii
538 1111 575 1167 de
607 1128 661 1167 usu
683 1110 893 1166 Bastarnarum
914 1107 1061 1164 turbatum
1086 1123 1159 1162 esee.

96 1211 248 1288 Expositis
270 1212 374 1271 deinde
395 1215 524 1291 Philippi
544 1215 671 1274 consiliis
694 1215 789 1288 (Huc
807 1211 976 1289 Philippi
998 1209 1160 1269 consilia

95 1316 255 1390 fueraut,
277 1337 301 1376 c.
327 1323 363 1377 57
388 1323 484 1394 extu),
505 1323 547 1380 sic
569 1323 698 1380 narratio
711 1321 905 1388 continuatur,
915 1317 1159 1393 quemadmodum

96 1422 215 1496 quidem
227 1424 392 1501 Mogontiui
414 1426 582 1484 ediderunt:
605 1427 777 1503 Digreusi
799 1435 884 1483 sunt
907 1433 1039 1500 pacato
1071 1441 1159 1498 agro

96 1527 233 1586 deinde
265 1527 441 1589 Cottonis
471 1543 505 1589 et
537 1533 718 1609 Antigoni
748 1541 785 1590 et
806 1529 902 1587 haud
933 1527 1046 1585 multo
1076 1537 1160 1604 post

97 1633 231 1691 sarnam
265 1637 391 1694 mortis
413 1637 585 1714 Philippi
616 1657 732 1714 neque
751 1638 915 1694 Thraces
942 1631 1159 1690 commercio

95 1737 232 1796 faciles
255 1753 373 1812 erent,
394 1743 587 1801 Bastarnae
618 1744 719 1801 euito
741 1741 929 1800 contentio
960 1756 1039 1796 esee
1060 1749 1159 1814 poto·

96 1853 185 1900 rant
206 1845 314 1904 autin
337 1845 1059 1923 agminecontineri,nedecederentvie.
1082 1843 1160 1900 Hinc

95 1949 126 2006 in
150 1950 274 2008 editione
296 1953 483 2010 Frobcuiuna
511 1955 608 2031 priore
630 1955 755 2026 facturn,
789 1953 867 2030 quod
889 1963 992 2028 postea
1013 1959 1159 2008 servatum

96 2065 159 2112 est:
192 2055 356 2132 Ingresei
397 2067 478 2115 sunt
511 2071 644 2135 pacato
682 2060 846 2136 agmine,
884 2055 960 2113 fido
990 2055 1160 2114 Cottonis

97 2171 133 2217 ct
155 2163 351 2239 Antigoni3
383 2164 447 2221 sod
479 2165 575 2221 haud
611 2165 724 2222 multo
758 2173 842 2240 post
875 2161 1008 2220 fernam
1031 2160 1160 2218 mortis

96 2265 265 2344 Philippi
296 2287 417 2344 neque
448 2271 611 2328 Thracen
645 2269 861 2327 commercio
890 2267 1026 2325 faciles
1055 2275 1161 2324 erant

94 2389 214 2446 neque
235 2373 426 2432 Basternae
459 2385 577 2451 empto
606 2373 774 2432 contenti
804 2391 884 2431 esse
904 2381 1078 2449 potarunt
1100 2381 1162 2428 aut

95 2471 185 2549 cot.¹)
233 2479 322 2537 Recte
345 2479 473 2538 additum
504 2491 711 2557 nequeunte
733 2481 945 2548 Bastarnae,
972 2487 1050 2535 recte
1073 2475 1160 2532 etium

96 2592 218 2657 empto
239 2585 404 2642 contenti
426 2587 567 2661 positum3
600 2597 697 2644 cetera
727 2603 830 2663 prava.
879 2582 1085 2660 Ingrediuntur
1105 2580 1162 2636 fide

96 2686 229 2756 alicuius,
252 2689 301 2764 qui
323 2691 380 2747 fide
403 2691 440 2747 ab
463 2709 498 2748 eo
521 2693 591 2749 data
612 2691 678 2749 freti
704 2701 787 2760 sunt3
813 2691 975 2748 Bastarnae
998 2685 1086 2745 Cotto
1098 2689 1161 2744 An·

96 2792 272 2869 tigonueque
293 2795 350 2871 ipsi
372 2797 557 2855 adducebant
578 2817 673 2872 neque
694 2797 729 2855 iis
751 2805 890 2853 caverant
911 2795 1034 2852 fidemve
1050 2791 1161 2866 obliga·

98 2911 203 2956 verant
232 2901 299 2976 (uisi
323 2901 450 2978 Philippi
483 2903 601 2960 nomino
634 2901 670 2958 de
697 2901 857 2979 stipendio)
865 2921 874 2976 ;
905 2899 1070 2958 'Thracibus
1091 2897 1163 2954 tides

94 3113 296 3127 m

170 3291 214 3340 ned
234 3294 392 3356 potueritne,
420 3309 578 3360 quamquam
599 3294 734 3358 Philippus
766 3295 880 3342 nondum
906 3293 1026 3356 poricctiu
1049 3294 1163 3344 consiliio

172 3391 253 3432 morto
274 3398 410 3450 oppressae
429 3396 484 3446 eat,
513 3387 609 3436 arcessi
629 3395 656 3436 et
674 3387 750 3436 reboo
774 3399 905 3448 regnoque
924 3386 1062 3437 admoveri.
1100 3385 1162 3434 Tol·

170 3475 274 3524 lendum
292 3477 385 3536 haud,
404 3479 473 3540 quod
493 3493 571 3542 preve
582 3479 682 3527 addidit
694 3477 797 3540 eliquia,
812 3479 938 3526 acutoutia
955 3492 1006 3526 nou
1019 3477 1162 3526 intellecta:

170 3567 293 3617 Tamen
318 3570 488 3618 admoveri
511 3573 681 3635 potuisset
704 3571 914 3630 Antigonus.
939 3571 963 3620 si
983 3571 1095 3620 atatim
1114 3585 1164 3634 pa·

169 3657 340 3709 iamieetu
366 3670 457 3709 eraut
475 3677 561 3712 mora
581 3663 679 3726 regie.
724 3660 865 3724 Culiigcniu
891 3663 981 3710 medici
1009 3661 1099 3710 fraudo
1123 3677 1163 3712 ren

170 3753 293 3816 irnpcdita
311 3761 357 3802 est.

114 3871 137 3940 ¹)
170 3877 321 3928 Tenendum
341 3889 388 3942 eat,
402 3882 428 3928 iu
447 3881 528 3930 alteru
547 3883 649 3930 domum
667 3881 788 3931 Frobenii
807 3881 920 3930 editione
941 3881 1034 3943 (15³5)
1053 3881 1164 3942 Gclonii,

170 3970 213 4034 qui
235 3971 349 4021 ecdicum
369 3969 553 4035 Mogontinum
572 3973 693 4037 inspexit,
712 3972 811 4036 aliquae
830 3971 910 4022 iniere
925 3983 1023 4037 purten
1042 3975 1164 4040 inpriore

169 4063 264 4126 (15³1)
283 4063 406 4128 quioquid
425 4071 550 4114 mutatum
571 4073 618 4122 eat,
638 4073 720 4114 totum
741 4065 894 4115 coniectore
913 4065 1028 4118 debetur.

127 4168 237 4206 ntuvtcn
252 4169 348 4210 [tanna.
365 4169 420 4209 inv.
929 4164 958 4206 31
