<?xml version="1.0" encoding="UTF-8"?>
<!DOCTYPE html PUBLIC "-//W3C//DTD XHTML 1.0 Transitional//EN"
    "http://www.w3.org/TR/xhtml1/DTD/xhtml1-transitional.dtd">
<html xmlns="http://www.w3.org/1999/xhtml" xml:lang="en" lang="en">
 <head>
  <title>
</title>
<meta http-equiv="Content-Type" content="text/html;charset=utf-8" />
  <meta name='ocr-system' content='tesseract 3.04.00' />
  <meta name='ocr-capabilities' content='ocr_page ocr_carea ocr_par ocr_line ocrx_word'/>
</head>
<body>
  <div class='ocr_page' id='page_1' title='image "./emendationesliv02madvgoog_0497.png"; bbox 0 0 2826 4640; ppageno 0'>
   <div class='ocr_carea' id='block_1_1' title="bbox 753 245 814 304">
    <p class='ocr_par' dir='ltr' id='par_1_1' title="bbox 753 245 814 304">
     <span class='ocr_line' id='line_1_1' title="bbox 753 245 814 304; baseline 0.033 -2"><span class='ocrx_word' id='word_1_1' title='bbox 753 245 814 304; x_wconf 78' lang='grc'><strong>488</strong></span> 
     </span>
    </p>
   </div>
   <div class='ocr_carea' id='block_1_2' title="bbox 249 423 1318 504">
    <p class='ocr_par' dir='ltr' id='par_1_2' title="bbox 249 423 1318 504">
     <span class='ocr_line' id='line_1_2' title="bbox 249 423 1318 504; baseline 0.002 -20"><span class='ocrx_word' id='word_1_2' title='bbox 249 437 280 485; x_wconf 93' lang='lat' dir='ltr'><strong>ut</strong></span> <span class='ocrx_word' id='word_1_3' title='bbox 301 445 398 504; x_wconf 92' lang='lat' dir='ltr'><strong>spero,</strong></span> <span class='ocrx_word' id='word_1_4' title='bbox 423 425 494 484; x_wconf 80' lang='lat' dir='ltr'><strong>alibi</strong></span> <span class='ocrx_word' id='word_1_5' title='bbox 516 423 611 498; x_wconf 80' lang='lat' dir='ltr'><strong>edem,</strong></span> <span class='ocrx_word' id='word_1_6' title='bbox 636 428 775 503; x_wconf 87' lang='lat' dir='ltr'><strong>quoniam</strong></span> <span class='ocrx_word' id='word_1_7' title='bbox 797 447 861 486; x_wconf 82' lang='lat' dir='ltr'><strong>eoin</strong></span> <span class='ocrx_word' id='word_1_8' title='bbox 885 427 969 486; x_wconf 90' lang='lat' dir='ltr'><strong>molis</strong></span> <span class='ocrx_word' id='word_1_9' title='bbox 991 427 1186 486; x_wconf 75' lang='lat' dir='ltr'><strong>accessionem</strong></span> <span class='ocrx_word' id='word_1_10' title='bbox 1208 427 1256 488; x_wconf 86' lang='lat' dir='ltr'><strong>hic</strong></span> <span class='ocrx_word' id='word_1_11' title='bbox 1282 430 1318 486; x_wconf 91' lang='lat' dir='ltr'><strong>li-</strong></span> 
     </span>
    </p>
   </div>
   <div class='ocr_carea' id='block_1_3' title="bbox 247 529 1319 3250">
    <p class='ocr_par' dir='ltr' id='par_1_3' title="bbox 249 529 512 610">
     <span class='ocr_line' id='line_1_3' title="bbox 249 529 512 610; baseline 0 -18"><span class='ocrx_word' id='word_1_12' title='bbox 249 535 301 592; x_wconf 88' lang='lat' dir='ltr'><strong>ber</strong></span> <span class='ocrx_word' id='word_1_13' title='bbox 321 551 379 592; x_wconf 93' lang='lat' dir='ltr'><strong>non</strong></span> <span class='ocrx_word' id='word_1_14' title='bbox 401 529 512 610; x_wconf 81' lang='lat' dir='ltr'><strong>recipit.</strong></span> 
     </span>
    </p>

    <p class='ocr_par' dir='ltr' id='par_1_4' title="bbox 247 636 1319 3250">
     <span class='ocr_line' id='line_1_4' title="bbox 332 636 1319 714; baseline 0.002 -18"><span class='ocrx_word' id='word_1_15' title='bbox 332 636 449 696; x_wconf 86' lang='lat' dir='ltr'><strong>Codicis</strong></span> <span class='ocrx_word' id='word_1_16' title='bbox 473 638 710 696; x_wconf 80' lang='lat' dir='ltr'><strong>vindobonensis</strong></span> <span class='ocrx_word' id='word_1_17' title='bbox 734 638 859 713; x_wconf 70' lang='lat' dir='ltr'><strong>quaesit</strong></span> <span class='ocrx_word' id='word_1_18' title='bbox 882 649 1003 696; x_wconf 85' lang='lat' dir='ltr'><strong>externe</strong></span> <span class='ocrx_word' id='word_1_19' title='bbox 1025 638 1148 714; x_wconf 76' lang='lat' dir='ltr'><strong>species,</strong></span> <span class='ocrx_word' id='word_1_20' title='bbox 1178 659 1215 698; x_wconf 87' lang='lat' dir='ltr'><strong>ex</strong></span> <span class='ocrx_word' id='word_1_21' title='bbox 1236 639 1319 700; x_wconf 81' lang='lat' dir='ltr'><strong>imn-</strong></span> 
     </span>
     <span class='ocr_line' id='line_1_5' title="bbox 248 743 1318 821; baseline 0.001 -20"><span class='ocrx_word' id='word_1_22' title='bbox 248 743 314 819; x_wconf 79' lang='lat' dir='ltr'><strong>gine</strong></span> <span class='ocrx_word' id='word_1_23' title='bbox 336 744 387 802; x_wconf 89' lang='lat' dir='ltr'><strong>illa</strong></span> <span class='ocrx_word' id='word_1_24' title='bbox 409 745 493 802; x_wconf 90' lang='lat' dir='ltr'><strong>unius</strong></span> <span class='ocrx_word' id='word_1_25' title='bbox 515 744 645 819; x_wconf 70' lang='lat' dir='ltr'><strong>pagine,</strong></span> <span class='ocrx_word' id='word_1_26' title='bbox 678 762 765 818; x_wconf 89' lang='lat' dir='ltr'><strong>quam</strong></span> <span class='ocrx_word' id='word_1_27' title='bbox 787 743 945 802; x_wconf 89' lang='lat' dir='ltr'><strong>Endlioher</strong></span> <span class='ocrx_word' id='word_1_28' title='bbox 969 743 998 802; x_wconf 92' lang='lat' dir='ltr'><strong>in</strong></span> <span class='ocrx_word' id='word_1_29' title='bbox 1021 745 1156 821; x_wconf 78' lang='lat' dir='ltr'><strong>catalogo</strong></span> <span class='ocrx_word' id='word_1_30' title='bbox 1179 745 1318 804; x_wconf 87' lang='lat' dir='ltr'><strong>codicum</strong></span> 
     </span>
     <span class='ocr_line' id='line_1_6' title="bbox 248 849 1317 926; baseline 0.002 -20"><span class='ocrx_word' id='word_1_31' title='bbox 248 849 387 924; x_wconf 81' lang='lat' dir='ltr'><strong>philolog.</strong></span> <span class='ocrx_word' id='word_1_32' title='bbox 410 849 505 908; x_wconf 86' lang='lat' dir='ltr'><strong>Latin.</strong></span> <span class='ocrx_word' id='word_1_33' title='bbox 542 849 724 907; x_wconf 74' lang='lat' dir='ltr'><strong>bibliotheca</strong></span> <span class='ocrx_word' id='word_1_34' title='bbox 757 849 884 907; x_wconf 89' lang='lat' dir='ltr'><strong>Vindob.</strong></span> <span class='ocrx_word' id='word_1_35' title='bbox 912 853 951 922; x_wconf 88' lang='lat' dir='ltr'><strong>(a.</strong></span> <span class='ocrx_word' id='word_1_36' title='bbox 980 849 1074 926; x_wconf 83' lang='lat'><strong>1836)</strong></span> <span class='ocrx_word' id='word_1_37' title='bbox 1107 849 1156 906; x_wconf 80' lang='lat' dir='ltr'><strong>aeri</strong></span> <span class='ocrx_word' id='word_1_38' title='bbox 1192 850 1317 908; x_wconf 86' lang='lat' dir='ltr'><strong>incisam</strong></span> 
     </span>
     <span class='ocr_line' id='line_1_7' title="bbox 249 953 1317 1031; baseline 0.002 -19"><span class='ocrx_word' id='word_1_39' title='bbox 249 954 347 1024; x_wconf 81' lang='lat' dir='ltr'><strong>edidit,</strong></span> <span class='ocrx_word' id='word_1_40' title='bbox 369 955 459 1012; x_wconf 90' lang='lat' dir='ltr'><strong>multo</strong></span> <span class='ocrx_word' id='word_1_41' title='bbox 483 955 663 1012; x_wconf 81' lang='lat' dir='ltr'><strong>commodius</strong></span> <span class='ocrx_word' id='word_1_42' title='bbox 684 955 862 1031; x_wconf 78' lang='lat' dir='ltr'><strong>intelligitur,</strong></span> <span class='ocrx_word' id='word_1_43' title='bbox 884 975 972 1031; x_wconf 89' lang='lat' dir='ltr'><strong>quam</strong></span> <span class='ocrx_word' id='word_1_44' title='bbox 992 956 1087 1014; x_wconf 85' lang='lat' dir='ltr'><strong>verbis</strong></span> <span class='ocrx_word' id='word_1_45' title='bbox 1110 953 1317 1028; x_wconf 85' lang='lat' dir='ltr'><strong>edisseritur¹).</strong></span> 
     </span>
     <span class='ocr_line' id='line_1_8' title="bbox 249 1058 1315 1136; baseline 0.006 -19"><span class='ocrx_word' id='word_1_46' title='bbox 249 1060 335 1133; x_wconf 85' lang='lat' dir='ltr'><strong>Quod</strong></span> <span class='ocrx_word' id='word_1_47' title='bbox 362 1071 445 1118; x_wconf 88' lang='lat' dir='ltr'><strong>sexto</strong></span> <span class='ocrx_word' id='word_1_48' title='bbox 476 1060 582 1118; x_wconf 81' lang='lat' dir='ltr'><strong>saeoulo</strong></span> <span class='ocrx_word' id='word_1_49' title='bbox 607 1079 672 1118; x_wconf 89' lang='lat' dir='ltr'><strong>eum</strong></span> <span class='ocrx_word' id='word_1_50' title='bbox 694 1060 832 1136; x_wconf 88' lang='lat' dir='ltr'><strong>scriptum</strong></span> <span class='ocrx_word' id='word_1_51' title='bbox 854 1061 990 1130; x_wconf 79' lang='lat' dir='ltr'><strong>tradunt,</strong></span> <span class='ocrx_word' id='word_1_52' title='bbox 1018 1061 1079 1118; x_wconf 88' lang='lat' dir='ltr'><strong>eius</strong></span> <span class='ocrx_word' id='word_1_53' title='bbox 1106 1058 1149 1120; x_wconf 90' lang='lat' dir='ltr'><strong>rei</strong></span> <span class='ocrx_word' id='word_1_54' title='bbox 1174 1063 1315 1122; x_wconf 84' lang='lat' dir='ltr'><strong>iudicium</strong></span> 
     </span>
     <span class='ocr_line' id='line_1_9' title="bbox 248 1165 1316 1242; baseline 0.005 -18"><span class='ocrx_word' id='word_1_55' title='bbox 248 1166 379 1240; x_wconf 87' lang='lat' dir='ltr'><strong>relinquo</strong></span> <span class='ocrx_word' id='word_1_56' title='bbox 409 1166 461 1238; x_wconf 82' lang='lat' dir='ltr'><strong>iis,</strong></span> <span class='ocrx_word' id='word_1_57' title='bbox 484 1166 583 1242; x_wconf 88' lang='lat' dir='ltr'><strong>quiin</strong></span> <span class='ocrx_word' id='word_1_58' title='bbox 617 1167 673 1224; x_wconf 90' lang='lat' dir='ltr'><strong>hoc</strong></span> <span class='ocrx_word' id='word_1_59' title='bbox 708 1184 814 1241; x_wconf 86' lang='lat' dir='ltr'><strong>genere</strong></span> <span class='ocrx_word' id='word_1_60' title='bbox 840 1167 933 1224; x_wconf 78' lang='lat' dir='ltr'><strong>tetntis</strong></span> <span class='ocrx_word' id='word_1_61' title='bbox 971 1165 1102 1224; x_wconf 89' lang='lat' dir='ltr'><strong>codicum</strong></span> <span class='ocrx_word' id='word_1_62' title='bbox 1135 1169 1316 1228; x_wconf 77' lang='lat' dir='ltr'><strong>aestimandas</strong></span> 
     </span>
     <span class='ocr_line' id='line_1_10' title="bbox 248 1271 1316 1348; baseline 0.002 -18"><span class='ocrx_word' id='word_1_63' title='bbox 248 1271 398 1348; x_wconf 85' lang='lat' dir='ltr'><strong>multiplici</strong></span> <span class='ocrx_word' id='word_1_64' title='bbox 419 1271 638 1348; x_wconf 82' lang='lat' dir='ltr'><strong>comparatione</strong></span> <span class='ocrx_word' id='word_1_65' title='bbox 659 1272 876 1330; x_wconf 80' lang='lat' dir='ltr'><strong>exercitatiores</strong></span> <span class='ocrx_word' id='word_1_66' title='bbox 898 1281 983 1342; x_wconf 83' lang='lat' dir='ltr'><strong>sunt;</strong></span> <span class='ocrx_word' id='word_1_67' title='bbox 1004 1273 1083 1342; x_wconf 84' lang='lat' dir='ltr'><strong>mihi,</strong></span> <span class='ocrx_word' id='word_1_68' title='bbox 1107 1275 1132 1330; x_wconf 92' lang='lat' dir='ltr'><strong>si</strong></span> <span class='ocrx_word' id='word_1_69' title='bbox 1154 1275 1252 1332; x_wconf 88' lang='lat' dir='ltr'><strong>seculo</strong></span> <span class='ocrx_word' id='word_1_70' title='bbox 1266 1294 1316 1332; x_wconf 87' lang='lat' dir='ltr'><strong>re·</strong></span> 
     </span>
     <span class='ocr_line' id='line_1_11' title="bbox 248 1373 1314 1454; baseline 0.001 -18"><span class='ocrx_word' id='word_1_71' title='bbox 248 1378 403 1436; x_wconf 89' lang='lat' dir='ltr'><strong>centiorem</strong></span> <span class='ocrx_word' id='word_1_72' title='bbox 443 1376 586 1448; x_wconf 75' lang='lat' dir='ltr'><strong>facerent,</strong></span> <span class='ocrx_word' id='word_1_73' title='bbox 623 1376 737 1434; x_wconf 78' lang='lat' dir='ltr'><strong>facilius</strong></span> <span class='ocrx_word' id='word_1_74' title='bbox 773 1373 1025 1452; x_wconf 57' lang='lat' dir='ltr'><strong>persuaderem).</strong></span> <span class='ocrx_word' id='word_1_75' title='bbox 1084 1379 1161 1436; x_wconf 90' lang='lat' dir='ltr'><strong>Illud</strong></span> <span class='ocrx_word' id='word_1_76' title='bbox 1195 1379 1314 1454; x_wconf 88' lang='lat' dir='ltr'><strong>quidem</strong></span> 
     </span>
     <span class='ocr_line' id='line_1_12' title="bbox 248 1483 1314 1560; baseline 0.002 -19"><span class='ocrx_word' id='word_1_77' title='bbox 248 1493 370 1552; x_wconf 80' lang='lat' dir='ltr'><strong>constat,</strong></span> <span class='ocrx_word' id='word_1_78' title='bbox 393 1485 469 1542; x_wconf 90' lang='lat' dir='ltr'><strong>hunc</strong></span> <span class='ocrx_word' id='word_1_79' title='bbox 490 1503 607 1560; x_wconf 87' lang='lat' dir='ltr'><strong>quoque</strong></span> <span class='ocrx_word' id='word_1_80' title='bbox 629 1483 775 1559; x_wconf 81' lang='lat' dir='ltr'><strong>quantivis</strong></span> <span class='ocrx_word' id='word_1_81' title='bbox 797 1485 882 1560; x_wconf 90' lang='lat' dir='ltr'><strong>pretii</strong></span> <span class='ocrx_word' id='word_1_82' title='bbox 904 1484 1043 1552; x_wconf 77' lang='lat' dir='ltr'><strong>codicem,</strong></span> <span class='ocrx_word' id='word_1_83' title='bbox 1065 1484 1111 1541; x_wconf 88' lang='lat' dir='ltr'><strong>cui</strong></span> <span class='ocrx_word' id='word_1_84' title='bbox 1134 1485 1182 1542; x_wconf 91' lang='lat' dir='ltr'><strong>uni</strong></span> <span class='ocrx_word' id='word_1_85' title='bbox 1199 1493 1314 1543; x_wconf 83' lang='lat' dir='ltr'><strong>tantam</strong></span> 
     </span>
     <span class='ocr_line' id='line_1_13' title="bbox 247 1589 1314 1666; baseline 0.002 -20"><span class='ocrx_word' id='word_1_86' title='bbox 247 1599 359 1665; x_wconf 79' lang='lat' dir='ltr'><strong>purtem</strong></span> <span class='ocrx_word' id='word_1_87' title='bbox 384 1589 480 1666; x_wconf 88' lang='lat' dir='ltr'><strong>operis</strong></span> <span class='ocrx_word' id='word_1_88' title='bbox 503 1589 619 1646; x_wconf 76' lang='lat' dir='ltr'><strong>Liviani</strong></span> <span class='ocrx_word' id='word_1_89' title='bbox 641 1589 808 1660; x_wconf 78' lang='lat' dir='ltr'><strong>debeamus,</strong></span> <span class='ocrx_word' id='word_1_90' title='bbox 832 1599 939 1660; x_wconf 64' lang='lat' dir='ltr'><strong>umen,</strong></span> <span class='ocrx_word' id='word_1_91' title='bbox 961 1590 986 1646; x_wconf 89' lang='lat' dir='ltr'><strong>si</strong></span> <span class='ocrx_word' id='word_1_92' title='bbox 1011 1609 1111 1648; x_wconf 86' lang='lat' dir='ltr'><strong>verum</strong></span> <span class='ocrx_word' id='word_1_93' title='bbox 1133 1590 1270 1661; x_wconf 81' lang='lat' dir='ltr'><strong>fatemur,</strong></span> <span class='ocrx_word' id='word_1_94' title='bbox 1294 1611 1314 1648; x_wconf 87' lang='lat' dir='ltr'><strong>a</strong></span> 
     </span>
     <span class='ocr_line' id='line_1_14' title="bbox 247 1694 1313 1772; baseline 0.004 -22"><span class='ocrx_word' id='word_1_95' title='bbox 247 1695 367 1752; x_wconf 79' lang='lat' dir='ltr'><strong>librario</strong></span> <span class='ocrx_word' id='word_1_96' title='bbox 389 1695 507 1752; x_wconf 88' lang='lat' dir='ltr'><strong>indocto</strong></span> <span class='ocrx_word' id='word_1_97' title='bbox 529 1695 601 1751; x_wconf 82' lang='lat' dir='ltr'><strong>setis</strong></span> <span class='ocrx_word' id='word_1_98' title='bbox 625 1694 768 1752; x_wconf 91' lang='lat' dir='ltr'><strong>incuriose</strong></span> <span class='ocrx_word' id='word_1_99' title='bbox 794 1697 933 1772; x_wconf 85' lang='lat' dir='ltr'><strong>scriptum</strong></span> <span class='ocrx_word' id='word_1_100' title='bbox 955 1715 1018 1754; x_wconf 90' lang='lat' dir='ltr'><strong>esse</strong></span> <span class='ocrx_word' id='word_1_101' title='bbox 1045 1715 1209 1772; x_wconf 74' lang='lat' dir='ltr'><strong>magnoque</strong></span> <span class='ocrx_word' id='word_1_102' title='bbox 1231 1717 1313 1754; x_wconf 91' lang='lat' dir='ltr'><strong>men·</strong></span> 
     </span>
     <span class='ocr_line' id='line_1_15' title="bbox 248 1799 1313 1878; baseline 0.005 -22"><span class='ocrx_word' id='word_1_103' title='bbox 248 1801 350 1857; x_wconf 82' lang='lat' dir='ltr'><strong>domm</strong></span> <span class='ocrx_word' id='word_1_104' title='bbox 372 1819 431 1857; x_wconf 92' lang='lat' dir='ltr'><strong>non</strong></span> <span class='ocrx_word' id='word_1_105' title='bbox 452 1819 520 1857; x_wconf 90' lang='lat' dir='ltr'><strong>raro</strong></span> <span class='ocrx_word' id='word_1_106' title='bbox 536 1799 622 1856; x_wconf 88' lang='lat' dir='ltr'><strong>valde</strong></span> <span class='ocrx_word' id='word_1_107' title='bbox 644 1801 763 1858; x_wconf 84' lang='lat' dir='ltr'><strong>licenter</strong></span> <span class='ocrx_word' id='word_1_108' title='bbox 776 1802 970 1860; x_wconf 75' lang='lat' dir='ltr'><strong>aberrantium</strong></span> <span class='ocrx_word' id='word_1_109' title='bbox 987 1820 1107 1859; x_wconf 88' lang='lat' dir='ltr'><strong>numero</strong></span> <span class='ocrx_word' id='word_1_110' title='bbox 1119 1803 1313 1878; x_wconf 71' lang='lat' dir='ltr'><strong>inquinatum,</strong></span> 
     </span>
     <span class='ocr_line' id='line_1_16' title="bbox 248 1906 1313 1982; baseline 0.002 -20"><span class='ocrx_word' id='word_1_111' title='bbox 248 1917 279 1962; x_wconf 92' lang='lat' dir='ltr'><strong>nt</strong></span> <span class='ocrx_word' id='word_1_112' title='bbox 307 1913 513 1982; x_wconf 79' lang='lat' dir='ltr'><strong>(prseterquam</strong></span> <span class='ocrx_word' id='word_1_113' title='bbox 550 1907 628 1982; x_wconf 87' lang='lat' dir='ltr'><strong>quod</strong></span> <span class='ocrx_word' id='word_1_114' title='bbox 659 1925 733 1964; x_wconf 89' lang='lat' dir='ltr'><strong>unus</strong></span> <span class='ocrx_word' id='word_1_115' title='bbox 769 1911 824 1979; x_wconf 88' lang='lat' dir='ltr'><strong>est)</strong></span> <span class='ocrx_word' id='word_1_116' title='bbox 860 1907 954 1964; x_wconf 86' lang='lat' dir='ltr'><strong>leudis</strong></span> <span class='ocrx_word' id='word_1_117' title='bbox 988 1907 1017 1963; x_wconf 90' lang='lat' dir='ltr'><strong>id</strong></span> <span class='ocrx_word' id='word_1_118' title='bbox 1039 1906 1101 1964; x_wconf 85' lang='lat' dir='ltr'><strong>lere</strong></span> <span class='ocrx_word' id='word_1_119' title='bbox 1121 1908 1313 1982; x_wconf 87' lang='lat' dir='ltr'><strong>relinquatur,</strong></span> 
     </span>
     <span class='ocr_line' id='line_1_17' title="bbox 248 2011 1312 2088; baseline 0.002 -20"><span class='ocrx_word' id='word_1_120' title='bbox 248 2013 325 2086; x_wconf 90' lang='lat' dir='ltr'><strong>quod</strong></span> <span class='ocrx_word' id='word_1_121' title='bbox 356 2013 421 2088; x_wconf 86' lang='lat' dir='ltr'><strong>ipsn</strong></span> <span class='ocrx_word' id='word_1_122' title='bbox 452 2021 595 2069; x_wconf 81' lang='lat' dir='ltr'><strong>vetustate</strong></span> <span class='ocrx_word' id='word_1_123' title='bbox 627 2022 654 2068; x_wconf 86' lang='lat' dir='ltr'><strong>et</strong></span> <span class='ocrx_word' id='word_1_124' title='bbox 683 2011 793 2068; x_wconf 81' lang='lat' dir='ltr'><strong>librarii</strong></span> <span class='ocrx_word' id='word_1_125' title='bbox 821 2013 1004 2088; x_wconf 78' lang='lat' dir='ltr'><strong>simplicitate</strong></span> <span class='ocrx_word' id='word_1_126' title='bbox 1033 2011 1208 2080; x_wconf 88' lang='lat' dir='ltr'><strong>continetur;</strong></span> <span class='ocrx_word' id='word_1_127' title='bbox 1243 2032 1312 2070; x_wconf 87' lang='lat' dir='ltr'><strong>nam</strong></span> 
     </span>
     <span class='ocr_line' id='line_1_18' title="bbox 247 2117 1312 2194; baseline 0 -20"><span class='ocrx_word' id='word_1_128' title='bbox 247 2138 340 2194; x_wconf 90' lang='lat' dir='ltr'><strong>neque</strong></span> <span class='ocrx_word' id='word_1_129' title='bbox 364 2137 440 2194; x_wconf 85' lang='lat' dir='ltr'><strong>saepe</strong></span> <span class='ocrx_word' id='word_1_130' title='bbox 463 2117 651 2174; x_wconf 85' lang='lat' dir='ltr'><strong>describendo</strong></span> <span class='ocrx_word' id='word_1_131' title='bbox 676 2117 782 2173; x_wconf 88' lang='lat' dir='ltr'><strong>mendn</strong></span> <span class='ocrx_word' id='word_1_132' title='bbox 803 2137 822 2174; x_wconf 91' lang='lat' dir='ltr'><strong>a</strong></span> <span class='ocrx_word' id='word_1_133' title='bbox 843 2119 938 2194; x_wconf 85' lang='lat' dir='ltr'><strong>prime</strong></span> <span class='ocrx_word' id='word_1_134' title='bbox 960 2118 1065 2174; x_wconf 83' lang='lat' dir='ltr'><strong>erroris</strong></span> <span class='ocrx_word' id='word_1_135' title='bbox 1088 2117 1312 2194; x_wconf 81' lang='lat' dir='ltr'><strong>formalongius</strong></span> 
     </span>
     <span class='ocr_line' id='line_1_19' title="bbox 248 2222 1312 2298; baseline -0.002 -18"><span class='ocrx_word' id='word_1_136' title='bbox 248 2223 362 2280; x_wconf 84' lang='lat' dir='ltr'><strong>detorto</strong></span> <span class='ocrx_word' id='word_1_137' title='bbox 383 2233 450 2281; x_wconf 87' lang='lat' dir='ltr'><strong>sunt</strong></span> <span class='ocrx_word' id='word_1_138' title='bbox 471 2243 565 2298; x_wconf 89' lang='lat' dir='ltr'><strong>neque</strong></span> <span class='ocrx_word' id='word_1_139' title='bbox 596 2223 656 2280; x_wconf 83' lang='lat' dir='ltr'><strong>ulle</strong></span> <span class='ocrx_word' id='word_1_140' title='bbox 692 2223 729 2278; x_wconf 85' lang='lat' dir='ltr'><strong>nd</strong></span> <span class='ocrx_word' id='word_1_141' title='bbox 760 2243 795 2280; x_wconf 84' lang='lat' dir='ltr'><strong>ea</strong></span> <span class='ocrx_word' id='word_1_142' title='bbox 817 2225 989 2282; x_wconf 82' lang='lat' dir='ltr'><strong>occultando</strong></span> <span class='ocrx_word' id='word_1_143' title='bbox 1022 2224 1143 2281; x_wconf 83' lang='lat' dir='ltr'><strong>necessit</strong></span> <span class='ocrx_word' id='word_1_144' title='bbox 1169 2222 1261 2280; x_wconf 83' lang='lat' dir='ltr'><strong>fallax</strong></span> <span class='ocrx_word' id='word_1_145' title='bbox 1283 2234 1312 2278; x_wconf 89' lang='lat' dir='ltr'><strong>et</strong></span> 
     </span>
     <span class='ocr_line' id='line_1_20' title="bbox 248 2324 1312 2404; baseline 0.001 -21"><span class='ocrx_word' id='word_1_146' title='bbox 248 2327 405 2384; x_wconf 78' lang='lat' dir='ltr'><strong>artificiosa</strong></span> <span class='ocrx_word' id='word_1_147' title='bbox 427 2324 655 2404; x_wconf 73' lang='lat' dir='ltr'><strong>interpolatio.⁸)</strong></span> <span class='ocrx_word' id='word_1_148' title='bbox 703 2330 780 2386; x_wconf 83' lang='lat' dir='ltr'><strong>Nam</strong></span> <span class='ocrx_word' id='word_1_149' title='bbox 804 2339 833 2387; x_wconf 91' lang='lat' dir='ltr'><strong>et</strong></span> <span class='ocrx_word' id='word_1_150' title='bbox 857 2330 886 2388; x_wconf 95' lang='lat' dir='ltr'><strong>in</strong></span> <span class='ocrx_word' id='word_1_151' title='bbox 909 2330 1006 2387; x_wconf 89' lang='lat' dir='ltr'><strong>verbis</strong></span> <span class='ocrx_word' id='word_1_152' title='bbox 1027 2329 1201 2400; x_wconf 81' lang='lat' dir='ltr'><strong>scribendis,</strong></span> <span class='ocrx_word' id='word_1_153' title='bbox 1223 2329 1312 2386; x_wconf 87' lang='lat' dir='ltr'><strong>etiarn</strong></span> 
     </span>
     <span class='ocr_line' id='line_1_21' title="bbox 248 2433 1313 2510; baseline 0.002 -21"><span class='ocrx_word' id='word_1_154' title='bbox 248 2433 325 2490; x_wconf 90' lang='lat' dir='ltr'><strong>notis</strong></span> <span class='ocrx_word' id='word_1_155' title='bbox 347 2445 376 2491; x_wconf 92' lang='lat' dir='ltr'><strong>et</strong></span> <span class='ocrx_word' id='word_1_156' title='bbox 387 2433 531 2505; x_wconf 80' lang='lat' dir='ltr'><strong>incilibus,</strong></span> <span class='ocrx_word' id='word_1_157' title='bbox 553 2433 721 2510; x_wconf 84' lang='lat' dir='ltr'><strong>frequenter·</strong></span> <span class='ocrx_word' id='word_1_158' title='bbox 742 2443 771 2491; x_wconf 89' lang='lat' dir='ltr'><strong>et</strong></span> <span class='ocrx_word' id='word_1_159' title='bbox 792 2435 935 2492; x_wconf 88' lang='lat' dir='ltr'><strong>interdum</strong></span> <span class='ocrx_word' id='word_1_160' title='bbox 960 2435 1079 2492; x_wconf 85' lang='lat' dir='ltr'><strong>mirifice</strong></span> <span class='ocrx_word' id='word_1_161' title='bbox 1094 2444 1217 2504; x_wconf 84' lang='lat' dir='ltr'><strong>erretur,</strong></span> <span class='ocrx_word' id='word_1_162' title='bbox 1235 2453 1313 2510; x_wconf 79' lang='lat' dir='ltr'><strong>saepe</strong></span> 
     </span>
     <span class='ocr_line' id='line_1_22' title="bbox 247 2540 1312 2618; baseline 0 -22"><span class='ocrx_word' id='word_1_163' title='bbox 247 2549 367 2614; x_wconf 84' lang='lat' dir='ltr'><strong>propter</strong></span> <span class='ocrx_word' id='word_1_164' title='bbox 388 2540 530 2598; x_wconf 84' lang='lat' dir='ltr'><strong>obieci-em</strong></span> <span class='ocrx_word' id='word_1_165' title='bbox 554 2551 583 2597; x_wconf 90' lang='lat' dir='ltr'><strong>et</strong></span> <span class='ocrx_word' id='word_1_166' title='bbox 597 2549 743 2615; x_wconf 86' lang='lat' dir='ltr'><strong>arreptam</strong></span> <span class='ocrx_word' id='word_1_167' title='bbox 769 2541 798 2596; x_wconf 92' lang='lat' dir='ltr'><strong>in</strong></span> <span class='ocrx_word' id='word_1_168' title='bbox 821 2541 957 2599; x_wconf 85' lang='lat' dir='ltr'><strong>continue</strong></span> <span class='ocrx_word' id='word_1_169' title='bbox 979 2543 1123 2618; x_wconf 86' lang='lat' dir='ltr'><strong>scriptura</strong></span> <span class='ocrx_word' id='word_1_170' title='bbox 1149 2560 1187 2598; x_wconf 88' lang='lat' dir='ltr'><strong>ex</strong></span> <span class='ocrx_word' id='word_1_171' title='bbox 1208 2540 1312 2598; x_wconf 87' lang='lat' dir='ltr'><strong>litteris</strong></span> 
     </span>
     <span class='ocr_line' id='line_1_23' title="bbox 248 2645 1312 2722; baseline 0.002 -22"><span class='ocrx_word' id='word_1_172' title='bbox 248 2645 359 2718; x_wconf 87' lang='lat' dir='ltr'><strong>aliquot</strong></span> <span class='ocrx_word' id='word_1_173' title='bbox 380 2645 464 2722; x_wconf 86' lang='lat' dir='ltr'><strong>prnvi</strong></span> <span class='ocrx_word' id='word_1_174' title='bbox 487 2656 515 2701; x_wconf 87' lang='lat' dir='ltr'><strong>et</strong></span> <span class='ocrx_word' id='word_1_175' title='bbox 537 2645 622 2702; x_wconf 88' lang='lat' dir='ltr'><strong>alieni</strong></span> <span class='ocrx_word' id='word_1_176' title='bbox 647 2646 729 2704; x_wconf 91' lang='lat' dir='ltr'><strong>verbi</strong></span> <span class='ocrx_word' id='word_1_177' title='bbox 750 2647 887 2721; x_wconf 83' lang='lat' dir='ltr'><strong>speciem,</strong></span> <span class='ocrx_word' id='word_1_178' title='bbox 912 2647 1066 2706; x_wconf 83' lang='lat' dir='ltr'><strong>accedente</strong></span> <span class='ocrx_word' id='word_1_179' title='bbox 1088 2647 1147 2704; x_wconf 88' lang='lat' dir='ltr'><strong>alin</strong></span> <span class='ocrx_word' id='word_1_180' title='bbox 1169 2647 1256 2704; x_wconf 87' lang='lat' dir='ltr'><strong>etiarn</strong></span> <span class='ocrx_word' id='word_1_181' title='bbox 1272 2646 1312 2702; x_wconf 84' lang='lat' dir='ltr'><strong>ad</strong></span> 
     </span>
     <span class='ocr_line' id='line_1_24' title="bbox 248 2751 1311 2824; baseline 0.002 -18"><span class='ocrx_word' id='word_1_182' title='bbox 248 2751 323 2807; x_wconf 91' lang='lat' dir='ltr'><strong>oculi</strong></span> <span class='ocrx_word' id='word_1_183' title='bbox 346 2771 458 2808; x_wconf 87' lang='lat' dir='ltr'><strong>errores</strong></span> <span class='ocrx_word' id='word_1_184' title='bbox 484 2751 571 2808; x_wconf 85' lang='lat' dir='ltr'><strong>animi</strong></span> <span class='ocrx_word' id='word_1_185' title='bbox 594 2751 808 2824; x_wconf 81' lang='lat' dir='ltr'><strong>allucinatione,</strong></span> <span class='ocrx_word' id='word_1_186' title='bbox 827 2765 856 2810; x_wconf 92' lang='lat' dir='ltr'><strong>et</strong></span> <span class='ocrx_word' id='word_1_187' title='bbox 874 2753 1091 2810; x_wconf 84' lang='lat' dir='ltr'><strong>terminationes</strong></span> <span class='ocrx_word' id='word_1_188' title='bbox 1107 2771 1210 2810; x_wconf 85' lang='lat' dir='ltr'><strong>vocum</strong></span> <span class='ocrx_word' id='word_1_189' title='bbox 1224 2752 1311 2809; x_wconf 88' lang='lat' dir='ltr'><strong>etiem</strong></span> 
     </span>
     <span class='ocr_line' id='line_1_25' title="bbox 248 2856 1311 2934; baseline 0 -20"><span class='ocrx_word' id='word_1_190' title='bbox 248 2875 297 2926; x_wconf 81' lang='lat' dir='ltr'><strong>eae,</strong></span> <span class='ocrx_word' id='word_1_191' title='bbox 320 2875 386 2931; x_wconf 77' lang='lat' dir='ltr'><strong>quae</strong></span> <span class='ocrx_word' id='word_1_192' title='bbox 415 2856 494 2913; x_wconf 85' lang='lat' dir='ltr'><strong>nulla</strong></span> <span class='ocrx_word' id='word_1_193' title='bbox 515 2858 672 2915; x_wconf 88' lang='lat' dir='ltr'><strong>admodum</strong></span> <span class='ocrx_word' id='word_1_194' title='bbox 695 2857 881 2916; x_wconf 87' lang='lat' dir='ltr'><strong>similitudine</strong></span> <span class='ocrx_word' id='word_1_195' title='bbox 906 2867 1076 2934; x_wconf 79' lang='lat' dir='ltr'><strong>opportunae</strong></span> <span class='ocrx_word' id='word_1_196' title='bbox 1110 2859 1201 2916; x_wconf 85' lang='lat' dir='ltr'><strong>errori</strong></span> <span class='ocrx_word' id='word_1_197' title='bbox 1235 2869 1311 2926; x_wconf 84' lang='lat' dir='ltr'><strong>sunt,</strong></span> 
     </span>
     <span class='ocr_line' id='line_1_26' title="bbox 247 2963 1312 3039; baseline 0.001 -21"><span class='ocrx_word' id='word_1_198' title='bbox 247 2981 304 3019; x_wconf 90' lang='lat' dir='ltr'><strong>non</strong></span> <span class='ocrx_word' id='word_1_199' title='bbox 340 2963 380 3018; x_wconf 85' lang='lat' dir='ltr'><strong>itn</strong></span> <span class='ocrx_word' id='word_1_200' title='bbox 410 2982 478 3019; x_wconf 86' lang='lat' dir='ltr'><strong>rnro</strong></span> <span class='ocrx_word' id='word_1_201' title='bbox 501 2965 694 3020; x_wconf 83' lang='lat' dir='ltr'><strong>obscurentur</strong></span> <span class='ocrx_word' id='word_1_202' title='bbox 725 2974 753 3020; x_wconf 84' lang='lat' dir='ltr'><strong>ct</strong></span> <span class='ocrx_word' id='word_1_203' title='bbox 785 2963 903 3020; x_wconf 87' lang='lat' dir='ltr'><strong>licenter</strong></span> <span class='ocrx_word' id='word_1_204' title='bbox 923 2973 1125 3039; x_wconf 79' lang='lat' dir='ltr'><strong>permutentur</strong></span> <span class='ocrx_word' id='word_1_205' title='bbox 1157 2974 1186 3020; x_wconf 87' lang='lat' dir='ltr'><strong>et</strong></span> <span class='ocrx_word' id='word_1_206' title='bbox 1220 2964 1312 3020; x_wconf 79' lang='lat' dir='ltr'><strong>verba</strong></span> 
     </span>
     <span class='ocr_line' id='line_1_27' title="bbox 247 3067 1310 3144; baseline 0.002 -20"><span class='ocrx_word' id='word_1_207' title='bbox 247 3067 363 3143; x_wconf 83' lang='lat' dir='ltr'><strong>singulo</strong></span> <span class='ocrx_word' id='word_1_208' title='bbox 403 3068 524 3144; x_wconf 87' lang='lat' dir='ltr'><strong>plurave</strong></span> <span class='ocrx_word' id='word_1_209' title='bbox 562 3067 714 3142; x_wconf 85' lang='lat' dir='ltr'><strong>permultis</strong></span> <span class='ocrx_word' id='word_1_210' title='bbox 757 3067 829 3126; x_wconf 91' lang='lat' dir='ltr'><strong>locis</strong></span> <span class='ocrx_word' id='word_1_211' title='bbox 876 3069 1047 3126; x_wconf 87' lang='lat' dir='ltr'><strong>omittuntur</strong></span> <span class='ocrx_word' id='word_1_212' title='bbox 1079 3089 1131 3127; x_wconf 90' lang='lat' dir='ltr'><strong>nec</strong></span> <span class='ocrx_word' id='word_1_213' title='bbox 1166 3069 1206 3126; x_wconf 91' lang='lat' dir='ltr'><strong>ita</strong></span> <span class='ocrx_word' id='word_1_214' title='bbox 1243 3087 1310 3126; x_wconf 85' lang='lat' dir='ltr'><strong>raro</strong></span> 
     </span>
     <span class='ocr_line' id='line_1_28' title="bbox 247 3174 1310 3250; baseline 0.002 -21"><span class='ocrx_word' id='word_1_215' title='bbox 247 3184 476 3248; x_wconf 88' lang='lat' dir='ltr'><strong>transponuntur</strong></span> <span class='ocrx_word' id='word_1_216' title='bbox 509 3185 537 3230; x_wconf 91' lang='lat' dir='ltr'><strong>et</strong></span> <span class='ocrx_word' id='word_1_217' title='bbox 569 3174 630 3231; x_wconf 79' lang='lat' dir='ltr'><strong>hoec</strong></span> <span class='ocrx_word' id='word_1_218' title='bbox 664 3174 746 3230; x_wconf 79' lang='lat' dir='ltr'><strong>varie</strong></span> <span class='ocrx_word' id='word_1_219' title='bbox 783 3175 897 3232; x_wconf 79' lang='lat' dir='ltr'><strong>errandi</strong></span> <span class='ocrx_word' id='word_1_220' title='bbox 930 3193 1038 3250; x_wconf 84' lang='lat' dir='ltr'><strong>genera</strong></span> <span class='ocrx_word' id='word_1_221' title='bbox 1066 3175 1209 3232; x_wconf 76' lang='lat' dir='ltr'><strong>interdum</strong></span> <span class='ocrx_word' id='word_1_222' title='bbox 1245 3193 1310 3232; x_wconf 80' lang='lat' dir='ltr'><strong>cunr</strong></span> 
     </span>
    </p>
   </div>
   <div class='ocr_carea' id='block_1_4' title="bbox 246 3339 445 3350">
    <p class='ocr_par' dir='ltr' id='par_1_5' title="bbox 246 3339 445 3350">
     <span class='ocr_line' id='line_1_29' title="bbox 246 3339 445 3350; baseline 0.005 -1"><span class='ocrx_word' id='word_1_223' title='bbox 246 3339 445 3350; x_wconf 58' lang='lat' dir='ltr'><strong>on*</strong></span> 
     </span>
    </p>
   </div>
   <div class='ocr_carea' id='block_1_5' title="bbox 262 3469 1312 4091">
    <p class='ocr_par' dir='ltr' id='par_1_6' title="bbox 267 3469 1311 3630">
     <span class='ocr_line' id='line_1_30' title="bbox 267 3469 1311 3537; baseline 0.001 -17"><span class='ocrx_word' id='word_1_224' title='bbox 267 3469 290 3530; x_wconf 74' lang='lat' dir='ltr'><strong>’t</strong></span> <span class='ocrx_word' id='word_1_225' title='bbox 324 3473 410 3522; x_wconf 87' lang='lat' dir='ltr'><strong>Etiam</strong></span> <span class='ocrx_word' id='word_1_226' title='bbox 437 3473 573 3522; x_wconf 86' lang='lat' dir='ltr'><strong>Walohius</strong></span> <span class='ocrx_word' id='word_1_227' title='bbox 605 3474 630 3520; x_wconf 89' lang='lat' dir='ltr'><strong>in</strong></span> <span class='ocrx_word' id='word_1_228' title='bbox 660 3473 882 3523; x_wconf 75' lang='lat' dir='ltr'><strong>emendationibus</strong></span> <span class='ocrx_word' id='word_1_229' title='bbox 908 3475 1023 3524; x_wconf 82' lang='lat' dir='ltr'><strong>Liuianis</strong></span> <span class='ocrx_word' id='word_1_230' title='bbox 1054 3473 1152 3537; x_wconf 84' lang='lat' dir='ltr'><strong>(Berol.</strong></span> <span class='ocrx_word' id='word_1_231' title='bbox 1184 3489 1207 3522; x_wconf 88' lang='lat' dir='ltr'><strong>a.</strong></span> <span class='ocrx_word' id='word_1_232' title='bbox 1231 3477 1311 3530; x_wconf 78' lang='grc'><strong>1815)</strong></span> 
     </span>
     <span class='ocr_line' id='line_1_31' title="bbox 316 3565 1160 3630; baseline 0 -17"><span class='ocrx_word' id='word_1_233' title='bbox 316 3565 408 3628; x_wconf 82' lang='lat' dir='ltr'><strong>triplex</strong></span> <span class='ocrx_word' id='word_1_234' title='bbox 427 3565 559 3628; x_wconf 74' lang='lat' dir='ltr'><strong>scripturae</strong></span> <span class='ocrx_word' id='word_1_235' title='bbox 578 3565 674 3614; x_wconf 90' lang='lat' dir='ltr'><strong>codicis</strong></span> <span class='ocrx_word' id='word_1_236' title='bbox 693 3565 904 3616; x_wconf 73' lang='lat' dir='ltr'><strong>vindobonensis</strong></span> <span class='ocrx_word' id='word_1_237' title='bbox 923 3567 1051 3630; x_wconf 84' lang='lat' dir='ltr'><strong>specimen</strong></span> <span class='ocrx_word' id='word_1_238' title='bbox 1071 3566 1160 3619; x_wconf 86' lang='lat' dir='ltr'><strong>edidit.</strong></span> 
     </span>
    </p>

    <p class='ocr_par' dir='ltr' id='par_1_7' title="bbox 264 3651 1312 3904">
     <span class='ocr_line' id='line_1_32' title="bbox 264 3651 1311 3723; baseline -0.003 -16"><span class='ocrx_word' id='word_1_239' title='bbox 264 3651 289 3714; x_wconf 78' lang='lat' dir='ltr'><strong>&#39;i</strong></span> <span class='ocrx_word' id='word_1_240' title='bbox 320 3657 469 3708; x_wconf 85' lang='lat' dir='ltr'><strong>Sutberti</strong></span> <span class='ocrx_word' id='word_1_241' title='bbox 489 3659 641 3722; x_wconf 87' lang='lat' dir='ltr'><strong>episcopi</strong></span> <span class='ocrx_word' id='word_1_242' title='bbox 666 3659 701 3706; x_wconf 88' lang='lat' dir='ltr'><strong>de</strong></span> <span class='ocrx_word' id='word_1_243' title='bbox 728 3659 879 3708; x_wconf 83' lang='lat' dir='ltr'><strong>dorostet</strong></span> <span class='ocrx_word' id='word_1_244' title='bbox 904 3673 998 3708; x_wconf 88' lang='lat' dir='ltr'><strong>nomen</strong></span> <span class='ocrx_word' id='word_1_245' title='bbox 1025 3659 1121 3708; x_wconf 70' lang='lat' dir='ltr'><strong>ultime</strong></span> <span class='ocrx_word' id='word_1_246' title='bbox 1145 3658 1246 3723; x_wconf 72' lang='lat' dir='ltr'><strong>paginae</strong></span> <span class='ocrx_word' id='word_1_247' title='bbox 1271 3657 1311 3704; x_wconf 90' lang='lat' dir='ltr'><strong>in·</strong></span> 
     </span>
     <span class='ocr_line' id='line_1_33' title="bbox 316 3749 1312 3815; baseline 0.001 -18"><span class='ocrx_word' id='word_1_248' title='bbox 316 3749 437 3812; x_wconf 84' lang='lat' dir='ltr'><strong>scriptum</strong></span> <span class='ocrx_word' id='word_1_249' title='bbox 458 3751 478 3799; x_wconf 86' lang='lat' dir='ltr'><strong>si</strong></span> <span class='ocrx_word' id='word_1_250' title='bbox 497 3763 673 3814; x_wconf 83' lang='lat' dir='ltr'><strong>possessorem</strong></span> <span class='ocrx_word' id='word_1_251' title='bbox 693 3750 829 3814; x_wconf 79' lang='lat' dir='ltr'><strong>signifieat,</strong></span> <span class='ocrx_word' id='word_1_252' title='bbox 848 3749 914 3800; x_wconf 83' lang='lat' dir='ltr'><strong>inire</strong></span> <span class='ocrx_word' id='word_1_253' title='bbox 933 3750 1014 3801; x_wconf 87' lang='lat' dir='ltr'><strong>seculi</strong></span> <span class='ocrx_word' id='word_1_254' title='bbox 1033 3751 1135 3815; x_wconf 87' lang='lat' dir='ltr'><strong>septimi</strong></span> <span class='ocrx_word' id='word_1_255' title='bbox 1154 3752 1252 3798; x_wconf 84' lang='lat' dir='ltr'><strong>exitum</strong></span> <span class='ocrx_word' id='word_1_256' title='bbox 1266 3749 1312 3798; x_wconf 89' lang='lat' dir='ltr'><strong>de-</strong></span> 
     </span>
     <span class='ocr_line' id='line_1_34' title="bbox 315 3841 717 3904; baseline 0.012 -16"><span class='ocrx_word' id='word_1_257' title='bbox 315 3841 389 3904; x_wconf 87' lang='lat' dir='ltr'><strong>primi</strong></span> <span class='ocrx_word' id='word_1_258' title='bbox 409 3841 504 3890; x_wconf 89' lang='lat' dir='ltr'><strong>ccdicis</strong></span> <span class='ocrx_word' id='word_1_259' title='bbox 522 3849 623 3890; x_wconf 74' lang='lat' dir='ltr'><strong>etatem</strong></span> <span class='ocrx_word' id='word_1_260' title='bbox 641 3851 717 3894; x_wconf 81' lang='lat' dir='ltr'><strong>vetet.</strong></span> 
     </span>
    </p>

    <p class='ocr_par' dir='ltr' id='par_1_8' title="bbox 262 3928 1312 4091">
     <span class='ocr_line' id='line_1_35' title="bbox 262 3928 1312 4000; baseline 0 -19"><span class='ocrx_word' id='word_1_261' title='bbox 262 3928 285 3994; x_wconf 77' lang='lat'><strong>⁸)</strong></span> <span class='ocrx_word' id='word_1_262' title='bbox 317 3931 402 3992; x_wconf 82' lang='lat' dir='ltr'><strong>Quota</strong></span> <span class='ocrx_word' id='word_1_263' title='bbox 422 3933 570 3982; x_wconf 86' lang='lat' dir='ltr'><strong>mendorum</strong></span> <span class='ocrx_word' id='word_1_264' title='bbox 591 3948 652 3997; x_wconf 80' lang='lat' dir='ltr'><strong>pers</strong></span> <span class='ocrx_word' id='word_1_265' title='bbox 671 3936 722 3984; x_wconf 89' lang='lat' dir='ltr'><strong>iam</strong></span> <span class='ocrx_word' id='word_1_266' title='bbox 741 3937 768 3984; x_wconf 94' lang='lat' dir='ltr'><strong>iu</strong></span> <span class='ocrx_word' id='word_1_267' title='bbox 787 3935 918 4000; x_wconf 84' lang='lat' dir='ltr'><strong>exemplo,</strong></span> <span class='ocrx_word' id='word_1_268' title='bbox 945 3935 1014 4000; x_wconf 87' lang='lat' dir='ltr'><strong>quod</strong></span> <span class='ocrx_word' id='word_1_269' title='bbox 1033 3933 1152 3984; x_wconf 79' lang='lat' dir='ltr'><strong>librarius</strong></span> <span class='ocrx_word' id='word_1_270' title='bbox 1170 3935 1248 3982; x_wconf 77' lang='lat' dir='ltr'><strong>huius</strong></span> <span class='ocrx_word' id='word_1_271' title='bbox 1268 3949 1312 3982; x_wconf 89' lang='lat' dir='ltr'><strong>eo·</strong></span> 
     </span>
     <span class='ocr_line' id='line_1_36' title="bbox 319 4025 953 4091; baseline 0.009 -19"><span class='ocrx_word' id='word_1_272' title='bbox 319 4025 383 4074; x_wconf 83' lang='lat' dir='ltr'><strong>dicio</strong></span> <span class='ocrx_word' id='word_1_273' title='bbox 401 4033 504 4074; x_wconf 84' lang='lat' dir='ltr'><strong>secntns</strong></span> <span class='ocrx_word' id='word_1_274' title='bbox 522 4033 568 4084; x_wconf 78' lang='lat' dir='ltr'><strong>eat,</strong></span> <span class='ocrx_word' id='word_1_275' title='bbox 590 4025 675 4084; x_wconf 84' lang='lat' dir='ltr'><strong>luerit,</strong></span> <span class='ocrx_word' id='word_1_276' title='bbox 694 4027 751 4075; x_wconf 86' lang='lat' dir='ltr'><strong>iniri</strong></span> <span class='ocrx_word' id='word_1_277' title='bbox 771 4027 836 4076; x_wconf 75' lang='lat' dir='ltr'><strong>ustio</strong></span> <span class='ocrx_word' id='word_1_278' title='bbox 854 4027 953 4091; x_wconf 85' lang='lat' dir='ltr'><strong>nequit.</strong></span> 
     </span>
    </p>
   </div>
   <div class='ocr_carea' id='block_1_6' title="bbox 0 0 1418 4640">
    <p class='ocr_par' dir='ltr' id='par_1_9' title="bbox 0 0 1418 4640">
     <span class='ocr_line' id='line_1_37' title="bbox 0 0 1418 4640; baseline 0 1"><span class='ocrx_word' id='word_1_279' title='bbox 0 0 1418 4640; x_wconf 95' lang='lat' dir='ltr'><strong> </strong></span> 
     </span>
    </p>
   </div>
  </div>
 </body>
</html>
