2822 4648
173 297 177 304 ‘
280 283 339 334 Lib.
349 282 411 332 vll.
716 325 723 332 .
750 285 806 340 156

245 467 426 536 nilicstione,
448 475 480 522 ut
500 465 664 522 necessmio
693 465 884 523 communiter
906 465 1016 540 sliquid
1038 466 1074 524 ds
1101 473 1224 541 utroque
1253 465 1313 523 dici

247 575 353 632 debest
373 589 427 630 uec
448 571 541 646 possit
561 569 621 628 ullo
644 571 732 636 modo
753 571 897 629 sentemis
918 571 1013 630 claudi
1030 571 1185 647 singularis
1199 570 1312 628 numeri

247 681 338 737 verbo
372 677 410 734 sd
431 695 519 734 unum
552 675 711 738 Corvinum
736 675 973 734 accommodato:
1007 678 1050 734 ed
1083 675 1310 751 colloquium

246 783 441 862 processit.
495 781 574 838 Nem
607 782 645 838 sd
672 783 749 840 bunc
771 801 859 840 unum
881 784 938 840 hoc
958 783 1121 858 pertinere,
1148 782 1312 852 ostendunt,

248 909 313 965 quae
334 887 538 956 subiiciuntur:
559 884 717 962 Cognito
739 889 771 946 ei
793 888 977 964 extemplo
1000 897 1054 948 etc.
1101 889 1159 948 Sed
1181 887 1311 946 faciliore

248 994 388 1063 remedio,
410 1007 498 1067 quam
520 993 631 1064 credes,
653 1013 700 1052 res
721 995 888 1071 expeditum
909 1013 977 1052 nem
989 995 1120 1068 Quinctii
1142 1003 1171 1051 et
1191 991 1311 1051 Corvini

248 1100 367 1158 nomine
388 1097 571 1173 appositione
591 1098 787 1174 adiunguntur
811 1099 849 1156 sd
870 1099 917 1169 id,
946 1099 1025 1174 quod
1055 1099 1216 1175 precessit,
1246 1097 1310 1154 du·

247 1224 328 1272 ces,
351 1204 405 1262 etsi
427 1203 495 1260 huic
519 1203 620 1261 Livius
642 1202 753 1260 eddidit
773 1203 842 1260 ism
865 1203 1017 1274 milites;
1053 1206 1109 1262 hoc
1145 1204 1220 1260 enim
1257 1203 1310 1259 ob·

248 1319 365 1370 scureto
388 1309 427 1366 ed
448 1309 589 1384 dignitate
610 1308 796 1384 praestantius
817 1309 930 1384 relique
952 1311 1192 1368 accommodetur
1216 1308 1310 1366 oratio

250 1415 353 1492 (multo
383 1413 496 1472 facilius
517 1433 623 1489 quem,
652 1423 684 1470 ut
711 1415 768 1470 hoc
790 1423 870 1485 uter,
904 1414 933 1470 in
955 1414 1121 1472 Horatiano
1147 1415 1211 1472 ilto:
1244 1431 1311 1488 ego

249 1523 396 1596 meique
417 1521 573 1592 vescor):
588 1519 800 1592 Itaqueiam
820 1519 1167 1588 duces,ismmilitcs
1184 1519 1311 1576 utrim-

249 1647 317 1702 que
338 1641 562 1700 congressus
587 1641 748 1699 querere
781 1625 824 1682 sd
854 1623 1064 1698 colloquia,
1094 1625 1310 1700 Quinctius,

250 1751 353 1808 quem
374 1761 425 1801 -,
447 1727 636 1788 Corvinus
666 1749 788 1787 omnes
813 1761 848 1772 -
875 1729 1095 1804 complexus.
1139 1731 1252 1789 Deinde
1273 1730 1312 1788 sd

250 1836 412 1894 cretionem
434 1835 617 1892 vinciendum
645 1846 674 1894 ει
694 1837 732 1894 sb
755 1845 879 1910 utroque
901 1837 939 1894 sd
960 1837 1083 1894 alterum
1104 1835 1311 1894 traducendam

250 1940 415 1998 addendum
438 1948 491 2010 cst,
514 1940 592 2014 quod
617 1951 685 2016 post
706 1941 920 2017 complexus
943 1941 1065 2008 excidit,
1087 1943 1117 1998 is
1137 1957 1313 2016 pronomen:

250 2047 286 2103 ls
309 2045 352 2102 ed
374 2041 598 2118 colloquium
620 2047 813 2120 processit.
869 2045 1027 2122 Cognito
1056 2047 1164 2104 eietc.
1206 2046 1260 2122 (X,
1287 2051 1313 2117 i,

252 2153 269 2206 9
292 2159 369 2206 recte
391 2149 421 2205 is
443 2151 585 2208 excidisse
607 2152 733 2210 creditur
754 2161 822 2227 post
840 2151 1048 2220 Bubulcus.)
1091 2152 1189 2210 Unum
1214 2159 1312 2207 temen

248 2263 357 2324 restst;
387 2273 481 2330 neque
511 2257 587 2314 enim
607 2257 708 2314 Livius
729 2257 803 2314 dixit
830 2275 1052 2331 congressus
1082 2275 1241 2332 quoerere
1269 2256 1313 2312 ad

249 2361 439 2436 colloquio
460 2369 514 2428 (-
538 2361 658 2418 dixisset
679 2359 800 2433 saltem,
832 2362 857 2420 si
887 2363 955 2436 quid
978 2363 1142 2420 addendum
1174 2362 1211 2418 ed
1233 2379 1315 2418 con-

246 2485 399 2542 gressus
429 2467 607 2526 deliniendos
627 2476 760 2542 putaret,
788 2469 831 2525 ed
855 2469 1138 2543 colloquendum
1161 2468 1234 2538 -l,
1261 2467 1314 2523 sed

248 2593 290 2630 ec
315 2573 522 2647 colloquia,
544 2583 576 2629 ut
597 2582 642 2630 est
662 2573 690 2630 in
713 2574 775 2642 Ll,
810 2574 863 2631 etsi
886 2574 914 2630 in
936 2573 1036 2630 codice
1060 2575 1218 2648 archetypo
1240 2571 1315 2629 elte-

248 2698 313 2736 rum
334 2679 393 2736 ism
415 2676 504 2734 luisse
529 2677 632 2748 credo,
662 2679 764 2736 eodem
799 2679 887 2736 modo
909 2687 1025 2748 netum,
1055 2697 1114 2753 quo
1135 2679 1199 2746 lv,
1222 2680 1271 2747 ³4,
1296 2684 1314 2735 4

249 2785 291 2840 eb
313 2783 438 2858 equite
457 2783 499 2840 ed
522 2783 788 2855 centurionem,
811 2803 900 2860 quum
923 2783 1041 2846 esemel
1062 2783 1202 2860 scriptum
1227 2793 1314 2852 esset,

249 2887 327 2962 quod
350 2887 394 2944 bis
417 2887 580 2962 oportebat.
670 2889 783 2946 Eodem
806 2891 901 2966 capite
923 2893 937 2958 ξ
958 2891 975 2946 9
1005 2897 1033 2945 et
1059 2893 1093 2946 10
1118 2889 1161 2960 (in
1183 2886 1316 2944 orations

250 2993 361 3050 Valerii
384 2991 515 3066 Corvini)
538 2994 579 3050 sic
601 2993 750 3055 scribitur:
784 2995 925 3053 Eodem
955 3005 1088 3051 tenore
1114 2993 1182 3050 duo
1216 2993 1316 3049 inse-

249 3107 402 3174 quentes
426 3099 641 3156 consulatus
664 3100 776 3174 gessi3
797 3101 919 3158 eodem
937 3099 1221 3175 haecimperiose
1242 3097 1315 3155 dic·

250 3213 374 3261 teture
394 3213 553 3280 geretur,
576 3213 612 3261 ut
631 3223 746 3279 neque
767 3205 801 3262 in
823 3207 887 3264 hos
910 3225 1006 3264 meos
1029 3215 1062 3264 ct
1079 3204 1209 3281 petrice
1231 3222 1317 3262 mcae

250 3309 387 3366 milites
408 3309 532 3367 mitior
555 3327 657 3384 quem
680 3311 715 3366 in
739 3329 804 3368 vos
826 3313 978 3380 (horreo
1007 3311 1146 3374 diceret
1177 3311 1314 3367 hostes.

249 3417 347 3491 Ergo
375 3433 440 3472 vos
467 3415 571 3491 prius
600 3417 633 3472 in
667 3433 719 3472 me
740 3415 972 3475 strinxeritis
993 3417 1128 3476 ferrum
1152 3433 1256 3491 quem
1279 3416 1315 3472 in

249 3539 417 3596 vosego.
470 3521 616 3579 Vitiosum
648 3531 787 3591 esseut,
819 3523 955 3580 vitiosam
977 3541 1041 3580 csse
1062 3523 1090 3579 in
1115 3522 1173 3580 his:
1196 3539 1315 3595 neque

249 3627 285 3684 in
307 3627 523 3684 hos-mitior
545 3627 628 3684 verbi
650 3625 854 3698 omissionem,
886 3627 936 3685 elii
965 3629 1023 3685 iem
1048 3628 1198 3696 viderunt,
1220 3644 1318 3701 neque

250 3733 310 3789 ulle
331 3743 375 3790 est
397 3733 564 3790 anacoluthi
587 3734 756 3804 excusatio,
789 3733 926 3809 quonism
963 3753 1015 3790 nec
1048 3731 1097 3790 ubi
1119 3751 1171 3788 nec
1191 3751 1243 3788 cur
1264 3731 1317 3788 de·

248 3839 347 3896 flectat
368 3839 480 3909 oret-io,
512 3849 635 3915 apparet
670 3859 723 3898 nec
756 3840 815 3896 alin
837 3839 1035 3910 substituitur,
1056 3840 1087 3896 in
1109 3856 1197 3912 quem
1219 3845 1317 3906 exest,

249 3944 354 4002 forme.
416 3943 474 4002 Sed
501 3945 608 4002 vitiose
629 3955 673 4002 est
706 3945 793 4003 etism
815 3946 960 4022 particule
989 3963 1089 4020 erg03
1124 3942 1318 4018 nequeenim

247 4058 451 4125 argumentum
473 4050 672 4122 concluditur,
705 4051 757 4108 sed
780 4053 981 4122 confirmetur,
1004 4051 1082 4124 quod
1105 4049 1142 4106 de
1163 4049 1320 4106 clementis
