2826 4650
613 313 629 367 5

103 497 203 553 indiciis
225 496 262 552 ad
288 513 398 563 eorem,
420 495 469 568 qui
491 503 618 562 servant,
640 493 841 567 cognationem
855 493 1058 568 adiunguntur.
1094 493 1152 554 Sed

102 603 229 676 quoniam
251 612 416 658 nostrornm
438 599 569 656 codicum
592 601 766 674 archetypus
792 599 817 654 is
839 598 894 655 dici
917 599 1017 670 debet,
1049 599 1152 658 saltem

102 708 133 764 de
154 725 188 764 eo
209 719 276 764 ante
298 708 396 764 omnia
418 707 523 782 quari,
544 721 603 759 non
626 723 645 760 a
667 721 724 777 quo
746 705 902 762 remotiore
925 705 980 762 orti
1002 705 1074 772 sint,
1102 705 1153 762 sed

101 815 227 888 inquam
249 832 337 870 unum
359 823 458 870 nostro
480 810 604 886 tempori
625 809 789 885 proximum
812 820 970 886 convergnt
987 809 1085 867 edrnm
1100 831 1153 886 per

102 918 188 994 plnres
208 918 312 992 stirpes
335 918 467 974 derivata
488 916 623 992 cognatio
648 925 677 973 et
698 935 717 973 a
739 934 796 991 quo
816 917 940 992 primum
962 917 1064 973 herum
1087 917 1151 974 stir-

100 1025 171 1100 pium
193 1024 321 1081 divortia
344 1033 414 1080 nate
432 1023 503 1094 sint,
532 1023 680 1097 equidem,
702 1041 790 1096 quum
813 1021 940 1079 codicem
963 1024 1150 1099 archetypum

100 1131 328 1186 commemorabo
359 1140 401 1199 et,
435 1130 502 1204 qnid
531 1129 631 1186 inille
654 1129 791 1204 scriptum
816 1128 917 1199 luerit,
949 1128 1060 1198 dicem,
1093 1149 1151 1186 non

100 1235 257 1292 necessario
289 1235 382 1310 ipsum
405 1234 484 1291 illum
506 1235 751 1292 Nicomachornm
781 1235 909 1292 codicem
931 1234 1050 1309 intelligi
1072 1235 1150 1305 volo,

99 1341 143 1398 scd
164 1342 261 1417 potins
283 1340 407 1414 aliquem
430 1359 521 1398 exeo
540 1341 818 1416 ortumeadenrque,
838 1341 982 1408 albebat,
1004 1341 1151 1416 subscrip-

20 1477 21 1484 1
99 1449 169 1504 tione
189 1457 338 1516 notatum,
367 1445 423 1503 illis
454 1457 565 1517 antem,
595 1447 644 1522 qni
670 1457 834 1504 nostrorum
865 1446 1054 1520 antiquissimi
1076 1457 1150 1519 sunt,

99 1565 221 1629 tempore
259 1553 438 1630 propiorem:
479 1563 643 1610 nostrorum
682 1563 777 1610 autem
814 1552 907 1608 nullus
937 1552 1077 1610 decimum
1107 1572 1150 1610 ae·

98 1659 185 1716 culum
217 1671 303 1716 aetate
335 1669 465 1734 superat3
493 1679 566 1717 unus
587 1659 759 1717 Parisiensis
783 1659 825 1716 illi
852 1660 948 1716 seculo
973 1660 1149 1734 adsignatur.

98 1765 194 1838 Neque
228 1766 301 1823 enim
337 1766 360 1822 is
394 1765 525 1836 habitus,
559 1785 644 1841 quern
676 1763 783 1822 codicis
815 1771 977 1822 nostrorum
1003 1767 1151 1842 archetypi

98 1867 179 1927 inisse
205 1871 293 1928 certis
322 1872 434 1930 indiciis
462 1871 654 1942 concluditur,
682 1871 786 1927 cadere
816 1869 929 1928 videtur
960 1873 988 1928 in
1023 1873 1150 1929 codicem
1226 1911 1227 1916 κ

99 1975 340 2034 Nicomachorum
360 1977 657 2053 Symmachommque
677 1987 808 2051 tempore
829 1976 965 2052 scriptum
988 1989 1017 2034 et
1038 1997 1150 2035 correc-

97 2091 165 2148 tnm3
197 2101 258 2139 non
290 2103 348 2158 qno
378 2085 453 2140 hunc
475 2101 533 2139 non
558 2091 587 2138 et
607 2081 776 2138 mendosum
800 2081 896 2138 multis
918 2082 989 2140 locis
1011 2082 1099 2141 fuisse
1124 2093 1152 2140 et

97 2187 212 2244 subinde
245 2188 447 2264 interpolatum
472 2189 606 2255 credam,
636 2189 685 2244 sed
714 2187 792 2262 quod
822 2199 850 2245 ct
882 2189 1009 2264 ipsorum
1032 2191 1150 2248 mendo-

96 2309 152 2349 rum
167 2293 259 2368 peulo
277 2295 362 2351 aliem
385 2293 509 2351 formam
526 2315 544 2350 a
556 2293 765 2351 correctoribus
785 2293 914 2352 relictam
932 2313 994 2352 esse
1015 2298 1149 2354 credibile

93 2397 201 2454 ridetur
227 2417 264 2454 ex
290 2399 391 2455 ceteris
421 2400 627 2474 antiquissimis
658 2399 803 2456 codicibus
826 2401 950 2472 Latinis,
982 2403 1060 2460 velut
1083 2405 1148 2461 Vir-

92 2501 201 2576 gilianis
226 2513 255 2560 et
277 2503 473 2579 palimpsestis
495 2503 707 2576 Ciceronianis,
737 2505 930 2563 coniecturam
953 2510 1093 2584 capienti,
1122 2521 1150 2568 et

93 2608 181 2682 magis
210 2609 299 2665 etiam
328 2608 506 2684 frequentem
540 2612 636 2669 verbis
669 2629 758 2684 snpra
787 2611 902 2686 scriptis
933 2613 1148 2672 adnotationem

91 2713 248 2783 eiusmodi,
270 2715 364 2790 qualis
386 2716 415 2772 in
436 2717 535 2774 codice
554 2727 717 2774 nostrornm
743 2717 900 2792 archetypo
924 2715 995 2787 fuit,
1018 2737 1036 2774 a
1057 2719 1149 2794 primo

92 2817 405 2877 illo·Nicomachornm
427 2821 525 2878 codice
546 2822 670 2880 alienam
692 2821 797 2877 iudico.
860 2823 899 2879 Et
919 2824 1011 2899 ipsam
1034 2826 1149 2900 quidem

91 2923 165 2981 illam
188 2925 310 3000 originis
332 2927 572 2996 communionem,
596 2927 689 2984 ductae
711 2947 748 2984 ex
768 2947 826 2984 nno
849 2929 948 2985 codice
969 2949 1028 2986 non
1049 2931 1150 3006 paucis

91 3029 190 3086 seculis
215 3050 235 3086 a
259 3031 333 3088 Livii
354 3041 438 3088 aetate
459 3033 598 3094 seiuncto,
620 3033 644 3089 si
665 3033 735 3089 nihil
757 3033 835 3090 aliud
860 3045 1049 3109 quaereretur,
1079 3038 1149 3094 satis

90 3147 160 3191 asset
169 3136 300 3193 breviter
307 3137 371 3194 aliis
382 3138 552 3212 quibusdam
565 3138 735 3196 indiciorum
748 3140 900 3214 generibus
914 3141 951 3196 ad
962 3141 1150 3218 subscriptio-

91 3239 130 3296 nis
140 3241 338 3299 testimoninm
351 3245 491 3302 adiunctis
503 3247 682 3302 confirmare.
715 3245 845 3302 Primum
861 3247 935 3303 enim
948 3265 1005 3304 nno
1017 3257 1045 3303 et
1056 3246 1147 3304 altero

90 3345 150 3402 loco
164 3349 259 3405 verba
275 3349 385 3424 aliquot
397 3350 438 3408 sic
449 3367 541 3426 pravo
556 3351 621 3408 loco
634 3351 782 3420 iterantur,
804 3360 835 3408 nt
849 3370 918 3410 casn
929 3352 957 3408 id
974 3348 1003 3408 in
1016 3352 1149 3409 omnibus

90 3451 236 3510 codicibus
263 3455 363 3512 eodem
392 3455 478 3512 modo
506 3456 614 3514 sactum
641 3475 704 3514 esse
733 3467 866 3531 nequeat.
923 3459 998 3516 Earn
1028 3477 1087 3514 rem
1119 3459 1148 3516 in

90 3555 159 3614 libro
180 3559 197 3616 Ι
222 3577 286 3635 cap.
309 3563 366 3630 48,
395 3566 411 3618 4
436 3571 464 3618 et
487 3566 503 3617 5
526 3562 635 3637 primns
657 3562 913 3620 Drakenborchius
934 3565 1047 3621 notavit
1076 3565 1105 3636 (d
1114 3583 1146 3621 o·

92 3681 174 3722 mum
204 3685 245 3722 se
276 3660 460 3742 reciperet
488 3669 794 3744 pervenissetque
821 3669 865 3726 ed
892 3689 1059 3727 summum
1082 3669 1144 3746 Cy·

92 3769 204 3841 prium
228 3772 378 3845 vicum),
409 3793 464 3850 ego
487 3785 582 3831 autem
609 3775 639 3831 in
660 3775 734 3832 libro
756 3775 800 3832 VI
824 3795 848 3833 c.
872 3778 926 3846 42,
954 3779 987 3832 12
1021 3776 1149 3848 (causa

93 3873 252 3934 libenter
286 3878 485 3956 facturos),
534 3882 569 3938 de
603 3901 660 3956 quo
696 3881 760 3938 loco
797 3883 865 3939 mihi
899 3882 1150 3939 Weissenbornius

92 3989 117 4036 et
149 3982 288 4040 Her-teins
321 3987 429 4042 assensi
468 3999 547 4058 sunt3
584 3988 744 4062 eodemque
780 3989 902 4063 pertinet
936 3989 964 4044 in
996 3987 1071 4046 libro
1102 3989 1147 4046 1v

93 4089 143 4150 4³,
176 4095 194 4146 4
225 4090 378 4148 verborum
411 4111 429 4148 a
465 4093 682 4150 consulibus
708 4093 783 4150 intra
812 4094 900 4151 breve
922 4095 1045 4170 spatium
1068 4115 1149 4171 repe·
