<?xml version="1.0" encoding="UTF-8"?>
<!DOCTYPE html PUBLIC "-//W3C//DTD XHTML 1.0 Transitional//EN"
    "http://www.w3.org/TR/xhtml1/DTD/xhtml1-transitional.dtd">
<html xmlns="http://www.w3.org/1999/xhtml" xml:lang="en" lang="en">
 <head>
  <title>
</title>
<meta http-equiv="Content-Type" content="text/html;charset=utf-8" />
  <meta name='ocr-system' content='tesseract 3.04.00' />
  <meta name='ocr-capabilities' content='ocr_page ocr_carea ocr_par ocr_line ocrx_word'/>
</head>
<body>
  <div class='ocr_page' id='page_1' title='image "./emendationesliv02madvgoog_0087.png"; bbox 0 0 2826 4650; ppageno 0'>
   <div class='ocr_carea' id='block_1_1' title="bbox 303 235 816 296">
    <p class='ocr_par' dir='ltr' id='par_1_1' title="bbox 303 235 816 296">
     <span class='ocr_line' id='line_1_1' title="bbox 303 235 816 296; baseline -0.006 -12"><span class='ocrx_word' id='word_1_1' title='bbox 303 236 357 284; x_wconf 79' lang='lat' dir='ltr'><strong>nn.</strong></span> <span class='ocrx_word' id='word_1_2' title='bbox 377 235 423 284; x_wconf 83' lang='lat'>111.</span> <span class='ocrx_word' id='word_1_3' title='bbox 779 240 816 296; x_wconf 83' lang='lat'><strong>76</strong></span> 
     </span>
    </p>
   </div>
   <div class='ocr_carea' id='block_1_2' title="bbox 258 419 1340 3870">
    <p class='ocr_par' dir='ltr' id='par_1_2' title="bbox 259 419 1340 2811">
     <span class='ocr_line' id='line_1_2' title="bbox 263 419 1340 494; baseline -0.004 -16"><span class='ocrx_word' id='word_1_4' title='bbox 263 430 326 478; x_wconf 60' lang='lat' dir='ltr'><strong>‘tum</strong></span> <span class='ocrx_word' id='word_1_5' title='bbox 346 439 418 490; x_wconf 85' lang='lat' dir='ltr'><strong>esse,</strong></span> <span class='ocrx_word' id='word_1_6' title='bbox 441 420 519 494; x_wconf 90' lang='lat' dir='ltr'><strong>quod</strong></span> <span class='ocrx_word' id='word_1_7' title='bbox 541 419 636 476; x_wconf 88' lang='lat' dir='ltr'><strong>timeri</strong></span> <span class='ocrx_word' id='word_1_8' title='bbox 657 428 765 494; x_wconf 84' lang='lat' dir='ltr'><strong>posset,</strong></span> <span class='ocrx_word' id='word_1_9' title='bbox 787 439 822 476; x_wconf 89' lang='lat' dir='ltr'><strong>ne</strong></span> <span class='ocrx_word' id='word_1_10' title='bbox 844 420 1000 478; x_wconf 85' lang='lat' dir='ltr'><strong>concordie</strong></span> <span class='ocrx_word' id='word_1_11' title='bbox 1021 420 1095 477; x_wconf 86' lang='lat' dir='ltr'><strong>inter</strong></span> <span class='ocrx_word' id='word_1_12' title='bbox 1112 419 1192 494; x_wconf 88' lang='lat' dir='ltr'><strong>ipsos</strong></span> <span class='ocrx_word' id='word_1_13' title='bbox 1209 419 1238 475; x_wconf 91' lang='lat' dir='ltr'><strong>in</strong></span> <span class='ocrx_word' id='word_1_14' title='bbox 1261 437 1340 474; x_wconf 89' lang='lat' dir='ltr'><strong>con·</strong></span> 
     </span>
     <span class='ocr_line' id='line_1_3' title="bbox 263 523 1340 600; baseline -0.002 -20"><span class='ocrx_word' id='word_1_15' title='bbox 263 525 451 600; x_wconf 69' lang='lat' dir='ltr'><strong>spirationem</strong></span> <span class='ocrx_word' id='word_1_16' title='bbox 484 526 520 582; x_wconf 92' lang='lat' dir='ltr'><strong>de</strong></span> <span class='ocrx_word' id='word_1_17' title='bbox 552 525 658 582; x_wconf 87' lang='lat' dir='ltr'><strong>mutuis</strong></span> <span class='ocrx_word' id='word_1_18' title='bbox 693 525 852 582; x_wconf 87' lang='lat' dir='ltr'><strong>commodis</strong></span> <span class='ocrx_word' id='word_1_19' title='bbox 884 525 1017 582; x_wconf 84' lang='lat' dir='ltr'><strong>iuvandis</strong></span> <span class='ocrx_word' id='word_1_20' title='bbox 1052 524 1230 598; x_wconf 82' lang='lat' dir='ltr'><strong>degenerans</strong></span> <span class='ocrx_word' id='word_1_21' title='bbox 1266 523 1340 580; x_wconf 78' lang='lat' dir='ltr'><strong>aliis</strong></span> 
     </span>
     <span class='ocr_line' id='line_1_4' title="bbox 264 629 1338 705; baseline 0 -19"><span class='ocrx_word' id='word_1_22' title='bbox 264 640 391 688; x_wconf 80' lang='lat' dir='ltr'><strong>noceret.</strong></span> <span class='ocrx_word' id='word_1_23' title='bbox 419 631 477 690; x_wconf 88' lang='lat' dir='ltr'><strong>Sed</strong></span> <span class='ocrx_word' id='word_1_24' title='bbox 494 631 525 688; x_wconf 91' lang='lat' dir='ltr'><strong>id</strong></span> <span class='ocrx_word' id='word_1_25' title='bbox 544 631 593 687; x_wconf 91' lang='lat' dir='ltr'><strong>illo</strong></span> <span class='ocrx_word' id='word_1_26' title='bbox 610 630 697 688; x_wconf 93' lang='lat' dir='ltr'><strong>modo</strong></span> <span class='ocrx_word' id='word_1_27' title='bbox 715 630 908 702; x_wconf 87' lang='lat' dir='ltr'><strong>(interdum</strong></span> <span class='ocrx_word' id='word_1_28' title='bbox 931 629 1038 702; x_wconf 88' lang='lat' dir='ltr'><strong>esset)</strong></span> <span class='ocrx_word' id='word_1_29' title='bbox 1052 629 1206 705; x_wconf 86' lang='lat' dir='ltr'><strong>significari</strong></span> <span class='ocrx_word' id='word_1_30' title='bbox 1219 647 1338 703; x_wconf 80' lang='lat' dir='ltr'><strong>nequa-</strong></span> 
     </span>
     <span class='ocr_line' id='line_1_5' title="bbox 264 734 1340 810; baseline -0.003 -18"><span class='ocrx_word' id='word_1_31' title='bbox 264 753 352 810; x_wconf 84' lang='lat' dir='ltr'><strong>quem</strong></span> <span class='ocrx_word' id='word_1_32' title='bbox 375 743 485 810; x_wconf 79' lang='lat' dir='ltr'><strong>potest3</strong></span> <span class='ocrx_word' id='word_1_33' title='bbox 518 736 596 793; x_wconf 78' lang='lat' dir='ltr'><strong>eliud</strong></span> <span class='ocrx_word' id='word_1_34' title='bbox 618 745 662 792; x_wconf 84' lang='lat' dir='ltr'><strong>est</strong></span> <span class='ocrx_word' id='word_1_35' title='bbox 683 735 772 792; x_wconf 88' lang='lat' dir='ltr'><strong>enim:</strong></span> <span class='ocrx_word' id='word_1_36' title='bbox 806 735 995 792; x_wconf 85' lang='lat' dir='ltr'><strong>bisweilen</strong></span> <span class='ocrx_word' id='word_1_37' title='bbox 1024 735 1102 791; x_wconf 88' lang='lat' dir='ltr'><strong>sein</strong></span> <span class='ocrx_word' id='word_1_38' title='bbox 1131 734 1254 790; x_wconf 80' lang='lat' dir='ltr'><strong>wbrde</strong></span> <span class='ocrx_word' id='word_1_39' title='bbox 1280 743 1340 790; x_wconf 83' lang='lat' dir='ltr'><strong>eut</strong></span> 
     </span>
     <span class='ocr_line' id='line_1_6' title="bbox 264 839 1337 916; baseline -0.003 -18"><span class='ocrx_word' id='word_1_40' title='bbox 264 841 406 898; x_wconf 81' lang='lat' dir='ltr'><strong>mdchte</strong></span> <span class='ocrx_word' id='word_1_41' title='bbox 429 841 521 915; x_wconf 81' lang='lat' dir='ltr'><strong>(quod</strong></span> <span class='ocrx_word' id='word_1_42' title='bbox 543 842 634 898; x_wconf 83' lang='lat' dir='ltr'><strong>verbe</strong></span> <span class='ocrx_word' id='word_1_43' title='bbox 655 839 845 916; x_wconf 85' lang='lat' dir='ltr'><strong>significant),</strong></span> <span class='ocrx_word' id='word_1_44' title='bbox 867 841 959 898; x_wconf 79' lang='lat' dir='ltr'><strong>eliud:</strong></span> <span class='ocrx_word' id='word_1_45' title='bbox 985 841 1099 898; x_wconf 86' lang='lat' dir='ltr'><strong>leicbt</strong></span> <span class='ocrx_word' id='word_1_46' title='bbox 1115 841 1218 896; x_wconf 77' lang='lat' dir='ltr'><strong>hette</strong></span> <span class='ocrx_word' id='word_1_47' title='bbox 1241 858 1337 896; x_wconf 86' lang='lat' dir='ltr'><strong>wer·</strong></span> 
     </span>
     <span class='ocr_line' id='line_1_7' title="bbox 264 945 1337 1022; baseline -0.001 -20"><span class='ocrx_word' id='word_1_48' title='bbox 264 946 330 1002; x_wconf 90' lang='lat' dir='ltr'><strong>den</strong></span> <span class='ocrx_word' id='word_1_49' title='bbox 351 945 501 1002; x_wconf 81' lang='lat' dir='ltr'><strong>kbnuen.</strong></span> <span class='ocrx_word' id='word_1_50' title='bbox 548 946 661 1004; x_wconf 89' lang='lat' dir='ltr'><strong>Deinde</strong></span> <span class='ocrx_word' id='word_1_51' title='bbox 682 947 711 1004; x_wconf 91' lang='lat' dir='ltr'><strong>in</strong></span> <span class='ocrx_word' id='word_1_52' title='bbox 733 947 788 1003; x_wconf 82' lang='lat' dir='ltr'><strong>hac</strong></span> <span class='ocrx_word' id='word_1_53' title='bbox 810 948 951 1004; x_wconf 85' lang='lat' dir='ltr'><strong>sententia</strong></span> <span class='ocrx_word' id='word_1_54' title='bbox 973 965 1062 1022; x_wconf 81' lang='lat' dir='ltr'><strong>prere</strong></span> <span class='ocrx_word' id='word_1_55' title='bbox 1084 945 1206 1002; x_wconf 86' lang='lat' dir='ltr'><strong>diversis</strong></span> <span class='ocrx_word' id='word_1_56' title='bbox 1235 945 1337 1001; x_wconf 90' lang='lat' dir='ltr'><strong>nomi-</strong></span> 
     </span>
     <span class='ocr_line' id='line_1_8' title="bbox 264 1051 1336 1128; baseline 0 -20"><span class='ocrx_word' id='word_1_57' title='bbox 264 1051 348 1108; x_wconf 82' lang='lat' dir='ltr'><strong>nibus</strong></span> <span class='ocrx_word' id='word_1_58' title='bbox 370 1051 456 1108; x_wconf 90' lang='lat' dir='ltr'><strong>iidem</strong></span> <span class='ocrx_word' id='word_1_59' title='bbox 477 1051 609 1108; x_wconf 90' lang='lat' dir='ltr'><strong>homiues</strong></span> <span class='ocrx_word' id='word_1_60' title='bbox 627 1051 834 1126; x_wconf 82' lang='lat' dir='ltr'><strong>significentur,</strong></span> <span class='ocrx_word' id='word_1_61' title='bbox 854 1053 992 1128; x_wconf 80' lang='lat' dir='ltr'><strong>privati</strong></span> <span class='ocrx_word' id='word_1_62' title='bbox 1015 1061 1044 1108; x_wconf 84' lang='lat' dir='ltr'><strong>et</strong></span> <span class='ocrx_word' id='word_1_63' title='bbox 1065 1052 1144 1122; x_wconf 83' lang='lat' dir='ltr'><strong>elii,</strong></span> <span class='ocrx_word' id='word_1_64' title='bbox 1166 1051 1336 1108; x_wconf 75' lang='lat' dir='ltr'><strong>eromuino</strong></span> 
     </span>
     <span class='ocr_line' id='line_1_9' title="bbox 262 1156 1336 1233; baseline 0 -21"><span class='ocrx_word' id='word_1_65' title='bbox 262 1175 402 1232; x_wconf 84' lang='lat' dir='ltr'><strong>perversa</strong></span> <span class='ocrx_word' id='word_1_66' title='bbox 426 1168 454 1214; x_wconf 90' lang='lat' dir='ltr'><strong>et</strong></span> <span class='ocrx_word' id='word_1_67' title='bbox 475 1157 621 1224; x_wconf 88' lang='lat' dir='ltr'><strong>inutiliter,</strong></span> <span class='ocrx_word' id='word_1_68' title='bbox 652 1157 824 1232; x_wconf 83' lang='lat' dir='ltr'><strong>interposite</strong></span> <span class='ocrx_word' id='word_1_69' title='bbox 854 1157 904 1214; x_wconf 81' lang='lat' dir='ltr'><strong>ills</strong></span> <span class='ocrx_word' id='word_1_70' title='bbox 925 1157 1076 1226; x_wconf 86' lang='lat' dir='ltr'><strong>sententie,</strong></span> <span class='ocrx_word' id='word_1_71' title='bbox 1109 1167 1271 1233; x_wconf 84' lang='lat' dir='ltr'><strong>occupetur</strong></span> <span class='ocrx_word' id='word_1_72' title='bbox 1291 1156 1336 1226; x_wconf 87' lang='lat' dir='ltr'><strong>id,</strong></span> 
     </span>
     <span class='ocr_line' id='line_1_10' title="bbox 265 1262 1336 1338; baseline 0.001 -19"><span class='ocrx_word' id='word_1_73' title='bbox 265 1263 343 1336; x_wconf 89' lang='lat' dir='ltr'><strong>qnod</strong></span> <span class='ocrx_word' id='word_1_74' title='bbox 375 1263 436 1320; x_wconf 90' lang='lat' dir='ltr'><strong>sine</strong></span> <span class='ocrx_word' id='word_1_75' title='bbox 458 1281 493 1320; x_wconf 83' lang='lat' dir='ltr'><strong>es</strong></span> <span class='ocrx_word' id='word_1_76' title='bbox 514 1263 604 1320; x_wconf 89' lang='lat' dir='ltr'><strong>multo</strong></span> <span class='ocrx_word' id='word_1_77' title='bbox 626 1264 745 1337; x_wconf 84' lang='lat' dir='ltr'><strong>gravius</strong></span> <span class='ocrx_word' id='word_1_78' title='bbox 767 1273 797 1320; x_wconf 85' lang='lat' dir='ltr'><strong>et</strong></span> <span class='ocrx_word' id='word_1_79' title='bbox 823 1280 942 1338; x_wconf 87' lang='lat' dir='ltr'><strong>prorsus</strong></span> <span class='ocrx_word' id='word_1_80' title='bbox 968 1262 1120 1338; x_wconf 90' lang='lat' dir='ltr'><strong>perspicue</strong></span> <span class='ocrx_word' id='word_1_81' title='bbox 1141 1262 1262 1320; x_wconf 81' lang='lat' dir='ltr'><strong>dicitur:</strong></span> <span class='ocrx_word' id='word_1_82' title='bbox 1297 1265 1336 1320; x_wconf 90' lang='lat' dir='ltr'><strong>iu</strong></span> 
     </span>
     <span class='ocr_line' id='line_1_11' title="bbox 262 1368 1335 1442; baseline -0.001 -18"><span class='ocrx_word' id='word_1_83' title='bbox 262 1368 371 1424; x_wconf 84' lang='lat' dir='ltr'><strong>unice</strong></span> <span class='ocrx_word' id='word_1_84' title='bbox 392 1369 592 1425; x_wconf 84' lang='lat' dir='ltr'><strong>concordia</strong></span> <span class='ocrx_word' id='word_1_85' title='bbox 622 1369 718 1425; x_wconf 91' lang='lat' dir='ltr'><strong>inter</strong></span> <span class='ocrx_word' id='word_1_86' title='bbox 748 1368 847 1442; x_wconf 87' lang='lat' dir='ltr'><strong>ipsos</strong></span> <span class='ocrx_word' id='word_1_87' title='bbox 874 1387 1008 1424; x_wconf 80' lang='lat' dir='ltr'><strong>summe.</strong></span> <span class='ocrx_word' id='word_1_88' title='bbox 1030 1369 1208 1424; x_wconf 76' lang='lat' dir='ltr'><strong>adversus</strong></span> <span class='ocrx_word' id='word_1_89' title='bbox 1231 1369 1335 1430; x_wconf 71' lang='lat' dir='ltr'><strong>allos</strong></span> 
     </span>
     <span class='ocr_line' id='line_1_12' title="bbox 262 1473 1338 1548; baseline 0.002 -20"><span class='ocrx_word' id='word_1_90' title='bbox 262 1473 417 1546; x_wconf 80' lang='lat' dir='ltr'><strong>aequitns</strong></span> <span class='ocrx_word' id='word_1_91' title='bbox 439 1485 526 1530; x_wconf 81' lang='lat' dir='ltr'><strong>eret.</strong></span> <span class='ocrx_word' id='word_1_92' title='bbox 563 1475 645 1531; x_wconf 91' lang='lat' dir='ltr'><strong>Nihil</strong></span> <span class='ocrx_word' id='word_1_93' title='bbox 666 1475 694 1531; x_wconf 89' lang='lat' dir='ltr'><strong>in</strong></span> <span class='ocrx_word' id='word_1_94' title='bbox 719 1475 794 1530; x_wconf 84' lang='lat' dir='ltr'><strong>hanc</strong></span> <span class='ocrx_word' id='word_1_95' title='bbox 816 1473 985 1530; x_wconf 83' lang='lat' dir='ltr'><strong>sententiam</strong></span> <span class='ocrx_word' id='word_1_96' title='bbox 1005 1482 1083 1530; x_wconf 89' lang='lat' dir='ltr'><strong>recte</strong></span> <span class='ocrx_word' id='word_1_97' title='bbox 1103 1473 1211 1530; x_wconf 88' lang='lat' dir='ltr'><strong>includi</strong></span> <span class='ocrx_word' id='word_1_98' title='bbox 1231 1483 1338 1548; x_wconf 82' lang='lat' dir='ltr'><strong>potest</strong></span> 
     </span>
     <span class='ocr_line' id='line_1_13' title="bbox 264 1578 1334 1654; baseline 0.002 -20"><span class='ocrx_word' id='word_1_99' title='bbox 264 1579 318 1636; x_wconf 86' lang='lat' dir='ltr'><strong>nisi</strong></span> <span class='ocrx_word' id='word_1_100' title='bbox 347 1579 512 1636; x_wconf 91' lang='lat' dir='ltr'><strong>huiusmodi</strong></span> <span class='ocrx_word' id='word_1_101' title='bbox 540 1581 657 1654; x_wconf 82' lang='lat' dir='ltr'><strong>aliquod</strong></span> <span class='ocrx_word' id='word_1_102' title='bbox 680 1581 918 1648; x_wconf 76' lang='lat' dir='ltr'><strong>additamentum,</strong></span> <span class='ocrx_word' id='word_1_103' title='bbox 953 1579 990 1635; x_wconf 83' lang='lat' dir='ltr'><strong>sd</strong></span> <span class='ocrx_word' id='word_1_104' title='bbox 1022 1578 1137 1634; x_wconf 81' lang='lat' dir='ltr'><strong>laudem</strong></span> <span class='ocrx_word' id='word_1_105' title='bbox 1163 1579 1334 1653; x_wconf 79' lang='lat' dir='ltr'><strong>augendam</strong></span> 
     </span>
     <span class='ocr_line' id='line_1_14' title="bbox 262 1683 1335 1758; baseline 0.001 -18"><span class='ocrx_word' id='word_1_106' title='bbox 262 1683 421 1758; x_wconf 83' lang='lat' dir='ltr'><strong>pertinens:</strong></span> <span class='ocrx_word' id='word_1_107' title='bbox 446 1684 540 1758; x_wconf 88' lang='lat' dir='ltr'><strong>quod</strong></span> <span class='ocrx_word' id='word_1_108' title='bbox 563 1703 629 1740; x_wconf 90' lang='lat' dir='ltr'><strong>non</strong></span> <span class='ocrx_word' id='word_1_109' title='bbox 653 1702 793 1758; x_wconf 86' lang='lat' dir='ltr'><strong>semper</strong></span> <span class='ocrx_word' id='word_1_110' title='bbox 813 1683 872 1754; x_wconf 81' lang='lat' dir='ltr'><strong>tit,</strong></span> <span class='ocrx_word' id='word_1_111' title='bbox 895 1683 1061 1742; x_wconf 78' lang='lat' dir='ltr'><strong>subsimile.</strong></span> <span class='ocrx_word' id='word_1_112' title='bbox 1104 1683 1249 1742; x_wconf 86' lang='lat' dir='ltr'><strong>Nimirum</strong></span> <span class='ocrx_word' id='word_1_113' title='bbox 1270 1685 1335 1741; x_wconf 89' lang='lat' dir='ltr'><strong>alio</strong></span> 
     </span>
     <span class='ocr_line' id='line_1_15' title="bbox 262 1789 1333 1864; baseline 0.001 -20"><span class='ocrx_word' id='word_1_114' title='bbox 262 1789 386 1863; x_wconf 80' lang='lat' dir='ltr'><strong>pertinet</strong></span> <span class='ocrx_word' id='word_1_115' title='bbox 407 1789 648 1863; x_wconf 83' lang='lat' dir='ltr'><strong>privatorum,</strong></span> <span class='ocrx_word' id='word_1_116' title='bbox 673 1789 721 1863; x_wconf 89' lang='lat' dir='ltr'><strong>qui</strong></span> <span class='ocrx_word' id='word_1_117' title='bbox 738 1790 954 1864; x_wconf 82' lang='lat' dir='ltr'><strong>magistratibus</strong></span> <span class='ocrx_word' id='word_1_118' title='bbox 970 1789 1108 1846; x_wconf 82' lang='lat' dir='ltr'><strong>contrarii</strong></span> <span class='ocrx_word' id='word_1_119' title='bbox 1122 1797 1197 1856; x_wconf 80' lang='lat' dir='ltr'><strong>sunt,</strong></span> <span class='ocrx_word' id='word_1_120' title='bbox 1215 1798 1243 1844; x_wconf 89' lang='lat' dir='ltr'><strong>et</strong></span> <span class='ocrx_word' id='word_1_121' title='bbox 1255 1789 1333 1858; x_wconf 78' lang='lat' dir='ltr'><strong>eiuS‚</strong></span> 
     </span>
     <span class='ocr_line' id='line_1_16' title="bbox 263 1894 1333 1967; baseline 0 -17"><span class='ocrx_word' id='word_1_122' title='bbox 263 1894 339 1967; x_wconf 86' lang='lat' dir='ltr'><strong>quod</strong></span> <span class='ocrx_word' id='word_1_123' title='bbox 371 1894 514 1951; x_wconf 88' lang='lat' dir='ltr'><strong>interdurn</strong></span> <span class='ocrx_word' id='word_1_124' title='bbox 539 1895 604 1963; x_wconf 83' lang='lat' dir='ltr'><strong>fiat,</strong></span> <span class='ocrx_word' id='word_1_125' title='bbox 632 1895 748 1956; x_wconf 84' lang='lat' dir='ltr'><strong>mentio.</strong></span> <span class='ocrx_word' id='word_1_126' title='bbox 808 1895 874 1952; x_wconf 89' lang='lat' dir='ltr'><strong>Hoc</strong></span> <span class='ocrx_word' id='word_1_127' title='bbox 899 1896 974 1952; x_wconf 90' lang='lat' dir='ltr'><strong>enim</strong></span> <span class='ocrx_word' id='word_1_128' title='bbox 997 1894 1099 1951; x_wconf 88' lang='lat' dir='ltr'><strong>Livius</strong></span> <span class='ocrx_word' id='word_1_129' title='bbox 1121 1894 1203 1964; x_wconf 90' lang='lat' dir='ltr'><strong>dicit,</strong></span> <span class='ocrx_word' id='word_1_130' title='bbox 1237 1913 1333 1967; x_wconf 88' lang='lat' dir='ltr'><strong>quum</strong></span> 
     </span>
     <span class='ocr_line' id='line_1_17' title="bbox 263 2000 1333 2075; baseline 0.001 -20"><span class='ocrx_word' id='word_1_131' title='bbox 263 2008 345 2055; x_wconf 83' lang='lat' dir='ltr'><strong>tanto</strong></span> <span class='ocrx_word' id='word_1_132' title='bbox 366 2009 442 2056; x_wconf 88' lang='lat' dir='ltr'><strong>esset</strong></span> <span class='ocrx_word' id='word_1_133' title='bbox 464 2000 537 2057; x_wconf 87' lang='lat' dir='ltr'><strong>inter</strong></span> <span class='ocrx_word' id='word_1_134' title='bbox 556 2001 734 2057; x_wconf 85' lang='lat' dir='ltr'><strong>decemviros</strong></span> <span class='ocrx_word' id='word_1_135' title='bbox 757 2002 921 2071; x_wconf 80' lang='lat' dir='ltr'><strong>concordia,</strong></span> <span class='ocrx_word' id='word_1_136' title='bbox 942 2012 983 2070; x_wconf 89' lang='lat' dir='ltr'><strong>ut,</strong></span> <span class='ocrx_word' id='word_1_137' title='bbox 1011 2000 1124 2058; x_wconf 82' lang='lat' dir='ltr'><strong>etiamsi</strong></span> <span class='ocrx_word' id='word_1_138' title='bbox 1145 2000 1333 2075; x_wconf 77' lang='lat' dir='ltr'><strong>privatorum</strong></span> 
     </span>
     <span class='ocr_line' id='line_1_18' title="bbox 262 2103 1333 2183; baseline 0.001 -22"><span class='ocrx_word' id='word_1_139' title='bbox 262 2104 409 2161; x_wconf 90' lang='lat' dir='ltr'><strong>hominum</strong></span> <span class='ocrx_word' id='word_1_140' title='bbox 433 2103 542 2172; x_wconf 84' lang='lat' dir='ltr'><strong>fuisset,</strong></span> <span class='ocrx_word' id='word_1_141' title='bbox 566 2104 661 2160; x_wconf 88' lang='lat' dir='ltr'><strong>timeri</strong></span> <span class='ocrx_word' id='word_1_142' title='bbox 684 2116 791 2178; x_wconf 87' lang='lat' dir='ltr'><strong>posset,</strong></span> <span class='ocrx_word' id='word_1_143' title='bbox 813 2125 849 2162; x_wconf 89' lang='lat' dir='ltr'><strong>ne</strong></span> <span class='ocrx_word' id='word_1_144' title='bbox 872 2107 979 2164; x_wconf 89' lang='lat' dir='ltr'><strong>inutilis</strong></span> <span class='ocrx_word' id='word_1_145' title='bbox 1002 2127 1036 2164; x_wconf 84' lang='lat' dir='ltr'><strong>ac</strong></span> <span class='ocrx_word' id='word_1_146' title='bbox 1055 2106 1219 2183; x_wconf 81' lang='lat' dir='ltr'><strong>periculosa</strong></span> <span class='ocrx_word' id='word_1_147' title='bbox 1242 2105 1333 2175; x_wconf 79' lang='lat' dir='ltr'><strong>foret,</strong></span> 
     </span>
     <span class='ocr_line' id='line_1_19' title="bbox 263 2209 1333 2288; baseline 0.003 -23"><span class='ocrx_word' id='word_1_148' title='bbox 263 2229 321 2265; x_wconf 89' lang='lat' dir='ltr'><strong>non</strong></span> <span class='ocrx_word' id='word_1_149' title='bbox 344 2209 430 2266; x_wconf 89' lang='lat' dir='ltr'><strong>modo</strong></span> <span class='ocrx_word' id='word_1_150' title='bbox 453 2209 481 2266; x_wconf 87' lang='lat' dir='ltr'><strong>in</strong></span> <span class='ocrx_word' id='word_1_151' title='bbox 513 2209 610 2266; x_wconf 90' lang='lat' dir='ltr'><strong>decem</strong></span> <span class='ocrx_word' id='word_1_152' title='bbox 637 2211 837 2285; x_wconf 78' lang='lat' dir='ltr'><strong>magistratum</strong></span> <span class='ocrx_word' id='word_1_153' title='bbox 871 2213 993 2270; x_wconf 86' lang='lat' dir='ltr'><strong>eundem</strong></span> <span class='ocrx_word' id='word_1_154' title='bbox 1018 2213 1198 2288; x_wconf 76' lang='lat' dir='ltr'><strong>gerentibus,</strong></span> <span class='ocrx_word' id='word_1_155' title='bbox 1230 2221 1333 2268; x_wconf 85' lang='lat' dir='ltr'><strong>temen</strong></span> 
     </span>
     <span class='ocr_line' id='line_1_20' title="bbox 263 2314 1334 2392; baseline 0.001 -21"><span class='ocrx_word' id='word_1_156' title='bbox 263 2333 405 2372; x_wconf 85' lang='lat' dir='ltr'><strong>summum</strong></span> <span class='ocrx_word' id='word_1_157' title='bbox 427 2314 518 2372; x_wconf 82' lang='lat' dir='ltr'><strong>fuisse</strong></span> <span class='ocrx_word' id='word_1_158' title='bbox 540 2316 680 2372; x_wconf 79' lang='lat' dir='ltr'><strong>adversus</strong></span> <span class='ocrx_word' id='word_1_159' title='bbox 699 2316 772 2373; x_wconf 85' lang='lat' dir='ltr'><strong>alios</strong></span> <span class='ocrx_word' id='word_1_160' title='bbox 794 2318 968 2392; x_wconf 83' lang='lat' dir='ltr'><strong>aequitstem.</strong></span> <span class='ocrx_word' id='word_1_161' title='bbox 1005 2321 1071 2377; x_wconf 92' lang='lat' dir='ltr'><strong>Hoc</strong></span> <span class='ocrx_word' id='word_1_162' title='bbox 1094 2317 1243 2386; x_wconf 73' lang='lat' dir='ltr'><strong>intellexit,</strong></span> <span class='ocrx_word' id='word_1_163' title='bbox 1264 2317 1334 2391; x_wconf 89' lang='lat' dir='ltr'><strong>qui·</strong></span> 
     </span>
     <span class='ocr_line' id='line_1_21' title="bbox 259 2422 1331 2498; baseline 0 -20"><span class='ocrx_word' id='word_1_164' title='bbox 259 2440 374 2496; x_wconf 88' lang='lat' dir='ltr'><strong>cunque</strong></span> <span class='ocrx_word' id='word_1_165' title='bbox 396 2422 504 2497; x_wconf 85' lang='lat' dir='ltr'><strong>primus</strong></span> <span class='ocrx_word' id='word_1_166' title='bbox 527 2422 650 2496; x_wconf 78' lang='lat' dir='ltr'><strong>scripsit,</strong></span> <span class='ocrx_word' id='word_1_167' title='bbox 673 2423 1027 2496; x_wconf 82' lang='lat' dir='ltr'><strong>quodA.Rob01tellurn</strong></span> <span class='ocrx_word' id='word_1_168' title='bbox 1050 2433 1152 2482; x_wconf 85' lang='lat' dir='ltr'><strong>contre</strong></span> <span class='ocrx_word' id='word_1_169' title='bbox 1174 2423 1331 2498; x_wconf 82' lang='lat' dir='ltr'><strong>Sigoniunr</strong></span> 
     </span>
     <span class='ocr_line' id='line_1_22' title="bbox 262 2526 1332 2606; baseline 0.004 -24"><span class='ocrx_word' id='word_1_170' title='bbox 262 2526 424 2584; x_wconf 82' lang='lat' dir='ltr'><strong>defendisse</strong></span> <span class='ocrx_word' id='word_1_171' title='bbox 445 2527 547 2586; x_wconf 90' lang='lat' dir='ltr'><strong>video:</strong></span> <span class='ocrx_word' id='word_1_172' title='bbox 580 2528 642 2602; x_wconf 91' lang='lat' dir='ltr'><strong>qui</strong></span> <span class='ocrx_word' id='word_1_173' title='bbox 664 2547 864 2586; x_wconf 87' lang='lat' dir='ltr'><strong>consensus</strong></span> <span class='ocrx_word' id='word_1_174' title='bbox 887 2531 922 2586; x_wconf 91' lang='lat' dir='ltr'><strong>r&#39;n</strong></span> <span class='ocrx_word' id='word_1_175' title='bbox 955 2532 1115 2606; x_wconf 83' lang='lat' dir='ltr'><strong>privetis</strong></span> <span class='ocrx_word' id='word_1_176' title='bbox 1145 2529 1332 2586; x_wconf 89' lang='lat' dir='ltr'><strong>interdurn</strong></span> 
     </span>
     <span class='ocr_line' id='line_1_23' title="bbox 261 2632 1332 2712; baseline 0.002 -24"><span class='ocrx_word' id='word_1_177' title='bbox 261 2632 406 2689; x_wconf 87' lang='lat' dir='ltr'><strong>inutilis</strong></span> <span class='ocrx_word' id='word_1_178' title='bbox 430 2645 526 2690; x_wconf 88' lang='lat' dir='ltr'><strong>esset</strong></span> <span class='ocrx_word' id='word_1_179' title='bbox 549 2635 948 2712; x_wconf 88' lang='lat' dir='ltr'><strong>(eineUebereinstimmung,</strong></span> <span class='ocrx_word' id='word_1_180' title='bbox 970 2637 1017 2694; x_wconf 89' lang='lat' dir='ltr'><strong>die</strong></span> <span class='ocrx_word' id='word_1_181' title='bbox 1038 2638 1126 2694; x_wconf 89' lang='lat' dir='ltr'><strong>selbst</strong></span> <span class='ocrx_word' id='word_1_182' title='bbox 1151 2635 1196 2692; x_wconf 90' lang='lat' dir='ltr'><strong>bei</strong></span> <span class='ocrx_word' id='word_1_183' title='bbox 1208 2635 1332 2692; x_wconf 79' lang='lat' dir='ltr'><strong>Privat-</strong></span> 
     </span>
     <span class='ocr_line' id='line_1_24' title="bbox 261 2737 964 2811; baseline 0.01 -18"><span class='ocrx_word' id='word_1_184' title='bbox 261 2737 355 2794; x_wconf 89' lang='lat' dir='ltr'><strong>leuten</strong></span> <span class='ocrx_word' id='word_1_185' title='bbox 381 2739 527 2796; x_wconf 86' lang='lat' dir='ltr'><strong>bisweilen</strong></span> <span class='ocrx_word' id='word_1_186' title='bbox 550 2739 720 2796; x_wconf 86' lang='lat' dir='ltr'><strong>bedenklich</strong></span> <span class='ocrx_word' id='word_1_187' title='bbox 742 2741 802 2797; x_wconf 88' lang='lat' dir='ltr'><strong>sein</strong></span> <span class='ocrx_word' id='word_1_188' title='bbox 825 2743 964 2811; x_wconf 78' lang='lat' dir='ltr'><strong>mochte).</strong></span> 
     </span>
    </p>

    <p class='ocr_par' dir='ltr' id='par_1_3' title="bbox 258 2842 1331 3870">
     <span class='ocr_line' id='line_1_25' title="bbox 345 2842 1331 2921; baseline 0.002 -21"><span class='ocrx_word' id='word_1_189' title='bbox 345 2842 418 2918; x_wconf 85' lang='lat' dir='ltr'><strong>Cap.</strong></span> <span class='ocrx_word' id='word_1_190' title='bbox 439 2847 487 2910; x_wconf 71' lang='grc' dir='ltr'><strong>37Ὶ</strong></span> <span class='ocrx_word' id='word_1_191' title='bbox 512 2847 543 2901; x_wconf 82' lang='lat'><strong>2:</strong></span> <span class='ocrx_word' id='word_1_192' title='bbox 566 2847 751 2902; x_wconf 90' lang='lat' dir='ltr'><strong>Primores</strong></span> <span class='ocrx_word' id='word_1_193' title='bbox 772 2857 913 2921; x_wconf 86' lang='lat' dir='ltr'><strong>patrum</strong></span> <span class='ocrx_word' id='word_1_194' title='bbox 936 2847 1059 2903; x_wconf 86' lang='lat' dir='ltr'><strong>odisse</strong></span> <span class='ocrx_word' id='word_1_195' title='bbox 1081 2847 1331 2916; x_wconf 85' lang='lat' dir='ltr'><strong>decemviros,</strong></span> 
     </span>
     <span class='ocr_line' id='line_1_26' title="bbox 261 2949 1331 3026; baseline 0.001 -22"><span class='ocrx_word' id='word_1_196' title='bbox 261 2949 384 3004; x_wconf 89' lang='lat' dir='ltr'><strong>odisse</strong></span> <span class='ocrx_word' id='word_1_197' title='bbox 405 2949 560 3026; x_wconf 79' lang='lat' dir='ltr'><strong>plebem3</strong></span> <span class='ocrx_word' id='word_1_198' title='bbox 583 2969 648 3007; x_wconf 90' lang='lat' dir='ltr'><strong>nec</strong></span> <span class='ocrx_word' id='word_1_199' title='bbox 670 2953 840 3026; x_wconf 84' lang='lat' dir='ltr'><strong>probare,</strong></span> <span class='ocrx_word' id='word_1_200' title='bbox 863 2952 1097 3026; x_wconf 77' lang='lat' dir='ltr'><strong>quaefierent,</strong></span> <span class='ocrx_word' id='word_1_201' title='bbox 1121 2961 1154 3008; x_wconf 91' lang='lat' dir='ltr'><strong>et</strong></span> <span class='ocrx_word' id='word_1_202' title='bbox 1175 2949 1331 3006; x_wconf 87' lang='lat' dir='ltr'><strong>credere</strong></span> 
     </span>
     <span class='ocr_line' id='line_1_27' title="bbox 260 3055 1329 3130; baseline 0.002 -20"><span class='ocrx_word' id='word_1_203' title='bbox 260 3055 357 3111; x_wconf 78' lang='lat' dir='ltr'><strong>baud</strong></span> <span class='ocrx_word' id='word_1_204' title='bbox 380 3055 542 3130; x_wconf 81' lang='lat' dir='ltr'><strong>indignis</strong></span> <span class='ocrx_word' id='word_1_205' title='bbox 565 3056 746 3126; x_wconf 81' lang='lat' dir='ltr'><strong>eccidere;</strong></span> <span class='ocrx_word' id='word_1_206' title='bbox 769 3059 874 3114; x_wconf 80' lang='lat' dir='ltr'><strong>eride</strong></span> <span class='ocrx_word' id='word_1_207' title='bbox 893 3058 1031 3115; x_wconf 89' lang='lat' dir='ltr'><strong>ruendo</strong></span> <span class='ocrx_word' id='word_1_208' title='bbox 1049 3057 1093 3112; x_wconf 85' lang='lat' dir='ltr'><strong>nd</strong></span> <span class='ocrx_word' id='word_1_209' title='bbox 1115 3057 1329 3113; x_wconf 79' lang='lat' dir='ltr'><strong>libertatem</strong></span> 
     </span>
     <span class='ocr_line' id='line_1_28' title="bbox 260 3159 1329 3238; baseline 0.004 -24"><span class='ocrx_word' id='word_1_210' title='bbox 260 3159 293 3215; x_wconf 92' lang='lat' dir='ltr'><strong>in</strong></span> <span class='ocrx_word' id='word_1_211' title='bbox 311 3159 525 3218; x_wconf 86' lang='lat' dir='ltr'><strong>servitutem</strong></span> <span class='ocrx_word' id='word_1_212' title='bbox 543 3163 690 3238; x_wconf 79' lang='lat' dir='ltr'><strong>elapsos</strong></span> <span class='ocrx_word' id='word_1_213' title='bbox 708 3162 834 3220; x_wconf 81' lang='lat' dir='ltr'><strong>iuvere</strong></span> <span class='ocrx_word' id='word_1_214' title='bbox 850 3163 964 3233; x_wconf 85' lang='lat' dir='ltr'><strong>nolle,</strong></span> <span class='ocrx_word' id='word_1_215' title='bbox 980 3163 1163 3220; x_wconf 84' lang='lat' dir='ltr'><strong>cumulare</strong></span> <span class='ocrx_word' id='word_1_216' title='bbox 1182 3179 1329 3236; x_wconf 89' lang='lat' dir='ltr'><strong>quoque</strong></span> 
     </span>
     <span class='ocr_line' id='line_1_29' title="bbox 260 3265 1327 3343; baseline 0.002 -23"><span class='ocrx_word' id='word_1_217' title='bbox 260 3265 433 3332; x_wconf 84' lang='lat' dir='ltr'><strong>iniurius,</strong></span> <span class='ocrx_word' id='word_1_218' title='bbox 456 3281 490 3324; x_wconf 91' lang='lat' dir='ltr'><strong>ut</strong></span> <span class='ocrx_word' id='word_1_219' title='bbox 513 3269 619 3326; x_wconf 87' lang='lat' dir='ltr'><strong>taedio</strong></span> <span class='ocrx_word' id='word_1_220' title='bbox 640 3269 872 3343; x_wconf 85' lang='lat' dir='ltr'><strong>praesentium</strong></span> <span class='ocrx_word' id='word_1_221' title='bbox 898 3269 1066 3326; x_wconf 86' lang='lat' dir='ltr'><strong>eonsules</strong></span> <span class='ocrx_word' id='word_1_222' title='bbox 1090 3267 1159 3322; x_wconf 90' lang='lat' dir='ltr'><strong>duo</strong></span> <span class='ocrx_word' id='word_1_223' title='bbox 1181 3266 1327 3322; x_wconf 81' lang='lat' dir='ltr'><strong>tandem</strong></span> 
     </span>
     <span class='ocr_line' id='line_1_30' title="bbox 258 3371 1327 3448; baseline -0.002 -20"><span class='ocrx_word' id='word_1_224' title='bbox 258 3382 294 3428; x_wconf 90' lang='lat' dir='ltr'><strong>et</strong></span> <span class='ocrx_word' id='word_1_225' title='bbox 329 3381 448 3429; x_wconf 86' lang='lat' dir='ltr'><strong>status</strong></span> <span class='ocrx_word' id='word_1_226' title='bbox 478 3373 658 3448; x_wconf 87' lang='lat' dir='ltr'><strong>pristinus</strong></span> <span class='ocrx_word' id='word_1_227' title='bbox 690 3393 806 3432; x_wconf 86' lang='lat' dir='ltr'><strong>rerum</strong></span> <span class='ocrx_word' id='word_1_228' title='bbox 843 3376 877 3432; x_wconf 90' lang='lat' dir='ltr'><strong>in</strong></span> <span class='ocrx_word' id='word_1_229' title='bbox 911 3374 1131 3431; x_wconf 89' lang='lat' dir='ltr'><strong>desiderium</strong></span> <span class='ocrx_word' id='word_1_230' title='bbox 1165 3371 1327 3428; x_wconf 81' lang='lat' dir='ltr'><strong>venient.</strong></span> 
     </span>
     <span class='ocr_line' id='line_1_31' title="bbox 260 3477 1326 3554; baseline -0.002 -20"><span class='ocrx_word' id='word_1_231' title='bbox 260 3479 386 3535; x_wconf 87' lang='lat' dir='ltr'><strong>Prorsus</strong></span> <span class='ocrx_word' id='word_1_232' title='bbox 397 3478 602 3536; x_wconf 87' lang='lat' dir='ltr'><strong>incredibiliter</strong></span> <span class='ocrx_word' id='word_1_233' title='bbox 613 3480 754 3554; x_wconf 85' lang='lat' dir='ltr'><strong>primores</strong></span> <span class='ocrx_word' id='word_1_234' title='bbox 766 3491 891 3554; x_wconf 81' lang='lat' dir='ltr'><strong>patrum,</strong></span> <span class='ocrx_word' id='word_1_235' title='bbox 903 3480 952 3554; x_wconf 94' lang='lat' dir='ltr'><strong>qui</strong></span> <span class='ocrx_word' id='word_1_236' title='bbox 964 3479 1087 3536; x_wconf 78' lang='lat' dir='ltr'><strong>oderant</strong></span> <span class='ocrx_word' id='word_1_237' title='bbox 1097 3477 1276 3534; x_wconf 88' lang='lat' dir='ltr'><strong>decemviros</strong></span> <span class='ocrx_word' id='word_1_238' title='bbox 1286 3485 1326 3542; x_wconf 81' lang='lat' dir='ltr'><strong>et,</strong></span> 
     </span>
     <span class='ocr_line' id='line_1_32' title="bbox 259 3582 1325 3660; baseline -0.004 -20"><span class='ocrx_word' id='word_1_239' title='bbox 259 3603 324 3658; x_wconf 82' lang='lat' dir='ltr'><strong>quse</strong></span> <span class='ocrx_word' id='word_1_240' title='bbox 345 3586 455 3654; x_wconf 86' lang='lat' dir='ltr'><strong>fierent,</strong></span> <span class='ocrx_word' id='word_1_241' title='bbox 477 3585 692 3659; x_wconf 82' lang='lat' dir='ltr'><strong>improbabant,</strong></span> <span class='ocrx_word' id='word_1_242' title='bbox 708 3585 870 3641; x_wconf 79' lang='lat' dir='ltr'><strong>cumulasse</strong></span> <span class='ocrx_word' id='word_1_243' title='bbox 887 3585 942 3660; x_wconf 85' lang='lat' dir='ltr'><strong>ipsi</strong></span> <span class='ocrx_word' id='word_1_244' title='bbox 956 3585 1076 3642; x_wconf 83' lang='lat' dir='ltr'><strong>iniurias</strong></span> <span class='ocrx_word' id='word_1_245' title='bbox 1092 3582 1325 3639; x_wconf 88' lang='lat' dir='ltr'><strong>decemvirorum</strong></span> 
     </span>
     <span class='ocr_line' id='line_1_33' title="bbox 258 3687 1325 3768; baseline -0.006 -21"><span class='ocrx_word' id='word_1_246' title='bbox 258 3701 423 3760; x_wconf 80' lang='lat' dir='ltr'><strong>narrantur,</strong></span> <span class='ocrx_word' id='word_1_247' title='bbox 447 3692 502 3747; x_wconf 89' lang='lat' dir='ltr'><strong>hoc</strong></span> <span class='ocrx_word' id='word_1_248' title='bbox 525 3701 576 3761; x_wconf 88' lang='lat' dir='ltr'><strong>est,</strong></span> <span class='ocrx_word' id='word_1_249' title='bbox 599 3691 715 3747; x_wconf 85' lang='lat' dir='ltr'><strong>arrxisse</strong></span> <span class='ocrx_word' id='word_1_250' title='bbox 738 3691 810 3747; x_wconf 82' lang='lat' dir='ltr'><strong>alias</strong></span> <span class='ocrx_word' id='word_1_251' title='bbox 834 3691 982 3768; x_wconf 77' lang='lat' dir='ltr'><strong>addendo3</strong></span> <span class='ocrx_word' id='word_1_252' title='bbox 1005 3709 1058 3746; x_wconf 87' lang='lat' dir='ltr'><strong>nee</strong></span> <span class='ocrx_word' id='word_1_253' title='bbox 1075 3687 1207 3764; x_wconf 85' lang='lat' dir='ltr'><strong>prolecto</strong></span> <span class='ocrx_word' id='word_1_254' title='bbox 1226 3687 1255 3743; x_wconf 91' lang='lat' dir='ltr'><strong>in</strong></span> <span class='ocrx_word' id='word_1_255' title='bbox 1273 3687 1325 3742; x_wconf 91' lang='lat' dir='ltr'><strong>de-</strong></span> 
     </span>
     <span class='ocr_line' id='line_1_34' title="bbox 259 3792 1323 3870; baseline -0.004 -18"><span class='ocrx_word' id='word_1_256' title='bbox 259 3797 394 3854; x_wconf 90' lang='lat' dir='ltr'><strong>siderium</strong></span> <span class='ocrx_word' id='word_1_257' title='bbox 417 3807 555 3853; x_wconf 88' lang='lat' dir='ltr'><strong>venturus</strong></span> <span class='ocrx_word' id='word_1_258' title='bbox 577 3805 639 3852; x_wconf 86' lang='lat' dir='ltr'><strong>erat</strong></span> <span class='ocrx_word' id='word_1_259' title='bbox 660 3795 797 3870; x_wconf 90' lang='lat' dir='ltr'><strong>pristinus</strong></span> <span class='ocrx_word' id='word_1_260' title='bbox 820 3805 912 3854; x_wconf 84' lang='lat' dir='ltr'><strong>status</strong></span> <span class='ocrx_word' id='word_1_261' title='bbox 928 3807 956 3852; x_wconf 88' lang='lat' dir='ltr'><strong>et</strong></span> <span class='ocrx_word' id='word_1_262' title='bbox 974 3794 1149 3865; x_wconf 83' lang='lat' dir='ltr'><strong>consulatus,</strong></span> <span class='ocrx_word' id='word_1_263' title='bbox 1171 3794 1196 3850; x_wconf 88' lang='lat' dir='ltr'><strong>si</strong></span> <span class='ocrx_word' id='word_1_264' title='bbox 1218 3792 1323 3868; x_wconf 90' lang='lat' dir='ltr'><strong>plebeii</strong></span> 
     </span>
    </p>
   </div>
   <div class='ocr_carea' id='block_1_3' title="bbox 257 3899 1324 3980">
    <p class='ocr_par' dir='ltr' id='par_1_4' title="bbox 257 3899 1324 3980">
     <span class='ocr_line' id='line_1_35' title="bbox 257 3899 1324 3980; baseline -0.006 -22"><span class='ocrx_word' id='word_1_265' title='bbox 257 3903 400 3980; x_wconf 90' lang='lat' dir='ltr'><strong>primores</strong></span> <span class='ocrx_word' id='word_1_266' title='bbox 426 3911 556 3978; x_wconf 84' lang='lat' dir='ltr'><strong>patrum,</strong></span> <span class='ocrx_word' id='word_1_267' title='bbox 592 3901 641 3976; x_wconf 91' lang='lat' dir='ltr'><strong>qui</strong></span> <span class='ocrx_word' id='word_1_268' title='bbox 664 3902 797 3958; x_wconf 89' lang='lat' dir='ltr'><strong>consules</strong></span> <span class='ocrx_word' id='word_1_269' title='bbox 823 3901 913 3958; x_wconf 85' lang='lat' dir='ltr'><strong>futuri</strong></span> <span class='ocrx_word' id='word_1_270' title='bbox 941 3910 1023 3958; x_wconf 82' lang='lat' dir='ltr'><strong>erant</strong></span> <span class='ocrx_word' id='word_1_271' title='bbox 1044 3911 1072 3956; x_wconf 90' lang='lat' dir='ltr'><strong>et</strong></span> <span class='ocrx_word' id='word_1_272' title='bbox 1093 3899 1265 3974; x_wconf 88' lang='lat' dir='ltr'><strong>plurimum,</strong></span> <span class='ocrx_word' id='word_1_273' title='bbox 1299 3899 1324 3953; x_wconf 91' lang='lat' dir='ltr'><strong>si</strong></span> 
     </span>
    </p>
   </div>
   <div class='ocr_carea' id='block_1_4' title="bbox 257 4004 1324 4084">
    <p class='ocr_par' dir='ltr' id='par_1_5' title="bbox 257 4004 1324 4084">
     <span class='ocr_line' id='line_1_36' title="bbox 257 4004 1324 4084; baseline -0.006 -19"><span class='ocrx_word' id='word_1_274' title='bbox 257 4009 395 4084; x_wconf 88' lang='lat' dir='ltr'><strong>pristinus</strong></span> <span class='ocrx_word' id='word_1_275' title='bbox 418 4019 510 4065; x_wconf 78' lang='lat' dir='ltr'><strong>status</strong></span> <span class='ocrx_word' id='word_1_276' title='bbox 533 4008 670 4076; x_wconf 87' lang='lat' dir='ltr'><strong>redisset,</strong></span> <span class='ocrx_word' id='word_1_277' title='bbox 704 4007 839 4084; x_wconf 83' lang='lat' dir='ltr'><strong>potentioe</strong></span> <span class='ocrx_word' id='word_1_278' title='bbox 867 4005 1007 4074; x_wconf 78' lang='lat' dir='ltr'><strong>habituri,</strong></span> <span class='ocrx_word' id='word_1_279' title='bbox 1034 4005 1154 4062; x_wconf 79' lang='lat' dir='ltr'><strong>iniurias</strong></span> <span class='ocrx_word' id='word_1_280' title='bbox 1179 4004 1324 4061; x_wconf 87' lang='lat' dir='ltr'><strong>decemvi-</strong></span> 
     </span>
    </p>
   </div>
   <div class='ocr_carea' id='block_1_5' title="bbox 0 0 1418 4650">
    <p class='ocr_par' dir='ltr' id='par_1_6' title="bbox 0 0 1418 4650">
     <span class='ocr_line' id='line_1_37' title="bbox 0 0 1418 4650; baseline 0 2"><span class='ocrx_word' id='word_1_281' title='bbox 0 0 1418 4650; x_wconf 95' lang='lat' dir='ltr'><strong> </strong></span> 
     </span>
    </p>
   </div>
  </div>
 </body>
</html>
