2822 4648
588 280 645 336 159
959 279 1017 328 Lib.
1036 278 1111 328 vm.

75 461 210 520 Romani
229 479 379 520 secernere
398 481 417 518 a
440 480 471 518 ee
495 460 632 519 socialem
654 461 811 518 exereitum
835 461 993 518 nolebant?
1015 462 1055 520 Et
1077 463 1146 538 quid

74 569 136 624 hoc
159 555 213 640 est,
235 567 368 624 consules
386 585 536 626 secernere
554 566 649 624 socios
673 566 756 624 bellis
778 566 903 641 propriis
925 567 1071 625 sumendis
1092 587 1145 644 po·

77 671 264 746 nendisque?
309 673 439 730 Erantne
475 673 535 730 ulle
567 671 717 729 consulum
744 671 864 746 propria
885 671 981 730 belle?
1028 675 1092 731 Aut
1121 675 1145 731 si

83 778 221 835 consules
249 797 303 854 pro
330 777 471 836 Romunis
501 777 644 834 nominari
678 785 833 853 putemus,
866 777 992 835 Romani
1027 779 1147 855 propria

77 881 160 939 bella
179 903 237 940 non
259 883 413 940 sumebant
433 881 659 958 ponebantque?
702 881 829 940 Omnino
866 881 922 938 hoe
956 883 991 940 de
1021 885 1146 959 propriis

78 987 166 1044 bellis
189 987 335 1046 sumendis
357 989 555 1064 ponendisque
587 985 753 1045 necessario
784 987 822 1044 ed
855 1005 905 1044 eos
928 990 1061 1064 pertinet.
1097 989 1147 1064 qui

77 1095 221 1150 hactenus
243 1093 350 1151 alteros
372 1092 548 1168 (Romanos)
570 1092 661 1150 secuti
681 1092 760 1149 nulla
780 1091 835 1167 ipsi
858 1111 911 1152 suo
936 1093 1056 1152 arbitrio
1077 1113 1146 1170 pro·

79 1199 238 1273 priubelle
252 1209 411 1274 gesserent.
446 1198 610 1274 Scripserat
626 1195 741 1254 Livius:
765 1197 795 1254 si
817 1197 971 1255 socialis
992 1199 1068 1257 illis
1091 1219 1147 1258 ex·

80 1303 222 1360 ercitus
245 1303 274 1360 is
297 1315 361 1374 est,
379 1335 416 1347 ·-
435 1322 536 1378 quern
555 1321 748 1360 secernere
770 1303 813 1359 ab
829 1321 868 1358 ee
884 1305 1051 1373 (Romanis)
1067 1325 1146 1368 een-

79 1409 178 1470 silla
199 1409 308 1466 bellis
330 1409 496 1485 propriis
526 1407 712 1464 sumendis
744 1407 996 1483 ponendisque
1017 1412 1145 1474 nolint.

79 1513 266 1572 Eudemum
288 1534 359 1572 vera
392 1525 436 1572 eet
456 1511 615 1580 sententia,
645 1531 702 1568 non
729 1513 902 1587 placiturum
932 1515 1087 1588 Romanis,
1121 1517 1147 1575 si

81 1620 181 1678 Latini
201 1639 255 1678 sua
269 1619 391 1678 consilia
413 1619 450 1676 eb
472 1617 529 1674 illis
550 1627 703 1676 secernam
724 1627 754 1674 et
775 1636 828 1676 suo
855 1619 975 1678 arbitrio
998 1621 1075 1680 belle
1095 1641 1146 1698 ge·

79 1735 159 1784 rent.
181 1725 251 1800 (IV,
275 1730 327 1784 57:
350 1742 542 1782 secernere
563 1742 629 1780 sua
650 1723 850 1798 republicis
873 1721 1077 1796 consilie.¹)

169 1831 241 1908 Cep.
265 1837 300 1900 7,
335 1831 371 1888 18
399 1827 553 1886 manifesto
582 1837 611 1886 et
633 1829 719 1903 gravi
743 1829 848 1886 mendo
870 1829 1010 1888 incertum
1033 1841 1145 1891 tantum

79 1937 242 1995 remedium
264 1933 369 1995 afferre
389 1951 519 2009 possum.
562 1935 600 1992 T.
612 1934 738 1992 Manlius
760 1935 870 2006 consul,
885 1935 975 1992 filium
987 1936 1146 2012 alloquens,

80 2045 139 2101 Me
161 2043 317 2117 quidem,
352 2041 453 2116 inquit,
486 2057 595 2114 quum
629 2039 798 2115 ingenita
831 2041 971 2099 ceritas
992 2041 1146 2102 liberum

79 2159 156 2206 tum
181 2149 368 2224 specimen
391 2145 490 2204 istud
512 2143 667 2201 virtutis
692 2145 882 2220 deceptum
906 2165 1001 2204 vena
1022 2148 1147 2225 imagi·

80 2273 125 2310 ne
146 2255 291 2312 decoris
313 2253 351 2310 in
373 2261 407 2310 te
429 2261 562 2319 movet3
584 2252 646 2307 ssd
670 2269 775 2324 quum
795 2258 859 2310 etc.
918 2253 1049 2312 Ridicule
1071 2274 1147 2331 spe-

80 2359 197 2418 cimen
219 2357 374 2416 virtutis
396 2359 585 2433 deceptum
608 2373 705 2412 vana
725 2355 1052 2433 imagineeppelluri,
1068 2363 1148 2435 quod

80 2465 148 2540 quis
169 2482 248 2520 vanu
268 2463 394 2538 imagine
415 2461 553 2538 deceptus
575 2460 705 2530 ediderit,
726 2461 979 2520 Weissenbornius
993 2465 1147 2538 intellexit3

80 2569 191 2646 decipit
212 2567 287 2625 enim
309 2567 455 2643 specimen
475 2567 647 2638 iudicantes,
669 2585 728 2625 non
750 2567 899 2644 decipitur.
944 2568 1003 2627 Sed
1025 2571 1083 2627 elia
1104 2581 1147 2630 est

80 2675 214 2752 pravitas
236 2675 266 2734 io
288 2672 385 2730 verbis
406 2672 441 2728 in
463 2681 510 2740 te3
532 2691 600 2729 nem
622 2671 657 2728 in
680 2681 714 2729 te
738 2684 858 2731 movet
874 2675 1146 2751 (aecusativocasu)

79 2799 136 2855 pro
160 2779 370 2854 eo,quodest:
390 2789 511 2834 movet
534 2787 568 2834 et
589 2777 657 2836 tibi
680 2779 865 2836 conciliat
886 2785 932 2848 (ut
954 2781 1006 2838 tibi
1017 2801 1147 2857 porcam,

80 2885 209 2958 suadet),
231 2885 336 2942 Latine
356 2883 413 2941 dici
433 2885 546 2960 nequit;
568 2885 593 2940 si
615 2895 649 2941 te
669 2885 830 2942 ablativum
853 2905 916 2943 esse
938 2887 1147 2966 volumus·(an

81 2989 137 3059 dir,
162 2989 260 3046 indem
282 2991 328 3047 ich
349 2989 415 3047 diclr
437 2990 601 3060 betrnchte)
623 3009 682 3047 non
704 2999 804 3066 aptum
827 3001 871 3048 est
893 2991 930 3050 ed
953 2993 1146 3052 caritatem

79 3097 242 3154 liberum
269 3115 322 3154 nec
343 3105 423 3154 recto
445 3096 511 3154 loco
533 3095 668 3170 positum.
716 3096 863 3154 Veniebat
878 3099 907 3155 in
929 3109 1067 3158 mentem:
1091 3103 1148 3160 Me

80 3201 228 3277 quidem
248 3220 353 3277 quum
374 3201 443 3277 ing.
467 3201 618 3260 conlib.
648 3211 721 3258 turn
745 3203 1000 3296 specist3virt.
1016 3205 1147 3281 decep·

81 3319 154 3365 tum
178 3325 273 3365 vane
292 3307 453 3382 imagine
474 3307 619 3366 decoris
640 3307 841 3366 intuentem
864 3318 1004 3380 movet,
1025 3311 1147 3383 hocest,

81 3433 175 3489 quum
187 3423 217 3470 te
228 3413 343 3470 intueor
363 3413 517 3489 deceptum
536 3431 615 3470 vene
635 3413 800 3488 imag.,cet.
832 3414 895 3472 Nec
907 3423 1004 3472 tomen
1020 3415 1147 3474 animum

81 3519 182 3596 explet
203 3519 370 3576 coniectura
385 3519 500 3594 longius
523 3537 541 3576 a
562 3519 693 3594 vestigiis
716 3513 911 3597 discedens.⁹)

80 3659 282 3672 -—

100 3739 126 3806 ¹)
148 3743 164 3806 ς
186 3747 218 3790 10
236 3749 303 3790 recte
320 3741 355 3794 Δ.
374 3739 523 3790 Perizonius
542 3739 598 3789 tolli
617 3740 700 3790 uoluit
717 3755 761 3798 eo,
782 3755 860 3804 provo
874 3755 934 3791 cusu
953 3741 1069 3790 additum
1087 3751 1147 3791 ante

154 3834 237 3898 quod
256 3833 320 3897 (uid.
339 3847 454 3898 prooem.
473 3847 497 3896 p.
521 3833 551 3883 tt
571 3831 649 3896 imu);
674 3833 836 3883 aecusativus
863 3834 931 3882 enirn
956 3833 1017 3898 poni
1035 3833 1148 3885 debebat

153 3927 187 3974 ad
207 3935 374 3992 usurpate,
394 3925 463 3988 quod
482 3923 599 3974 absolute
618 3925 667 3974 dici
686 3925 783 3990 nequit.

97 4013 121 4080 ²)
149 4019 191 4068 De
210 4033 266 4084 erp.
286 4017 394 4084 8‚quod
421 4026 494 4066 tanto
512 4031 589 4082 opere
607 4017 758 4084 interpretes
776 4019 999 4080 institutorumque
1017 4015 1148 4067 Romano·

153 4125 245 4160 norum
264 4119 426 4160 enarratores
447 4109 568 4168 exercuit,
588 4109 651 4159 nihil
669 4117 708 4160 eet
725 4109 791 4170 iere,
810 4111 879 4174 quod
897 4110 922 4160 b.
942 4109 959 4158 l.
979 4107 1076 4170 dicam
1102 4123 1148 4158 ne-
