2822 4648
594 265 647 320 lli
674 267 677 276 “
986 262 1043 313 Lib.
1055 263 1116 313 Vll.

87 443 149 500 inde
165 443 307 518 sequitur,
321 443 432 518 primus
454 442 554 500 olavus
575 442 663 517 fixus)
686 444 724 501 ab
746 443 872 500 Horatio
894 461 952 500 una
973 465 1038 505 oum
1059 448 1152 524 ipsius

86 549 184 624 templi
214 549 406 606 dedicatione.
459 549 508 606 Ex
533 558 568 606 et
588 549 669 624 lege
693 557 731 606 et
757 551 927 624 templum
948 552 1034 610 facile
1055 565 1150 615 ortum

88 665 130 712 est
150 664 186 711 et
202 655 234 712 le
240 654 472 729 getemplum,
483 655 587 711 litteris
610 665 644 710 et
664 654 753 712 semel
766 654 890 730 scriptis,
905 675 993 731 quum
1006 659 1051 716 bis
1063 661 1150 718 debe·

83 773 146 818 rent
168 761 267 831 scribi,
289 769 350 816 tum
373 779 410 816 ex
432 769 465 816 et
486 759 595 816 lactum
619 777 671 815 ex.
721 757 850 818 Similem
875 763 1047 820 sententiam
1072 763 1151 822 Gro-

83 867 188 924 novius
210 877 240 922 et
262 866 409 924 strothius
432 863 547 923 efficere
571 864 668 922 conati
690 873 774 936 sunt,
807 866 857 922 sed
889 867 918 924 in
940 870 1036 926 verbis
1066 871 1150 927 aber-

82 967 227 1047 rerunt¹).

166 1077 242 1154 Cap.
266 1081 294 1149 6,
316 1080 334 1136 3
357 1086 386 1134 et
407 1081 424 1134 4
455 1077 623 1152 (postquam
649 1076 749 1134 Livius
770 1079 918 1148 narravit,
943 1099 1031 1153 quum
1053 1081 1148 1138 forum

80 1185 210 1242 medium
232 1201 320 1258 specu
342 1192 426 1240 vasto
449 1181 608 1257 collapsum
633 1191 717 1252 esset,
739 1183 828 1256 quaeri
850 1194 993 1259 coeptum,
1016 1185 1149 1262 quoplu·

81 1289 188 1346 riarum
214 1289 341 1364 populus
361 1289 512 1346 Romanus
534 1297 646 1362 posset3
676 1289 706 1344 id
736 1289 811 1344 enim
833 1289 874 1346 illi
907 1289 971 1346 loeo
994 1291 1147 1348 dicandum

81 1407 166 1452 vates
183 1392 348 1466 cecinisse):
370 1393 461 1448 Tum
485 1392 527 1448 M.
545 1391 722 1464 Curtium,
744 1394 907 1451 iuvenem
930 1395 1027 1452 bello
1050 1415 1148 1470 egre·

81 1502 190 1576 giem,
212 1499 418 1573 castigasse
439 1495 564 1570 ferunt
585 1497 813 1567 dubitantes,
835 1517 877 1556 an
898 1501 1008 1558 ullum
1033 1501 1147 1574 magis

78 1609 282 1666 Romanum
312 1605 440 1660 bonnm
470 1619 573 1674 quam
604 1621 703 1660 arma
732 1603 926 1679 virtusque
961 1615 1071 1674 esset;
1099 1605 1147 1662 si·

77 1712 199 1770 lentio
222 1709 337 1778 lacto,
366 1706 503 1781 temple
531 1707 679 1764 deorum
701 1709 962 1767 immortalium
984 1742 1025 1752 —
1050 1711 1146 1768 intu-

77 1827 198 1874 entem
223 1825 257 1872 et
278 1831 402 1870 manus
425 1843 461 1854 --
485 1813 735 1888 porrigentem
760 1833 797 1870 se
819 1815 1014 1872 devovisse
1036 1835 1146 1890 equo-

75 1941 147 1996 que
170 1920 307 1977 deinde
330 1929 382 1975 ete.
425 1917 509 1976 Ferri
530 1936 587 1974 non
609 1927 706 1992 potest
726 1919 755 1976 in
777 1920 833 1976 heo
854 1921 1069 1978 continuatione
1080 1941 1146 1978 ora·

75 2029 120 2085 tio
143 2045 179 2083 eo
202 2026 267 2101 ipso
290 2025 365 2093 loeo,
388 2043 446 2098 quo
469 2043 487 2080 a
509 2025 700 2098 castigatione
730 2027 852 2082 aliorum
882 2027 919 2082 ad
941 2026 1031 2101 ipsius
1053 2023 1146 2083 Curtii

75 2133 226 2189 actionem
258 2127 445 2199 transfertur,
480 2129 620 2205 asyndeto
652 2129 813 2205 interrupta
841 2129 1059 2205 (castigasse
1092 2129 1145 2186 le-

77 2247 165 2293 runt
190 2255 244 2302 -3
265 2235 414 2291 silentio
437 2235 564 2305 iaoto);
586 2234 673 2292 scribi
694 2234 783 2309 igitur
803 2235 888 2291 debet
910 2235 1023 2292 duabus
1044 2235 1147 2292 litteris

77 2342 252 2418 geminatis:
278 2372 313 2383 -
339 2351 446 2410 esset,
470 2346 504 2402 at
525 2339 677 2396 silentio
699 2338 799 2396 facto
818 2371 854 2382 -
879 2359 915 2398 se
938 2339 1146 2399 devovisse.

76 2451 135 2508 Est
157 2457 257 2505 tamen
280 2445 376 2514 aliud,
408 2445 486 2519 quod
520 2445 549 2500 in
579 2445 634 2502 hoc
664 2443 729 2502 loco
752 2442 889 2500 offendat.
932 2445 1011 2502 Nem
1035 2445 1060 2500 si
1082 2445 1146 2500 du·

78 2557 162 2612 bito
185 2571 228 2610 au
251 2552 376 2620 Livium,
403 2559 434 2606 ut
454 2548 631 2624 posteriores
653 2547 777 2618 faciunt,
807 2550 949 2606 sententia
971 2550 1009 2606 ad
1038 2567 1146 2624 negan-

77 2662 152 2717 dum
174 2657 331 2715 inclinante
352 2655 484 2730 posuisse
505 2665 651 2729 putamus,
675 2655 919 2729 quemadmodum
941 2655 1028 2726 Vlll,
1042 2656 1090 2724 24,
1109 2658 1139 2711 ll

77 2764 219 2821 dubius
241 2781 285 2818 an
308 2762 419 2836 posuit,
442 2759 622 2836 apertissime
644 2758 760 2818 Curtius
782 2761 811 2816 in
834 2759 944 2818 civibus
968 2761 1028 2818 suis
1049 2761 1078 2818 id
1101 2779 1145 2816 rc-

77 2869 244 2947 prebendit,
274 2867 351 2942 quod
380 2867 442 2943 ipse
464 2866 611 2923 statuebat
632 2865 755 2940 illosque
784 2873 910 2922 statuere
932 2867 1059 2936 volebat,
1081 2867 1146 2923 nul-

76 2977 139 3032 lum
169 2993 233 3031 esse
262 2973 354 3048 magis
384 2973 549 3030 Romanum
577 2972 683 3028 bonum
718 2989 806 3044 quarn
836 2989 918 3027 arma
944 2973 1146 3047 virtutemque.

78 3080 133 3138 Sin
165 3078 203 3136 ad
228 3076 432 3134 affirmandum
454 3075 592 3134 inclinare
613 3076 691 3134 illam
715 3075 826 3132 dicendi
849 3075 994 3150 formam,
1015 3087 1146 3135 veterum

77 3267 280 3277 ———-—

97 3386 123 3450 ¹)
150 3387 215 3452 (lap.
236 3391 302 3445 t,s
332 3388 352 3436 si
372 3387 459 3436 Livius
486 3395 610 3434 nature
629 3387 775 3436 damnum
800 3387 825 3434 in
844 3385 898 3436 lilio
916 3388 982 3449 patri
1002 3387 1145 3436 nutrien-

153 3481 225 3528 dum
251 3478 332 3527 inisse
359 3477 441 3537 dixit,
468 3479 605 3527 admodum
624 3478 762 3541 improprie
786 3479 887 3527 locutus
907 3488 957 3540 εει,
982 3494 1042 3528 nam
1067 3479 1145 3542 (quod

153 3573 232 3622 miror
252 3571 408 3620 Gronovium
434 3584 485 3618 non
509 3569 735 3631 animadvertisse)
761 3571 899 3628 nutrimus,
925 3585 982 3634 quas
1006 3570 1094 3632 augeri
1120 3577 1146 3617 et

153 3664 238 3712 valida
256 3663 309 3712 lieri
338 3663 468 3725 cupimus3
499 3662 585 3725 itaque
610 3661 676 3709 vires
704 3662 798 3711 seniles
823 3669 849 3710 et
875 3677 982 3726 corpora
1007 3673 1074 3711 reete
1098 3677 1145 3710 nu-

152 3757 206 3804 triri
226 3756 359 3814 dicuntum
383 3755 502 3802 damnum
526 3763 623 3801 naturae
649 3753 810 3816 (balbutiem)
830 3754 907 3802 minui
926 3763 998 3818 pater
1016 3753 1081 3802 velle
1101 3753 1145 3800 de·

152 3849 241 3896 bebai.
279 3847 363 3896 Unum
382 3847 480 3910 reperio
499 3846 596 3904 simile,
616 3847 684 3907 quod
703 3845 796 3896 Celsus
815 3848 846 3895 do
865 3845 956 3895 medio.
975 3843 1028 3904 vt,
1047 3849 1086 3911 ,6,
1115 3849 1144 3893 16

152 3941 258 3990 morbos
284 3939 408 4002 quosdam
434 3939 566 3986 oculorum
592 3937 693 3986 lenibus
713 3939 907 3988 medicamentis
932 3937 1068 3994 nutriri,
1097 3937 1146 3985 hoc

150 4041 199 4094 est,
220 4032 302 4081 curari
321 4041 347 4080 et
365 4031 421 4080 tolli
440 4031 510 4080 dicit.
