2800 4646
775 283 833 338 202

275 465 392 523 decadis
414 465 536 522 alteram
564 464 734 523 aSaluiuio
757 474 786 522 et
807 465 1052 524 Drakenborchio
1074 484 1193 541 prorsus
1220 466 1345 524 silentio

275 573 459 649 praeteritam,
480 569 601 626 alteram
625 589 679 644 pro
702 569 808 629 lacuna
830 573 1000 629 adnotatam
1023 589 1101 642 csse,
1129 591 1217 646 quum
1239 573 1345 631 Salvi-

274 677 340 734 uius
368 677 465 752 priore
491 676 556 734 loco
590 675 698 733 omissa
727 686 830 752 postea
851 677 960 753 scriptu
982 678 1104 753 reperiri
1123 699 1182 736 non
1204 680 1346 736 animad-

276 782 423 852 vertisset,
449 781 594 852 declarat,
630 781 708 855 quod
735 783 829 839 codex
856 783 1082 860 Bambergensis
1102 804 1196 860 nuper
1216 803 1251 842 ac
1274 785 1347 842 dili-

274 888 387 964 gentius
419 887 564 962 inspectus
594 887 692 944 omnia
718 889 835 958 eodem,
858 907 916 964 quo
940 891 1120 960 Puteaneus,
1144 891 1245 947 ordine
1268 911 1347 966 per-

276 993 383 1068 scripta
404 992 506 1061 habet;
527 992 662 1067 idemque
684 993 762 1050 tenui
784 994 822 1050 ad
844 993 968 1070 speciem
989 995 1038 1051 sed
1061 1003 1139 1053 certo
1155 995 1348 1070 intelligenti·

276 1102 330 1158 bus
353 1107 523 1172 argumento
546 1117 582 1154 cx
609 1117 643 1154 eo
666 1099 832 1170 conficitur,
865 1102 943 1175 quod
966 1101 1044 1177 apud
1065 1101 1348 1159 Drakenborobium

276 1205 314 1263 ad
336 1203 459 1272 XXIX,
476 1207 500 1274 l,
516 1205 554 1260 24
580 1202 744 1275 adnotatur,
766 1205 886 1266 inMed.
906 1206 977 1281 legi:
1001 1207 1043 1263 ab
1066 1207 1162 1264 omui
1184 1217 1346 1264 externo

275 1310 358 1368 iude
387 1308 561 1383 imperio,
589 1308 619 1364 in
639 1309 765 1365 Haverc.
795 1310 838 1366 ab
873 1312 967 1368 omni
996 1312 1149 1387 imperio
1172 1312 1256 1369 iude
1279 1333 1348 1370 ex-

276 1425 395 1485 tern03
416 1433 484 1471 nam
507 1413 588 1470 inde
609 1413 679 1470 illud
703 1423 755 1483 est,
778 1415 857 1488 quod
878 1415 983 1492 legitur
1004 1417 1157 1484 XXVIII,
1171 1421 1220 1484 ³7,
1243 1421 1274 1487 9,
1299 1439 1349 1476 cr-

276 1542 342 1581 rore
363 1521 409 1578 hic
431 1539 449 1577 a
471 1518 683 1576 conferentibus
706 1519 886 1590 adnotatum,
909 1522 988 1596 quod
1008 1523 1038 1578 in
1060 1523 1216 1592 codicibus,
1238 1524 1349 1580 mediis

277 1627 390 1686 omissis
410 1635 439 1682 et
459 1626 489 1681 iu
511 1624 600 1681 alium
621 1624 717 1681 locum
740 1625 876 1694 traiectis,
893 1627 1136 1686 continuabantur
1156 1629 1233 1684 hacc:
1257 1629 1347 1686 duo-

276 1732 341 1789 bus
367 1729 532 1787 miilibus
555 1729 793 1787 auxiliarium
811 1722 899 1788 'indo
922 1741 1077 1790 externo
1099 1733 1235 1790 soluta
1282 1736 1349 1792 Ita-

277 1857 334 1913 que
361 1856 398 1894 ex
419 1837 484 1912 ipso
507 1833 716 1892 conferentium
742 1855 839 1892 errore
866 1847 976 1895 certum
1008 1849 1065 1910 est,
1094 1841 1125 1898 in
1146 1839 1260 1895 duobus
1285 1840 1348 1896 illis

276 1941 434 2011 codicibus,
456 1941 547 1998 altero
570 1948 637 2015 post
659 1941 840 1998 Puteaneum
863 1941 994 2016 optimo,
1016 1941 1107 1998 altero
1130 1945 1345 2002 recentissimo.

278 2047 400 2104 candem
420 2046 510 2104 fuisse
531 2043 800 2120 transpositionem,
828 2065 883 2104 nec
904 2048 940 2103 de
964 2047 1065 2104 ceteris
1089 2047 1148 2104 ulla
1171 2059 1229 2118 est,
1252 2069 1346 2124 quum

278 2153 340 2210 baeo
360 2151 525 2220 videamuS,
564 2149 716 2208 dubitandi
753 2147 885 2221 causa¹).
940 2153 1101 2209 Admoneri
1131 2164 1227 2212 autem
1259 2157 1347 2213 decet

279 2257 445 2315 huiusmodi
466 2257 627 2332 exemplis.
665 2274 752 2330 quam
775 2266 859 2313 caute
881 2258 1039 2332 superioris
1060 2259 1152 2314 astatis
1178 2261 1293 2318 silentio
1318 2263 1347 2318 in

281 2363 330 2421 tali
353 2381 385 2419 re
406 2363 580 2419 credendum
603 2355 678 2434 sit2).
729 2360 833 2418 Altera
860 2363 1022 2438 argumenti
1051 2365 1154 2422 umbra
1175 2383 1212 2421 ex
1234 2365 1348 2422 lacunis

281 2468 422 2527 Puteanei
445 2468 550 2536 oritur,
573 2486 631 2524 non
655 2466 814 2523 minoribus
835 2466 891 2523 illis
913 2467 1063 2543 permultis
1083 2469 1167 2526 unius
1189 2471 1272 2527 verbi
1296 2481 1347 2528 aut

281 2593 458 2650 paucorum,
490 2592 612 2647 quarum
640 2572 669 2628 in
698 2571 800 2628 ceteris
822 2573 970 2630 codicibus
993 2574 1193 2649 supplementa
1214 2575 1281 2651 ipsa
1303 2577 1347 2634 iu-

281 2680 446 2738 oonstautia
468 2689 496 2735 et
517 2679 659 2736 varietate
682 2677 823 2752 originem
846 2679 974 2753 produnt
1002 2679 1053 2752 (—-
1084 2681 1147 2738 uliIs
1175 2680 1250 2737 enim
1274 2681 1348 2738 louis

280 2785 310 2842 in
333 2785 397 2842 aliis
422 2783 568 2841 codicibus
593 2795 660 2841 sunt
682 2793 733 2841 aut
754 2783 858 2840 desunt
878 2783 1002 2858 ipsaque
1013 2784 1156 2842 interdum
1169 2785 1348 2862 discrepant,

281 2897 313 2946 ut
333 2888 446 2958 XXII,
483 2891 518 2963 3,
550 2891 567 2945 9
597 2889 626 2945 in
656 2888 756 2945 codice
784 2890 850 2946 Put.
873 2888 1008 2946 scribitur
1034 2907 1233 2966 pugnoque
1266 2911 1347 2950 cum

281 2993 395 3064 immo,
416 2993 542 3068 itemque
563 2993 689 3055 iuColb.
711 3003 826 3050 etcum
849 2993 961 3051 levibus
986 2995 1132 3052 erroribus
1146 2996 1175 3052 iu
1194 2994 1348 3056 Cantabr..

282 3099 355 3157 Lov.
385 3103 415 3167 Ι,
438 3103 474 3167 4;
502 3100 579 3172 quod
612 3100 700 3175 vulgo
723 3099 876 3164 edebatur:
904 3119 1103 3176 pugnaeque
1135 3103 1350 3177 proposuit;

282 3203 365 3278 quin
387 3204 507 3274 immo,
530 3223 545 3260 e
568 3204 854 3262 Drakenborohienis
876 3205 992 3276 Berol.,
1015 3205 1149 3281 Gaertn.‚
1172 3207 1267 3276 Harl,
1285 3209 1349 3265 Ha-

283 3327 371 3376 vere,
396 3309 469 3366 Lov.
483 3307 510 3376 2,
530 3307 638 3365 habere
659 3308 802 3380 videntur,
829 3311 903 3371 Lov.
928 3315 944 3364 5
966 3312 1153 3386 proponit,
1169 3313 1267 3373 Haun.
1292 3333 1349 3370 ex·

285 3475 481 3484 -—-.--.—--

301 3589 324 3652 ¹)
355 3594 385 3642 In
404 3595 517 3656 partibus
536 3595 644 3645 divulsis
661 3598 853 3647 committendis
872 3598 1074 3662 occidundum,
1093 3609 1121 3648 ut
1140 3601 1165 3647 in
1184 3599 1275 3663 primis
1295 3603 1349 3650 edi·

352 3687 466 3736 tionibus
485 3701 531 3750 pro
549 3687 687 3752 imperio
707 3697 847 3740 externo
862 3691 1015 3740 scriberetur
1034 3701 1170 3739 externo
1192 3692 1347 3756 imperio,

353 3777 420 3840 qnod
439 3778 472 3825 ad
490 3777 729 3830 Weissenboruium
750 3791 876 3832 retentum
899 3792 945 3833 est.

299 3862 325 3930 ¹)
353 3867 392 3917 Ne
410 3869 473 3918 illud
493 3871 604 3934 quidem,
623 3873 691 3937 quod
710 3889 734 3938 p.
760 3879 791 3923 25
815 3883 868 3924 not.
884 3877 982 3940 scripsi,
1001 3876 1240 3925 Drakenborcbium
1260 3877 1348 3926 innuis

352 3961 436 4024 ipsum
461 3961 594 4013 codicibus
618 3967 844 4029 transpositionem
870 3969 1103 4018 animadversurum
1128 3967 1222 4027 fuisse,
1251 3977 1347 4018 certum

353 4061 429 4112 esset,
447 4053 497 4103 nisi
516 4056 648 4105 accederet
665 4058 760 4108 codicis
778 4059 800 4108 P
819 4059 1003 4112 testimonium.
