2800 4646
236 234 293 286 nse.
308 235 435 284 xxxv1.
740 241 799 298 424

236 418 299 476 ille:
321 420 437 495 Atqui
457 434 528 478 non
550 429 687 478 tantum
709 422 868 482 interest
890 423 1049 494 translatis,
1067 424 1109 482 sic
1134 423 1229 482 oratio
1250 423 1298 480 de·

236 532 332 582 curret
354 526 381 598 (ξ
405 527 433 594 8,
456 527 484 597 9,
510 527 575 598 tol:
596 527 878 602 Ecquidvides,
905 537 939 586 te
968 573 995 588 ..
1024 529 1059 586 in
1080 529 1223 586 duabus
1245 547 1299 585 ur-

236 627 341 688 bibus
374 632 630 708 oppugnandis
663 641 810 708 tempua
832 643 956 692 terere
984 675 1056 702 ...,
1088 633 1299 710 Philippum

237 745 503 796 autem...non
524 737 640 796 solum
662 739 779 808 urbae,
801 738 861 796 ead
883 747 938 797 tot
955 739 1023 798 iam
1039 739 1301 814 gentes,Atha·

237 841 408 911 maniam,
429 842 694 910 Perrhaebiam,
722 843 988 918 Aperantiam,
1009 843 1205 920 Dolopiam
1231 843 1303 902 eibi

237 946 471 1016 adiunxisse,
505 957 541 1004 et
567 947 736 1006 victoria
769 956 837 1006 tute
865 950 1047 1024 praemium
1079 958 1116 1006 te
1144 949 1301 1008 milites·

237 1061 407 1128 quatuos
429 1052 583 1111 nondum
606 1053 695 1111 duae
720 1054 838 1122 urbes,
860 1054 1070 1132 Philippum
1100 1064 1154 1114 tot
1174 1065 1302 1133 gentes

237 1158 386 1217 Graecia
406 1156 566 1218 habere?
590 1159 709 1233 Atqui
729 1177 801 1216 non
822 1166 961 1220 tantum
991 1161 1147 1220 interest
1166 1171 1304 1231 nostra,

237 1264 445 1322 AEtolorum
468 1281 557 1339 opes
585 1307 612 1322 ..
641 1263 770 1332 minui,
805 1273 976 1340 quantum
999 1285 1067 1324 non
1088 1284 1202 1341 supra
1223 1285 1300 1326 mo-

238 1370 317 1428 dum
339 1368 553 1444 Philippum
570 1385 751 1430 erescere.

322 1473 395 1550 Cap.
419 1475 476 1543 35,
501 1477 532 1532 7:
562 1471 620 1530 Ibi
653 1473 696 1546 (in
727 1474 848 1534 concilio
870 1475 1062 1541 Achaeorum)
1085 1475 1126 1534 de
1147 1475 1250 1534 Eleis
1273 1485 1306 1532 et

238 1581 280 1638 de
307 1579 495 1637 exsulibus
518 1579 876 1638 Laoedremoniorum
906 1579 1152 1638 restituendis
1182 1589 1303 1638 actum

238 1694 309 1754 eata
330 1691 461 1742 neutra
483 1684 537 1756 (sic
554 1684 818 1756 recteWeissenb.,
840 1692 907 1742 ante
928 1693 1004 1742 erat:
1028 1692 1148 1742 actum
1172 1693 1304 1742 etneu·

238 1787 308 1862 tra)
329 1789 502 1864 perlecta
523 1806 597 1859 res,
629 1789 714 1864 quia
746 1807 816 1846 sure
844 1789 971 1864 gratiae
1002 1789 1188 1847 reservari
1225 1808 1302 1846 eam

238 1894 379 1962 Achaei,
411 1893 492 1951 Elei
514 1912 579 1969 per
608 1913 646 1951 se
668 1893 741 1970 ipsi
762 1911 865 1968 quam
895 1913 960 1969 per
978 1895 1162 1952 Romanoa
1186 1895 1304 1951 malu-

239 2005 345 2054 erunt
377 1998 543 2055 Achaico
578 1999 763 2056 contribui
787 1997 957 2057 concilio.
1012 1997 1060 2058 Sic
1082 1998 1176 2056 editur
1197 1997 1305 2056 iudea

239 2102 362 2162 Gelenio
394 2121 430 2160 ex
452 2103 485 2160 M
507 2112 536 2160 et
557 2101 700 2179 Spirensi,
722 2111 809 2160 antea
836 2101 990 2174 edebatur,
1012 2105 1093 2160 utin
1115 2101 1307 2160 deterioribus

240 2208 388 2266 codicibus
410 2207 548 2284 scriptum
572 2217 630 2266 eet:
660 2208 746 2283 quia
779 2225 849 2266 sure
881 2207 1009 2283 gratie
1038 2209 1227 2265 reservari
1263 2228 1306 2265 ea

240 2314 361 2372 Achaei
385 2332 448 2390 per
469 2331 507 2370 se
528 2313 600 2390 ipsi
624 2331 727 2389 quam
749 2321 803 2371 cet.
848 2313 956 2387 (Magis
978 2312 1065 2370 etiam
1086 2313 1242 2372 lacunoeus
1265 2315 1306 2382 B,

238 2419 268 2476 in
291 2439 349 2495 quo
373 2428 431 2478 est:
457 2419 543 2493 quia
566 2436 636 2476 eure
657 2417 808 2476 Graecia
830 2418 885 2490 [sic
906 2435 983 2492 saepe
1011 2419 1206 2494 corrumpitur
1226 2439 1307 2495 gra·

240 2521 309 2602 tiae]
343 2525 529 2610 reseruari
561 2543 636 2581 eam
660 2523 784 2582 Achai
815 2541 879 2599 per
912 2521 1122 2580 maluerunt
1142 2525 1307 2582 Achaico

240 2630 433 2688 contribui
465 2629 648 2695 concilio,
687 2629 801 2687 omissis
834 2645 932 2685 errore
967 2627 1134 2686 etiamhie:
1170 2631 1308 2707 seipsi

241 2749 432 2811 quam'per
452 2736 656 2807 Romanos).
710 2737 800 2792 Recte
835 2743 933 2791 tamen
955 2731 1092 2790 Dukerns
1119 2735 1308 2794 animadver-

240 2841 283 2910 tit,
305 2840 334 2896 in
356 2839 545 2914 significanda
565 2841 664 2917 priore
686 2859 723 2897 ex
746 2838 859 2897 duabus
880 2839 968 2896 rebus
990 2848 1057 2896 aute
1068 2840 1224 2898 nominatis
1247 2861 1307 2900 non

240 2963 327 3020 posae
349 2963 425 3002 eam
447 2963 502 3020 pro
524 2965 568 3016 eo,
590 2946 669 3020 quod
691 2953 735 3003 est
756 2944 876 3012 illam,
898 2943 983 3019 poni,
1006 2941 1160 3002 Creverius
1184 2955 1307 3021 preter-

241 3067 292 3120 ea,
320 3067 407 3123 quum
437 3051 627 3108 communiter
659 3059 726 3108 ante
754 3037 889 3106 ne'utra
915 3065 972 3105 ree
1006 3049 1153 3124 appellata
1174 3050 1227 3122 sit,
1249 3070 1309 3108 non

240 3172 327 3230 posse
357 3153 525 3230 simpliciter
555 3154 774 3213 alteramutram
802 3163 881 3212 certo
913 3154 1085 3230 pronomine
1115 3155 1227 3229 (illam
1257 3165 1310 3212 aut

241 3261 343 3330 hanc)
367 3260 572 3329 demonstrari3
600 3261 699 3336 itaque
721 3261 877 3318 alteram
899 3259 1083 3334 requirebat,
1114 3259 1191 3334 quod
1212 3259 1309 3334 ipsum

241 3383 344 3441 perum
366 3367 554 3452 responderet
575 3367 668 3442 plenae
696 3378 725 3424 et
757 3366 899 3424 distinctae
929 3365 1048 3422 alterius
1076 3365 1118 3422 rei
1143 3363 1193 3438 (de
1213 3364 1310 3428 Eleia)

242 3471 393 3533 notationi.
438 3475 586 3548 Apparet,
608 3473 658 3531 ubi
678 3473 708 3531 in
736 3472 883 3530 codicibus
905 3489 980 3527 eam
1004 3471 1069 3543 (aa)
1092 3469 1233 3545 scriptum
1255 3479 1311 3538 eet,

242 3577 360 3634 subesse
393 3577 543 3636 certiorem
570 3577 856 3638 Lacedaemoniorum
886 3574 1017 3632 exsulum
1046 3593 1141 3633 causae
1163 3575 1312 3652 signifiea-

242 3682 359 3751 tionem,
392 3683 574 3741 substantivo
596 3684 750 3754 inclusam3
782 3701 835 3740 nec
870 3681 899 3738 in
929 3675 980 3738 illo
1013 3699 1088 3738 eam
1123 3680 1202 3738 aliud
1238 3681 1312 3737 latet

242 3787 297 3845 nisi
333 3806 496 3856 causam
533 3787 584 3846 sed
614 3789 755 3846 excidisse
779 3786 893 3844 videtur
921 3804 980 3842 vox
1016 3787 1198 3850 necessaria,
1221 3804 1310 3861 quum
