2800 4646
315 267 426 320 Hm&
785 271 839 327 ῙΜ

281 463 309 510 et
330 471 451 510 omnes
474 451 730 519 Hernicorum
758 461 885 509 ceterum
908 461 986 511 rsots
1010 449 1162 511 Cluverius
1201 453 1348 510 intellexit

280 559 320 616 ibi
341 557 525 616 scribendum
559 575 636 616 osse:
671 574 795 614 omnes
831 557 983 616 Hernici
1017 558 1176 616 nominis
1211 559 1350 634 populi

281 665 441 722 Romano
474 663 607 721 bellum
629 663 853 720 indixerunt
883 655 967 721 'Hoo
988 663 1122 738 quidem,
1152 665 1189 721 de
1217 682 1276 738 quo
1300 664 1351 720 di-

281 788 346 827 cere
370 770 468 845 coepi,
489 767 554 824 loco
576 767 815 825 verisimillimum
827 768 941 826 videtur
966 769 1041 826 inter
1067 787 1190 826 omues
1211 780 1240 827 et
1262 788 1352 827 oon-

281 875 407 932 siduut
440 873 583 932 excidisse
611 871 741 947 copies,
774 873 927 930 oberrante
955 874 1066 932 librarii
1094 874 1177 932 oculo
1211 894 1230 931 s
1263 875 1352 950 prio-

280 981 360 1037 ribus
381 979 483 1037 litteris
506 997 546 1036 oo
568 977 606 1035 ud
628 977 744 1034 alteras.
797 978 877 1036 Num
898 997 951 1036 our
972 981 1010 1037 ob
1032 999 1121 1038 unum
1135 982 1162 1038 P
1184 991 1213 1038 et
1234 981 1350 1039 editio-

280 1105 346 1142 nem
362 1087 542 1156 Romanum,
565 1085 594 1140 in
616 1083 720 1158 quibus
742 1092 786 1140 est
808 1083 859 1140 ibi
881 1084 924 1141 sd
945 1083 1170 1158 Samnitium,
1205 1085 1293 1162 plura
1317 1088 1353 1144 in

281 1192 376 1249 mendi
397 1191 590 1266 suspicionem
611 1195 769 1258 vocentur,
789 1207 880 1246 ceusu
901 1189 981 1247 nulle
1011 1209 1074 1249 esse
1096 1192 1219 1250 videtur.

364 1295 437 1372 Cap.
461 1298 519 1364 33,
543 1299 560 1352 4
583 1294 632 1366 (de
653 1293 794 1351 Romanis
816 1293 972 1366 militibus,
1004 1297 1140 1354 hortante
1161 1297 1279 1356 consuls
1303 1299 1354 1358 M.

281 1402 374 1460 Atilio
397 1403 509 1478 regulo,
533 1409 636 1458 contre
659 1399 816 1468 Samnites,
840 1400 890 1474 qui
910 1401 939 1457 in
961 1411 1058 1458 oestro
1074 1402 1247 1478 irruperant,
1270 1422 1353 1480 pug-

280 1508 445 1585 nantibus):
467 1505 644 1566 Clamore
665 1505 813 1562 sublato
834 1507 983 1564 connixi
1004 1509 1121 1582 primo
1143 1509 1353 1574 resistunt;

280 1613 412 1670 deinde
433 1609 599 1669 inferunt
631 1610 758 1686 pedem
781 1621 1012 1686 urguensque
1039 1623 1073 1671 et
1094 1615 1271 1690 impulsos
1293 1633 1352 1673 se-

280 1717 350 1774 mel
371 1727 513 1774 terrore
535 1717 662 1774 eodem
686 1725 804 1791 egunt,
828 1735 897 1791 quo
914 1695 1127 1794 coeperurm
1151 1720 1353 1795 expellunt

281 1829 546 1897 extruportem
568 1821 791 1896 vallumque.
825 1823 962 1881 Postilla
983 1824 1162 1900 impulsos
1184 1826 1297 1882 semel
1320 1837 1353 1884 et

280 1938 423 1985 terrore
443 1929 567 1986 eodem
575 1929 739 1986 necessario
751 1937 937 2003 exspectetur
947 1929 988 1987 rei
1000 1931 1039 1986 sd
1055 1931 1165 1988 exitum
1173 1949 1231 1987 uuo
1243 1941 1351 1989 tenore

280 2031 425 2108 perduotae
447 2031 633 2106 significarim
655 2041 687 2090 st
707 2033 845 2107 sequitur,
861 2051 919 2108 quo
934 2035 1004 2092 nihil
1016 2044 1059 2092 est
1076 2036 1199 2107 inanius,
1218 2049 1350 2112 agunt3

281 2155 339 2212 quo
361 2135 500 2193 taudem?
531 2146 592 2194 tum
615 2138 738 2212 abrupte
760 2138 889 2196 additur:
922 2141 1114 2216 expellunt
1139 2151 1193 2198 oet
1236 2141 1351 2200 Omnis

281 2250 474 2312 restiterunt,
498 2242 532 2313 si,
548 2243 663 2300 subluto
686 2243 735 2300 illo
759 2254 888 2319 egunt,
921 2246 1133 2322 scripserimus:
1161 2247 1346 2322 impulsos

281 2350 390 2408 semel
412 2357 554 2407 terrore
576 2349 712 2421 eodem,
735 2368 804 2426 quo
826 2361 1044 2427 coeperant,
1066 2353 1260 2430 expellunt
1281 2373 1347 2411 ex-

281 2467 341 2513 tre
362 2464 503 2531 portam
526 2455 746 2529 vallumque.
797 2457 861 2514 lem
884 2467 1026 2532 apponet,
1054 2457 1171 2516 minime
1193 2458 1347 2515 abundare

280 2564 371 2622 verba
393 2581 462 2636 quo
486 2569 706 2636 coeperunt,
736 2563 890 2620 coniuncte
914 2579 978 2619 oum
1000 2564 1064 2620 finis
1087 2573 1115 2620 et
1139 2563 1234 2620 exitus
1254 2563 1346 2638 signi·

280 2669 424 2727 ficatione.
487 2665 710 2742 (Coeperunt
739 2685 793 2742 pro
822 2677 1025 2744 coeperunt
1055 2679 1133 2726 recte
1159 2669 1189 2725 iu
1209 2667 1347 2734 Gssrtn.,

282 2777 418 2844 flevere,
441 2771 504 2829 eliis
526 2772 728 2830 emendatione
749 2773 902 2848 seriptum3
925 2773 976 2832 cfr.
998 2793 1128 2850 prooem.
1151 2793 1181 2849 p.
1204 2767 1287 2845 38.¹)

364 2878 437 2956 Cep.
461 2881 510 2948 ³6,
534 2881 549 2934 7
575 2875 697 2950 (Consul
717 2877 759 2935 M.
776 2877 902 2951 Atilius)
925 2879 1074 2937 obstitit
1094 2877 1245 2954 profuse
1266 2887 1347 2935 ten-

281 2983 552 3042 dentibussuis
581 2983 616 3040 in
651 2991 786 3039 cestre.
844 2984 979 3044 Esfnse
1000 2993 1112 3055 euntes,
1133 2985 1277 3054 cedentes,
1299 2985 1348 3042 lu·

281 3091 401 3167 gientes,
422 3098 537 3147 rueittes
559 3088 638 3158 novi,
660 3087 688 3145 h.
714 3105 749 3158 e„
772 3087 902 3148 celeriter
925 3099 954 3147 et
974 3089 1036 3147 sine
1049 3089 1107 3147 ullo
1122 3089 1232 3160 ordine,
1255 3090 1348 3148 etium

280 3195 376 3266 fuse;
397 3193 551 3271 profuse
573 3201 728 3250 ruentes
749 3212 809 3250 non
831 3195 924 3272 mngis
943 3195 1003 3252 scio
1027 3195 1076 3271 qui
1088 3197 1153 3266 sint,
1176 3215 1265 3270 quem
1281 3215 1349 3271 quae

281 3301 379 3378 fugo.
399 3297 575 3376 profusa3
597 3317 665 3355 nam
687 3299 863 3373 profusus
886 3319 1000 3378 semper
1024 3302 1061 3359 sd
1084 3301 1197 3379 copiam
1209 3302 1348 3378 pertinet.

280 3409 386 3482 Itaque
421 3404 505 3462 aliter
532 3402 633 3461 Livius
671 3403 799 3478 scripsit3
831 3406 935 3482 opinor
968 3407 1057 3466 sciisse
1081 3409 1163 3466 olim:
1196 3407 1349 3465 obstitit

281 3529 394 3594 propo
416 3513 494 3573 tue
516 3507 756 3566 tendentibus
786 3511 822 3566 in
844 3521 975 3573 oestrs.

364 3615 438 3691 Cap.
464 3617 513 3686 ³8,
536 3615 553 3671 2
577 3631 642 3688 sqq.
685 3615 721 3672 In
742 3618 798 3674 hoc
821 3616 886 3674 looo
908 3619 1050 3693 primum,
1072 3629 1104 3676 ut
1125 3627 1222 3676 cetere
1242 3619 1347 3676 melius

282 3825 478 3835 -—-—--

301 3943 324 4010 ¹)
352 3947 393 3996 Do
412 3953 454 4007 ³2,
473 3953 489 3996 4
511 3950 802 4006 st37,1oreoteiem
830 3949 862 3998 eb
881 3951 938 4000 eliis
957 3949 1098 4000 iudicatum
1117 3959 1168 4010 οιις
1194 3951 1238 4000 cir.
1259 3961 1347 4002 tumen

352 4053 462 4103 prooem.
481 4055 505 4103 p.
528 4044 558 4089 16
578 4049 603 4089 et
620 4057 645 4105 p.
664 4047 707 4090 30.
