2826 4640
615 271 673 326 547
1011 267 1071 318 Lib.
1089 265 1176 316 xm

108 451 189 508 nullo
211 450 310 508 addito
333 448 383 527 (ne
404 451 483 508 eius
514 450 645 526 quidem)
675 457 754 509 reete
784 449 841 508 dici
867 467 955 525 posse
983 449 1177 522 crediderunt,

108 556 266 627 falluntur,
297 575 351 614 nec
379 556 477 626 video,
503 556 574 631 qnid
602 555 681 633 apud
710 553 867 631 Polybium
889 554 1039 627 (XXVII,
1062 554 1104 633 8),
1126 557 1176 633 qni

108 661 224 732 citetur,
245 662 312 720 buio
331 663 479 720 sententiae
488 662 592 720 auxilii
608 661 656 722 sit.
699 659 851 718 Librarius
873 678 961 736 quum
977 669 1045 737 post
1065 663 1176 720 moris

108 767 255 826 omisisset
275 768 446 839 Romani,
470 768 539 826 dum
550 768 700 826 retrahere
711 766 851 824 omissum
872 765 944 837 vult,
970 767 1048 841 quod
1070 767 1176 844 sepius

109 872 136 930 ei
158 873 277 944 accidit,
306 873 338 930 in
366 892 476 932 novum
496 873 597 932 incidit
625 891 756 930 errorem
777 869 865 928 aliam
887 889 989 929 vocem
1011 872 1175 932 inserendo.

193 977 267 1055 Cap.
291 981 340 1049 63,
376 983 391 1037 7
425 979 455 1036 in
488 978 682 1054 descriptione
714 975 845 1034 Haliarti
879 976 959 1034 urbis
988 995 1007 1034 a
1037 977 1175 1038 Lucretio

107 1093 233 1160 praetore
253 1085 388 1142 Romano
411 1091 587 1161 oppugnatae
617 1083 655 1140 de
681 1079 836 1157 oppidanis
863 1081 974 1140 nudata
1000 1099 1084 1140 muro
1105 1103 1175 1160 pro·

107 1197 174 1246 rute
195 1189 263 1248 loca
283 1191 430 1248 tuentibus
451 1189 513 1248 hoec
534 1187 713 1246 scribuntur:
735 1184 853 1262 Super
873 1196 1035 1245 stratum
1055 1189 1175 1248 ruinis

108 1293 226 1352 iocum
249 1294 420 1354 faecibus
450 1295 568 1354 aridis
599 1301 868 1351 sarmentorum
889 1292 1055 1366 iniectis,
1077 1303 1174 1354 etan·

106 1409 162 1457 tes
184 1418 263 1458 enm
286 1401 505 1459 ardentibus
526 1399 673 1458 fecibus
701 1415 925 1455 accensuros
957 1416 997 1455 es
1020 1416 1174 1476 senape

107 1505 364 1578 minabantur,
385 1522 437 1578 ut,
458 1504 632 1565 incendio
654 1502 853 1577 intersepti
875 1503 918 1560 ab
940 1503 1063 1575 boete,
1094 1522 1174 1581 spa·

104 1609 196 1667 tium
219 1612 263 1668 ad
285 1612 540 1671 obiiciendum
571 1609 788 1667 interiorem
817 1625 952 1665 murum
984 1608 1173 1669 haberent.

105 1714 182 1773 Mire
203 1716 233 1774 iu
254 1717 306 1774 tali
327 1735 359 1774 re
373 1715 537 1792 frequentis
552 1716 696 1774 minarum
719 1715 838 1789 (saepe)
863 1713 1028 1772 adnotetur.
1069 1711 1173 1772 Codex

104 1821 209 1879 babet:
231 1841 311 1880 eam
332 1839 371 1880 se
392 1840 485 1898 serpe
506 1821 754 1880 misebuntur.
808 1819 878 1877 Non
908 1817 1086 1876 detrahenda
1109 1829 1174 1878 erat

104 1925 135 1984 in
159 1947 234 1986 eam
253 1927 350 1986 littera
373 1949 415 2000 m,
437 1927 540 1986 sedin
561 1945 656 2003 saepe
679 1925 872 2000 exsequenti
894 1921 1002 2002 (min.)
1024 1924 1173 1985 addenda:

105 2050 333 2092 accensuros
373 2051 448 2092 eam
493 2051 530 2090 se
565 2049 696 2108 saepem
731 2035 762 2102 (e
798 2039 1012 2089 sarmentorum
1043 2029 1173 2090 faecibus

103 2137 228 2212 factem)
253 2133 533 2206 minabantur.¹)

189 2241 263 2320 Cap.
294 2247 342 2302 64.
396 2243 543 2318 Quoniam
571 2241 657 2319 gravi
685 2241 817 2311 vulneri,
848 2239 928 2316 quod
950 2241 980 2298 in
1007 2245 1023 2312 §
1046 2245 1063 2300 4
1086 2242 1172 2300 huius

101 2348 208 2422 capitis
228 2348 343 2422 insidet,
366 2351 473 2408 mederi
486 2366 609 2424 nequeo,
632 2347 690 2405 duo
704 2347 818 2404 leviora
832 2345 943 2406 tollam.
991 2347 1070 2404 Nam
1093 2348 1173 2422 quod

104 2454 147 2526 (in
177 2455 278 2512 eedem
308 2454 508 2529 paragrapho)
538 2454 580 2512 sie
608 2453 715 2511 editur:
748 2451 1017 2526 Nequicquam3
1047 2452 1173 2528 primoe

102 2560 291 2618 stationes
313 2575 507 2634 oppressae
530 2559 688 2617 tumultu
710 2578 751 2617 eo
772 2567 916 2614 terrore
943 2573 1007 2613 suo
1029 2565 1173 2615 ceteros

104 2665 380 2734 excitaverunt,
412 2683 471 2722 non
499 2673 544 2721 est
573 2665 687 2722 Latinae
715 2673 744 2722 et
764 2679 860 2739 prosse
882 2661 1021 2720 orationis
1049 2661 1100 2720 ille
1121 2681 1173 2720 ex-

102 2771 258 2842 clamatio,
280 2769 332 2828 eed
352 2770 445 2828 verbe
466 2769 508 2828 sic
529 2769 748 2846 distinguenda:
769 2767 1025 2843 Nequiequam
1047 2765 1173 2842 primae

103 2875 293 2934 stationes
316 2892 500 2951 oppressor
520 2875 681 2934 tumultu
706 2894 746 2934 ec
764 2889 910 2933 terrore
936 2889 1003 2930 nuo
1027 2881 1173 2930 ceteros

104 2981 382 3052 excitaverunt,
404 2991 437 3038 ut
457 2982 698 3056 nequicquam
719 2989 832 3037 tantum
847 2977 886 3036 ad
899 2977 1085 3054 participium
1106 2997 1174 3056 per·

104 3087 206 3144 tinent.
250 3085 399 3158 Deinde§
435 3091 451 3145 7
486 3105 577 3163 quum
606 3087 637 3144 in
667 3085 768 3144 codice
789 3083 840 3142 sit:
871 3083 915 3141 ad
941 3081 1173 3144 Crannonem

103 3193 287 3250 intactum
320 3209 444 3268 agrum
473 3203 602 3252 caetra
633 3189 870 3250 moventibus
891 3189 958 3260 ibi,
988 3190 1172 3250 scribendum

103 3306 164 3356 est:
197 3296 448 3368 odornense,
479 3299 656 3357 intactum
690 3314 832 3372 agrum,
862 3304 987 3353 castra
1014 3303 1174 3366 movent,

103 3403 199 3461 vitato
229 3421 288 3462 uon
317 3405 394 3462 bono
417 3404 574 3463 verbomm
603 3403 704 3463 ordine
727 3399 965 3474 (Oranonium
996 3399 1173 3459 intactum

102 3506 255 3587 agrum).

127 3777 152 3846 ¹)
180 3784 301 3846 §enon
328 3785 478 3834 mutandum
498 3794 552 3835 erm
570 3783 677 3832 verbum
704 3787 801 3830 rectum
826 3790 852 3828 et
869 3779 1041 3830 neceesarium
1062 3778 1173 3831 inerat

179 3875 347 3938 (quodque
373 3877 462 3926 inter
488 3891 541 3926 eae
567 3875 649 3925 muri
675 3871 814 3934 iuerat),
837 3873 883 3923 sed
900 3873 1080 3938 supplendum,
1102 3876 1172 3938 quod

178 3975 284 4032 propter
303 3967 496 4018 similitudinem
515 3967 625 4018 excidit:
657 3965 807 4030 qnodque
833 3965 920 4015 inter
937 3979 991 4016 eas
1008 3967 1091 4016 muri
1108 3965 1176 4016 ine·

178 4067 244 4118 rut,
264 4067 443 4111 corruerat

923 4145 971 4198 db'
