2800 4646
240 267 297 318 Lib.
307 266 463 318 xxxvm.
746 271 806 328 436

240 452 296 510 illis
317 452 472 528 triumphis
493 449 588 508 min'or
608 450 664 510 fuit
676 453 839 520 'numerus,
858 461 956 508 maren
977 467 1161 525 nequaquam
1188 449 1239 507 illa
1259 469 1314 507 ra-

239 559 318 617 tione
340 575 460 617 summa
493 555 637 614 differunt.
696 556 801 614 Milia
824 557 910 616 abest
929 555 959 614 in
981 555 1007 612 B
1030 555 1202 632 duobusque
1229 557 1309 614 Dra·

242 665 412 724 honborchii
428 663 585 722 codicibus,
639 663 745 737 Itaque
767 671 910 720 centum
933 663 1184 738 quadraginta
1202 663 1310 738 singuli
1397 705 1398 744 3

240 783 306 829 sunt
327 770 494 846 Philippei,
532 769 642 828 milium
660 785 796 826 numerus
817 770 937 838 excidit,
965 770 1178 845 scripseratque
1205 769 1309 828 Livius
1397 765 1398 780 *

239 877 278 933 ed
297 877 373 936 hanc
394 874 535 932 sormam:
573 893 734 933 nummos
756 876 1117 951 aureosPhilippeos
1140 872 1168 952 [a
1190 874 1309 953 milia]

245 989 385 1040 centum
420 981 703 1058 quinquaginta.
775 981 824 1040 Sic
855 983 930 1040 enim
966 991 994 1039 et
1016 980 1243 1056 Philippeos
1279 992 1310 1038 et

242 1086 531 1162 Philippeorum
564 1088 634 1164 poni
669 1096 774 1163 potest.
838 1089 979 1146 Extremo
1010 1088 1105 1164 eapite
1140 1087 1168 1160 (ξ
1201 1090 1237 1144 6:
1274 1097 1310 1145 et

242 1193 467 1270 stipendium
516 1193 679 1251 militare
714 1203 748 1250 et
782 1193 999 1254 frumentum
1045 1193 1179 1269 duplex
1223 1205 1310 1269 post

247 1299 470 1374 triumphum
505 1300 643 1370 datum3
676 1299 820 1376 proelio
858 1300 891 1356 in
913 1297 1004 1356 Asia
1036 1297 1136 1354 fecto
1167 1297 1308 1373 duplex

243 1403 409 1480 dederat]
437 1404 530 1462 altero
561 1415 627 1462 utro
656 1405 719 1464 loco
752 1405 890 1482 duplex
923 1403 1093 1461 mendosum
1128 1421 1191 1460 esse
1227 1403 1309 1460 ride·

240 1520 288 1568 tur
321 1510 568 1585 scribendumque
606 1510 767 1586 triplex;
810 1510 875 1586 ipsa
919 1510 994 1568 enim
1033 1509 1173 1567 orationis
1210 1508 1308 1566 forma

240 1616 375 1686 ostendit,
396 1635 455 1674 non
479 1616 556 1674 idem
578 1616 624 1674 bis
639 1616 737 1674 datam
754 1633 831 1686 esse;
853 1617 974 1674 dixisset
988 1618 1062 1674 enim
1075 1615 1191 1673 Livius:
1213 1615 1308 1672 idem

237 1721 384 1796 proelio
406 1722 425 1778 i.
450 1725 489 1782 A.
517 1721 537 1780 f.
563 1723 716 1780 dederat
735 1721 910 1781 similiterve.

617 1956 694 2030 Lib.
717 1957 939 2033 XXXVIII.

321 2141 394 2219 cap.
439 2149 474 2214 l,
509 2151 526 2202 ⁴l
564 2157 593 2202 ct
630 2150 646 2202 5
685 2147 735 2216 (de
759 2148 943 2223 Amynandri
965 2147 1091 2204 consiliis
1115 2146 1307 2221 recuperandi

237 2250 425 2308 Athamaniae
447 2251 555 2327 regni):
573 2253 803 2328 Remissique
824 2255 940 2312 nuntii
963 2255 1005 2311 ab
1028 2252 1307 2327 eo(Amynandro)

236 2357 280 2414 ad
302 2356 494 2432 principes
516 2357 736 2433 Argitheam
759 2360 808 2436 (id
829 2360 920 2418 enim
944 2373 1051 2434 caput
1069 2357 1308 2416 Athamaniae

238 2461 349 2539 orat),
385 2463 417 2520 si
446 2463 679 2538 popularium
716 2464 855 2522 animos
884 2466 979 2524 satis
1002 2470 1219 2541 perspectos
1241 2463 1306 2520 ha·

133 2642 137 2648 Ι
244 2569 357 2640 beret,
378 2569 582 2644 impetrato
606 2571 648 2626 ah
668 2571 803 2628 AEtolis
826 2571 976 2641 auxilio,
998 2572 1032 2629 in
1045 2569 1306 2628 Athamaniam

235 2693 277 2732 ee
298 2683 497 2732 venturum
527 2691 603 2732 cum
633 2674 787 2733 delectis
810 2678 1041 2746 Aetolorum,
1068 2674 1163 2751 quod
1187 2674 1306 2732 conci·

237 2781 326 2838 lium
350 2789 449 2838 esset
469 2780 1034 2858 gantis,etNicandropraetore.
1066 2781 1162 2856 Quos
1184 2780 1304 2838 ubiad

237 2885 360 2943 omnia
377 2895 528 2960 paratos
543 2905 623 2944 esse
636 2887 741 2959 vidit,
756 2888 1105 2946 certioressnbinde
1119 2887 1303 2961 facitquo

239 2991 1193 3070 diacumexercituAthamaniamingressurusesset.
1225 2993 1304 3050 Mire

236 3096 403 3156 nouaclum
427 3116 492 3154 cum
516 3099 644 3156 exercitu
654 3118 686 3156 se
696 3109 849 3158 venturum
865 3100 1057 3177 Amynander
1077 3097 1227 3176 promittit,
1249 3097 1302 3154 sed

235 3221 301 3262 cum
313 3213 375 3261 toto
385 3203 553 3262 AEtolorum
579 3205 710 3274 concilio,
733 3205 811 3280 quod
834 3206 902 3264 alibi
924 3224 1066 3280 nusquam
1088 3222 1209 3280 peregre
1231 3223 1303 3280 pro-

232 3309 343 3370 fectum
366 3310 432 3386 legi,
458 3319 487 3367 et
509 3329 573 3368 cum
596 3329 710 3368 summo
733 3312 914 3387 magistratu,
929 3321 958 3370 et
978 3313 1033 3370 hoc
1054 3310 1301 3387 promittit,non·

234 3417 303 3475 dum
325 3416 436 3474 AEtolis
459 3416 600 3490 (delectis)
623 3417 770 3475 consultis.
824 3419 902 3477 Nam
918 3426 1023 3494 postea
1044 3417 1158 3476 demum
1181 3437 1232 3474 eos
1254 3419 1299 3474 ad

231 3523 355 3580 omnia
375 3531 530 3598 paratos
553 3523 646 3594 videt,
669 3524 747 3598 quod
768 3525 863 3600 ipsum
885 3527 982 3601 inepte
993 3523 1151 3593 subiicitur,
1173 3541 1232 3580 non
1253 3523 1298 3582 in·

231 3627 338 3698 dicato,
360 3629 585 3705 Amynandrum
607 3649 672 3688 cum
694 3630 730 3688 iis
752 3631 854 3707 egisse,
876 3631 929 3688 etsi
953 3631 1017 3707 ipsa
1039 3627 1178 3687 orationis
1200 3627 1299 3685 ior-ma
1372 3700 1383 3720 ⁶

229 3735 348 3809 (Quos
366 3734 426 3792 ubi
454 3781 481 3797 ..
511 3735 621 3812 vidit)
650 3746 750 3812 aperte
777 3735 939 3813 significare
960 3736 1089 3806 videtur,
1112 3734 1219 3810 aliquid
1242 3737 1296 3792 hu·

229 3839 355 3898 iusmodi
375 3841 565 3916 praecessisse.
628 3841 711 3900 Infra
744 3845 771 3916 (ξ
795 3845 826 3914 9)
859 3842 1049 3918 Amynander
1085 3860 1160 3899 cum
1192 3827 1295 3899 milla

228 3947 368 4010 AEtolis
388 3947 513 4015 (auxilio
535 3948 702 4023 impetrato)
725 3949 753 4006 in
776 3949 985 4008 Athamaniam
1008 3947 1120 4006 venisse
1142 3959 1294 4018 narratur,

227 4049 404 4107 delectorum
428 4052 659 4127 (apocletorum)
694 4054 808 4112 concilii
829 4055 999 4130 praetorisve
1020 4055 1100 4112 nulla
1122 4055 1229 4123 mentio
1252 4055 1293 4114 lit.
