2822 4648
588 280 599 334 l
612 281 645 336 15
1000 277 1058 326 Lib.
1077 277 1112 330 V.

74 475 183 516 contra
216 469 269 516 est.
341 461 447 534 ltaque
478 460 548 535 ipsi,
599 462 649 536 qui
685 459 840 518 defendere
875 471 1025 531 conantur,
1064 461 1150 519 simul

78 565 139 622 alia
157 565 273 622 ratione
295 565 390 623 locum
417 566 547 641 expediri
567 585 653 642 posse
677 566 849 641 significant,
871 575 903 621 ut
923 584 1062 640 pavore
1084 585 1148 624 curn

77 671 302 728 incidentem
324 671 445 746 portis
467 673 668 746 coniungatur.
727 671 785 730 Sed
808 681 839 727 ut
866 671 998 728 omittam
1021 665 1150 729 vitiosis·

77 777 184 832 simam
201 776 428 851 copulationem,
451 795 510 850 qua
530 795 669 851 pavore
692 786 832 850 tanquam
848 776 961 832 tertium
985 776 1152 851 adiungitur

78 881 196 938 duobus
211 881 271 938 his:
293 879 381 956 luga
401 882 600 957 trepidum,
623 881 765 957 plenum
788 881 973 938 vulnerum
992 882 1072 954 (nam
1090 883 1151 938 haec

80 1005 201 1061 quoque
235 987 273 1043 ad
306 986 530 1044 incidentem
561 987 681 1062 portis
713 983 878 1061 pertinent),
912 987 1016 1043 dicitur
1046 988 1151 1044 Latine

81 1109 212 1166 magno
234 1109 371 1166 pavore
401 1092 566 1149 incidere
587 1093 706 1166 portis
739 1091 788 1166 (de
809 1091 896 1148 modo
919 1103 948 1149 ct
969 1091 1065 1150 forma
1086 1095 1151 1166 rei),

80 1215 222 1271 pavore
241 1197 405 1254 incidere
427 1198 546 1272 portis
567 1197 638 1254 nihil
660 1207 712 1256 ast.
756 1196 797 1253 Ni
818 1195 914 1266 fallor,
936 1198 1037 1254 Livius
1061 1199 1151 1274 scrip·

80 1313 176 1358 serat:
207 1301 295 1376 fuga
317 1303 511 1378 trepidum,
542 1303 686 1378 plenum
708 1301 896 1358 vulnerum
918 1321 1152 1378 compavere

81 1408 308 1465 incidentem
337 1407 466 1480 portis.

170 1511 243 1587 Cap.
271 1513 321 1575 12,
345 1517 376 1568 5:
422 1515 451 1570 Α
473 1513 513 1571 Μ.
535 1513 648 1570 Furio
677 1515 714 1569 in
739 1512 898 1568 Faliscis
925 1522 959 1568 et
980 1511 1039 1572 Cn.
1063 1513 1153 1571 Cor·

82 1617 183 1674 nelio
216 1617 249 1673 in
271 1615 458 1692 Capenate
489 1637 577 1693 agro
601 1620 727 1675 hostes
757 1617 852 1674 nulli
881 1626 988 1674 extra
1011 1619 1154 1676 moenia

81 1723 242 1792 inventi;
278 1723 404 1797 praedae
427 1733 517 1780 actae
538 1723 793 1796 incendiisque
817 1723 989 1780 villarum
1013 1742 1053 1780 ac
1075 1723 1154 1781 fru-

82 1848 166 1903 gum
188 1827 328 1884 vastati
356 1825 467 1898 fines3
505 1828 640 1904 oppida
672 1838 885 1904 oppugnata
907 1847 971 1886 nec
999 1831 1154 1886 obsessa

83 1943 177 1990 sunt.
222 1932 318 1989 Valde
341 1953 453 2004 vereor,
475 1927 679 1992 deturbatum
703 1934 812 2008 aliquid
834 1935 881 1991 hio
902 1935 949 1992 sit.
1001 1935 1080 1992 Nam
1102 1954 1155 1992 ne·

84 2057 144 2112 que
165 2038 195 2094 in
218 2037 391 2097 affirmando
414 2060 432 2098 ο
439 2041 553 2116 ppido
573 2038 615 2095 sic
633 2038 767 2095 universe
790 2039 892 2096 Livius
913 2038 1042 2096 dicturus
1066 2039 1156 2096 finisse

84 2144 216 2212 videtur,
248 2143 300 2200 sed
322 2143 457 2218 oppida
479 2143 634 2217 aliquot,
669 2161 722 2200 nec
755 2144 914 2200 emissurus
935 2145 1078 2203 infelicem
1100 2165 1156 2222 op-

81 2231 274 2324 pugnationis
292 2259 426 2306 eventum
446 2249 541 2324 (uec,¹
560 2267 663 2324 quum
685 2267 810 2323 parum
829 2253 1054 2325 oppugnatio
1076 2271 1156 2327 pro·

85 2355 283 2422 cessisset,
305 2363 356 2410 aut
377 2353 530 2426 similiter).
578 2352 822 2428 Contrariumque
845 2355 890 2411 his
911 2356 1075 2413 subiicitur:
1108 2359 1157 2415 At

86 2460 123 2516 in
148 2458 496 2516 Volscis-·Anxur
517 2459 757 2534 nequicquam
783 2470 1031 2535 oppugnatum
1053 2474 1157 2534 -et,

87 2575 283 2640 postquam
317 2561 372 2618 vis
399 2562 511 2618 irrita
540 2574 632 2633 erat,
666 2593 704 2603 —
729 2595 766 2604 —-
790 2565 958 2623 obsideri
979 2579 1155 2650 coeptum.

88 2671 196 2743 ltaque
220 2669 250 2726 in
282 2667 405 2725 Faliscis
433 2677 462 2723 et
491 2665 633 2742 Capenati
663 2668 727 2742 agri
755 2669 920 2726 vastatione
946 2673 1072 2729 contenti
1093 2674 1157 2730 Ro-

88 2773 170 2829 mani
191 2772 306 2848 oppidis
328 2771 502 2828 abstinuisse
513 2771 647 2829 videntur
660 2772 819 2848 Liviusque
836 2775 999 2850 scripsisse:
1022 2777 1159 2852 oppida

89 2897 159 2940 m
183 2885 396 2953 oppugnata
418 2895 482 2933 uec
504 2877 657 2934 obsessa
680 2888 778 2948 sunt,
803 2882 1047 2954 quemadmodum
1070 2884 1159 2954 c.24,

90 2987 108 3040 2
133 2983 169 3040 de
204 2981 327 3038 tribunis
358 2982 479 3038 militum
509 2994 611 3040 contra
641 2985 758 3041 eosdem
781 2983 913 3040 Faliscos
936 2985 1160 3062 Capenatesque

89 3089 198 3146 bellum
231 3089 396 3162 gerentibus
426 3087 537 3144 scribit:
579 3089 621 3144 ab
654 3089 702 3145 iis
732 3108 800 3145 non
829 3091 940 3146 urbes
971 3092 1004 3147 vi
1033 3093 1161 3169 (oppug-

88 3194 202 3264 nando)
236 3203 296 3248 aut
324 3191 499 3267 operibus
530 3191 715 3267 (obsidendo)
745 3204 944 3270 temptatas,
979 3197 1041 3252 sed
1074 3217 1162 3272 ager

90 3309 148 3356 est
172 3298 418 3372 depopulatus
440 3298 642 3371 praedasque
665 3331 703 3340 -
727 3309 824 3356 actae.
880 3299 954 3376 (cfr.
977 3302 1033 3370 IV,
1056 3304 1105 3373 21,
1129 3305 1162 3360 2:

92 3405 202 3460 urbes
224 3413 342 3460 tamen
365 3420 432 3458 non
456 3401 702 3477 oppugnatas.)

176 3507 251 3582 Cap.
283 3509 333 3576 13,
368 3507 411 3562 12.
468 3503 632 3580 Capenates
663 3518 692 3564 et
722 3507 845 3578 Falisci,
881 3527 969 3582 quum
1004 3513 1162 3572 exercitum

90 3617 275 3682 Romanum,
309 3612 358 3685 qui
380 3611 470 3669 Veios
494 3611 660 3682 obsidebat,
689 3612 821 3686 aggressi
843 3625 952 3684 essent,
980 3634 999 3671 a
1020 3617 1162 3675 Romanis

90 3719 200 3795 repulsi
216 3729 245 3774 et
261 3717 441 3774 vietierant:
463 3716 646 3790 Repulsos
669 3717 798 3774 deinde
820 3711 979 3776 insecuti
999 3721 1163 3780 victores

90 3826 275 3898 ingentem
300 3821 494 3878 ediderunt
515 3820 661 3890 caedem;
695 3839 760 3878 nec
783 3821 835 3878 ita
857 3824 967 3880 multo
989 3827 1163 3900 postiam

91 3930 264 4006 palantes
300 3926 416 3984 veluti
449 3925 546 3982 forte
573 3925 690 3982 oblati
720 3926 964 4001 populatores
1002 3927 1164 4005 Capena·

92 4036 142 4092 tis
168 4034 250 4108 agri
272 4031 450 4105 reliquias
472 4049 597 4104 pugnae
620 4031 864 4105 absumpsere.
913 4033 1078 4092 Haeserunt
1101 4037 1167 4094 Du·

930 4135 964 4186 84
