2800 4646
557 283 612 338 tot

53 473 130 532 tura,
152 469 267 520 natum:
292 479 429 536 anceps
449 479 573 538 pugna
594 472 682 520 erat.
725 463 808 521 Alibi
829 472 926 522 autem
947 465 977 522 in
998 467 1119 525 recenti-

53 568 109 624 bus
134 567 250 624 demum
273 566 421 625 codicibus
445 566 656 625 emendationis
678 578 800 626 conatus
822 581 959 644 apprret3
987 573 1118 631 velutin

55 673 130 730 libro
152 673 267 742 XXX,
292 673 347 744 tt,
383 675 417 744 9,
451 672 529 748 quod
550 673 580 730 in
604 675 630 732 P
657 674 809 744 scribitur,
843 676 958 733 sublata
975 685 1120 736 structura

55 779 198 836 orationis
219 788 249 835 ct
269 779 425 834 sententia:
460 797 524 835 nee
556 796 636 835 esse
673 777 761 851 fnit,
794 781 855 855 qui
885 779 1119 840 deisacrates

55 885 217 960 agendas
241 892 432 952 censeant,
453 883 484 941 id
507 883 537 942 iu
559 884 654 955 Med„
677 885 797 956 Bamb,
832 886 930 958 Voss,
963 887 1027 945 cod.
1056 889 1119 946 Me·

55 991 141 1049 nardi
165 990 243 1066 apud
265 985 466 1054 Gronovium,
502 989 575 1046 Lov.
614 994 646 1060 l,
683 991 827 1067 Lipsiensi
852 991 979 1066 (Alsch.)
1015 994 1121 1052 mansit

56 1095 255 1164 (Colbertinus
281 1093 329 1150 hic
355 1091 477 1148 collatus
498 1112 556 1151 nou
579 1097 711 1170 est),nisi
748 1096 827 1172 quod
848 1117 902 1173 pro
923 1097 1000 1155 deis
1022 1117 1120 1158 acra·

55 1211 108 1258 tes
135 1202 204 1275 (boc
226 1209 278 1266 cst,
301 1198 377 1254 deis
398 1201 536 1273 grates)
559 1201 620 1258 dei
656 1211 830 1260 sacratas
852 1213 903 1260 aut
926 1203 1031 1260 similia
1052 1205 1120 1262 sub·
1230 1241 1232 1254 .

54 1307 157 1363 stitrrta
178 1313 258 1374 sunt3
280 1303 331 1360 sed
356 1303 385 1360 in
407 1305 510 1362 ceteris
531 1307 740 1366 recentioribus
763 1308 910 1365 codicibus
930 1308 968 1374 (si
985 1309 1119 1367 Draken-

57 1411 167 1468 borchii
190 1419 219 1468 et
240 1410 270 1466 iu
292 1400 474 1467 Berolinensi
496 1411 674 1472 Alschefskii
698 1413 811 1471 silentio
835 1411 990 1488 credimus)
1021 1415 1120 1473 subla·

56 1530 114 1575 tum
152 1527 197 1574 est
218 1514 305 1584 fuit,
337 1525 418 1572 recta
448 1517 627 1589 coniectura3
666 1537 733 1576 nam
772 1537 861 1594 quum
894 1537 1044 1577 necesse
1066 1540 1120 1596 pro

55 1641 112 1680 una
134 1640 208 1680 voce
229 1631 379 1696 acceptum
402 1631 486 1690 esset,
509 1622 639 1681 additum
655 1624 920 1682 estinconsiderate
940 1624 1019 1696 fuit,
1042 1627 1121 1702 quod

54 1747 146 1802 genus
167 1726 398 1802 interpolationis
421 1728 562 1784 Puteanei
583 1731 756 1804 antiquitate
776 1749 836 1788 non
858 1731 988 1802 excludi,
1024 1743 1120 1790 osten-

55 1835 121 1890 dam
146 1831 233 1890 infra
282 1833 359 1890 Huic
381 1844 440 1889 tam
465 1842 550 1890 certae
572 1836 720 1893 sententie
741 1835 778 1892 de
799 1835 975 1911 reliquorum
988 1838 1119 1896 codicum

56 1941 245 1997 ePuteaneo
280 1950 330 1995 aut
362 1939 423 1996 eius
457 1939 581 2014 gemello
604 1940 715 2015 origine
738 1943 802 1999 dure
823 1960 870 1999 res
893 1961 1056 2019 repugnare
1077 1945 1121 2002 vi·

55 2045 116 2101 deri
138 2054 273 2120 possunt,
295 2044 346 2101 sed
360 2045 495 2101 videntur
516 2053 636 2106 tuntum.
680 2048 758 2104 Nam
781 2047 906 2122 primum
929 2048 958 2104 in
972 2051 999 2106 P
1020 2049 1121 2108 inex·

56 2159 148 2207 memo
170 2149 245 2206 libro
268 2149 413 2208 XXVIII
444 2159 472 2206 et
494 2151 575 2206 initio
596 2151 663 2208 libri
699 2153 812 2210 XXIX
835 2153 975 2212 eiusmodi
997 2167 1041 2212 est
1062 2164 1120 2215 tra·

54 2255 148 2326 lectio,
171 2266 212 2326 ut,
238 2275 302 2330 quae
324 2258 423 2314 decem
445 2257 588 2332 capitibus
610 2259 648 2315 ab
667 2257 821 2326 XXVIII,
836 2259 916 2326 37,9
939 2259 977 2316 ad
998 2261 1121 2330 XXIX,

56 2365 79 2430 t,
103 2365 142 2419 24
183 2361 366 2418 continentur
398 2363 638 2439 (conscriptis
672 2361 869 2436 missisque
898 2395 936 2406 -
960 2366 1002 2422 ab
1025 2368 1121 2426 omni

52 2467 240 2543 imperio),
264 2477 410 2542 praecepta
430 2468 652 2544 interponantur
673 2469 703 2525 in
726 2467 801 2525 libro
825 2467 986 2539 XXVIII,
1009 2471 1058 2540 22,
1085 2475 1120 2528 14

53 2573 140 2644 (inter
164 2573 340 2648 pertinax
359 2573 455 2630 crede
484 2583 513 2631 et
534 2574 731 2650 primorum
753 2572 1008 2648 insequentes)
1028 2575 1120 2651 iisque

52 2697 103 2735 suo
125 2679 194 2736 loco
217 2679 340 2748 omissis,
362 2679 406 2736 bis
429 2680 495 2738 libri
517 2680 676 2748 XXVIII,
701 2680 754 2747 37,
776 2679 793 2734 9
818 2677 930 2734 verbisz
964 2681 1119 2739 auxilia-

53 2783 142 2840 rium
177 2783 261 2839 inde
290 2785 426 2842 continuo
461 2786 650 2843 subiicientur
682 2784 744 2840 hae
778 2803 793 2840 e
824 2784 954 2855 XXIX,
998 2791 1027 2857 t,
1065 2791 1120 2847 24:

53 2899 208 2946 externo
230 2889 353 2948 soluta
371 2891 555 2966 reliquaque;
577 2891 662 2948 buius
685 2899 782 2947 autem
798 2891 1042 2964 transpositionis,
1053 2912 1117 2969 quae

55 3011 108 3050 non
131 2996 163 3052 in
186 2997 339 3053 Puteaneo
365 2997 430 3071 ipso
452 2996 530 3054 loliis
552 2997 665 3072 aliquot
685 2995 751 3054 loeo
773 2996 859 3053 motis
884 3005 949 3052 orta
970 3005 1014 3054 est
1036 3001 1120 3073 (quo-

54 3099 129 3158 niam
152 3119 224 3176 pars
256 3103 433 3178 transposita
468 3121 562 3178 neque
583 3105 622 3178 ab
644 3103 726 3160 initio
760 3101 821 3160 folii
853 3100 955 3176 incipit
976 3121 1069 3176 neque
1090 3103 1118 3160 in

55 3206 107 3262 fine
130 3207 196 3264 folii
218 3207 345 3280 desinit),
366 3208 416 3264 sed
440 3228 477 3265 ex
497 3208 632 3266 foliorum
656 3209 685 3266 in
707 3208 870 3283 antiquiore
895 3206 994 3264 codice
1016 3209 1119 3266 traiec-

56 3311 139 3382 tione,
163 3312 271 3370 nudam
294 3314 411 3371 omnino
433 3313 597 3389 superiores
619 3313 745 3372 editores
769 3312 979 3381 (Gebhardus,
1001 3313 1118 3371 Grono-

57 3417 125 3488 vius,
149 3418 421 3494 Drakenborchius)
446 3419 620 3476 mentionem
641 3419 786 3489 iecerunt,
809 3427 842 3475 ut
862 3419 891 3474 in
916 3418 1018 3474 ceteris
1040 3419 1119 3477 codi-

57 3523 133 3580 ‹ibus
157 3525 255 3581 omnia
285 3532 364 3581 recto
398 3525 498 3582 ordine
520 3525 628 3600 scripta
649 3541 712 3582 ease
733 3533 817 3600 putes
839 3541 931 3597 eaque
953 3523 1118 3599 discrepan-

56 3627 95 3684 tia
115 3630 188 3686 satis
221 3629 380 3700 declarari,
417 3648 467 3688 eos
502 3649 560 3688 non
583 3649 620 3688 cx
642 3633 792 3688 Puteaneo
815 3629 879 3705 ipso
902 3627 1042 3704 originem
1065 3629 1118 3686 du·

58 3751 126 3791 cere.
171 3735 231 3794 Sed
254 3737 355 3794 eadem
375 3735 551 3812 negligentia
574 3737 611 3793 ab
633 3736 684 3808 iis,
719 3735 768 3810 qui
790 3735 904 3792 codices
927 3735 1117 3806 contulerunt,

58 3849 105 3895 aut
125 3841 284 3898 editoribus
306 3843 335 3900 h.
358 3843 376 3898 l.
399 3843 536 3900 omissam
559 3860 631 3912 esse,
654 3860 742 3916 quum
764 3840 835 3897 nihil
869 3858 972 3915 reapse
997 3840 1118 3911 deesset,

58 3947 287 4023 transpositionis
329 3948 518 4018 mentionem,
557 3965 616 4022 qua
650 3965 739 4022 supra
778 3966 807 4022 p.
834 3949 872 4004 25
904 3957 963 4003 not.
1006 3947 1118 4004 ostendi

57 4049 179 4110 eiusdem
212 4053 337 4127 'generis
369 4053 609 4128 transpositiones
647 4054 678 4110 in
714 4053 814 4111 codice
850 4053 982 4110 Mediceo
1018 4053 1118 4128 primae
