2822 4648
250 277 308 326 Lib.
328 276 377 329 vl.
723 280 779 334 13ss

215 471 253 534 to,
275 469 303 519 et
325 469 438 528 certus,
461 477 550 532 quum
574 458 625 515 lux
647 458 738 516 dubie
758 476 822 516 esse
843 460 945 530 desiit,
967 460 1033 518 ideo
1054 461 1084 517 in
1106 460 1171 517 eliis
1191 461 1279 518 rebus

215 569 278 624 baec
300 565 444 624 adieetive
465 571 680 620 commutantur
700 573 752 622 out
774 563 939 639 promiscue
960 565 1102 624 dicuntur.

305 670 380 746 Cep.
404 671 502 739 36,8
534 667 583 743 (de
605 669 733 744 quinque
753 670 876 728 tribunis
898 671 1007 746 plebis,
1039 669 1099 745 qui,
1121 679 1279 744 apetium

217 777 348 852 pertibus
371 783 498 844 etentes,
539 773 652 848 legibus
682 769 802 832 Liciniis
830 772 1072 849 intercedebant):
1103 784 1141 832 ut
1167 773 1283 832 ferme

218 881 354 952 solent,
385 881 445 955 qui
481 899 500 936 e
529 879 605 936 suis
626 881 853 951 desciscunt,
891 879 991 954 cepti
1023 887 1058 936 et
1089 887 1283 954 stupentes

220 987 342 1056 enimi,
366 987 521 1042 vocibus
543 985 677 1042 olienis
699 985 735 1042 id
757 986 870 1054 modo,
892 986 989 1060 quod
1010 985 1105 1042 domi
1125 1001 1284 1060 praecep·

219 1101 290 1148 tum
311 1099 399 1161 eret,
421 1091 687 1148 intercessioni
708 1109 780 1149 sure
800 1091 1086 1168 praeteudebnut.
1129 1089 1187 1163 Qui
1207 1105 1284 1164 pm-

220 1205 305 1272 cepte
327 1197 364 1253 ab
387 1196 451 1253 eliis
473 1206 613 1272 tanquam
635 1197 745 1255 dictate
766 1195 932 1256 bresitentes
952 1195 1112 1271 proferunt,
1133 1213 1191 1252 non
1213 1193 1285 1250 elie-

220 1301 265 1358 nis
286 1301 406 1358 vocibus
427 1301 602 1376 loquuntur,
621 1303 673 1360 sed
696 1303 756 1360 suis
778 1301 916 1370 vocibus,
931 1301 1078 1358 sententiis
1096 1301 1206 1358 alienis.
1247 1299 1285 1356 In

221 1405 368 1463 codicibus
389 1407 493 1465 deinde
517 1407 590 1478 (MP
604 1407 725 1476 Kiock.)
739 1426 798 1464 non
818 1406 970 1464 vocibus
986 1405 1123 1464 olienis
1140 1403 1286 1474 scribitur,

221 1512 489 1570 sedv'ocelienis
515 1513 567 1586 (Li
596 1509 821 1582 vodelienis,
844 1512 880 1568 de
901 1511 1013 1571 Herbi
1033 1519 1158 1580 tecetnr3
1176 1509 1228 1567 sed
1248 1527 1288 1566 ne

222 1617 259 1674 de
291 1619 448 1693 archetypo
471 1619 635 1687 dubitetur,
673 1619 815 1676 accedunt
846 1619 933 1675 etism
966 1617 1140 1676 deteriorum
1169 1613 1288 1684 indicis,

223 1741 348 1780 vocum
371 1724 505 1782 olienis
527 1725 616 1781 Voss.
638 1724 738 1794 1,L2,
765 1725 840 1780 Lov.
858 1727 882 1792 l,
904 1741 1026 1780 vocent
1049 1719 1288 1779 olienisVoss.

225 1831 253 1898 2,
276 1831 349 1886 Lov.
376 1832 415 1904 3,
438 1829 474 1886 fr.
496 1831 622 1888 Hevern
644 1847 722 1886 men.
748 1829 785 1900 1).
835 1815 883 1886 Ne
904 1838 1054 1904 stupens
1085 1823 1193 1882 enimi
1223 1819 1291 1896 dui·

225 1932 290 1989 dem
312 1933 492 1992 dubitatione
515 1943 608 2004 curet3
631 1953 698 1992 nem
720 1953 814 2008 neque
836 1932 939 1992 Cicero
961 1951 1055 2007 neque
1073 1931 1173 1989 Livius
1194 1945 1294 2001 neque

226 2037 378 2111 quisquam
410 2049 478 2112 post
499 2041 625 2098 comicos
648 2049 676 2096 et
699 2039 864 2096 Lucretium
896 2039 985 2113 (opud
1008 2057 1094 2113 quem
1116 2044 1159 2092 est
1181 2024 1295 2090 enimi

225 2141 344 2216 fallit)
369 2143 526 2217 genitivum
550 2143 630 2200 illum
659 2144 791 2200 adiunxit
811 2143 866 2200 nisi
887 2143 922 2200 iis
944 2143 1057 2210 verbis,
1090 2159 1154 2216 quoe
1174 2137 1295 2195 dubite-

227 2247 334 2304 tionem
368 2257 396 2304 et
426 2247 646 2305 sollicitudinem
669 2248 841 2324 significent.
895 2247 1034 2304 Mendum
1067 2247 1155 2321 igitur
1185 2243 1299 2313 subest,

228 2349 306 2425 quod
330 2351 372 2408 sic
393 2351 463 2409 mihi
485 2351 642 2410 tollendum
666 2354 788 2422 videtur,
809 2361 842 2410 ut
862 2353 1021 2410 scribetur:
1045 2350 1145 2425 cepti
1167 2357 1201 2406 et
1222 2357 1299 2406 stu·

229 2466 377 2531 pentes,
403 2459 535 2520 cultis
565 2475 694 2522 stote
717 2459 870 2527 olienis,
909 2458 944 2514 id
973 2457 1076 2514 modo
1099 2465 1154 2515 etc.
1208 2455 1299 2529 ipsos

229 2561 341 2618 animos
364 2581 382 2618 ιι
404 2563 510 2632 verbis,
533 2581 597 2636 quse
619 2573 765 2638 precepta
786 2563 866 2620 domi
887 2571 979 2632 erent,
1002 2559 1171 2618 dissensisse
1193 2557 1300 2616 Livius

229 2661 408 2740 significat.¹)

314 2767 388 2845 Cep.
412 2776 460 2842 40,
473 2773 506 2828 tt
523 2775 597 2830 etld
621 2773 663 2846 (in
686 2772 818 2828 oratione
837 2773 917 2847 App.
934 2769 1050 2829 Claudii
1071 2767 1171 2826 Croesi
1192 2773 1301 2822 contre

230 2873 360 2931 tribunos
383 2884 412 2930 et
432 2879 600 2954 rogationes
624 2877 762 2948 Licinias)
785 2895 946 2952 pronomen
969 2875 1073 2943 illud,
1095 2879 1127 2929 ut
1143 2887 1301 2927 nuucore-

250 3216 274 3283 ¹)
299 3218 360 3285 Cep.
380 3224 426 3279 ³7,
447 3225 476 3278 6,
508 3220 551 3268 ubi
571 3221 671 3269 codices
690 3219 797 3267 hebent:
828 3217 884 3280 qui
911 3215 1089 3262 crederent
1118 3209 1301 3265 duobusne,

301 3314 384 3362 editur
402 3319 486 3362 eutem
506 3327 521 3359 n
539 3311 724 3360 recentioribus
742 3308 889 3370 (Baitero,
908 3305 1074 3369 Kreyssigio,
1092 3301 1199 3359 Weiss,
1218 3299 1301 3348 Hert·

300 3405 367 3468 rioJ:
393 3406 446 3468 qui
469 3405 659 3464 crederent,
696 3400 823 3449 duobus
848 3413 945 3456 nuno,
970 3395 1131 3446 scribendum
1161 3399 1217 3442 eret
1239 3405 1303 3441 oum

305 3496 438 3546 Douittim
457 3493 536 3559 butt
556 3494 752 3544 crederent?
770 3493 939 3541 duobusne
955 3515 986 3525 -
1002 3485 1304 3551 impertituros-t

301 3588 364 3650 (boc
395 3594 446 3636 ert:
483 3587 552 3648 Quid
580 3587 701 3636 creditis?
739 3585 873 3634 duobusne
901 3610 932 3618 —
958 3578 1161 3644 impertiturosi)
1208 3575 1303 3640 Neque

304 3686 370 3732 enim
391 3683 525 3747 quisquam
545 3682 570 3729 in
589 3679 734 3730 huiusmodi
755 3674 955 3738 interrogatione
974 3679 1000 3721 et
1012 3671 1046 3720 rei
1066 3669 1225 3720 incredibilis
1245 3669 1304 3732 sig-

304 3776 448 3824 nificatione
468 3774 521 3836 qui
541 3773 676 3829 edvcrbio,
701 3769 770 3834 quod
789 3769 892 3816 modum
912 3765 1045 3828 significet,
1076 3777 1136 3812 usus
1155 3769 1195 3810 est
1226 3757 1304 3824 (Qui

304 3868 449 3926 creditis,
470 3865 599 3914 duobus
618 3877 702 3912 nuno
722 3865 774 3922 -).
810 3859 920 3910 Duobus
945 3858 1028 3906 modis
1047 3855 1150 3914 dicitur,
1172 3861 1229 3901 eut:
1249 3853 1304 3902 Διι

304 3959 457 4016 creditis,
477 3958 604 4006 duobus
622 3958 653 4004 in
672 3955 760 4004 locis
785 3954 823 4019 (ut
844 3952 999 4012 adiungetur
1018 3947 1183 4008 interrogetio
1202 3947 1305 4008 superi-

304 4051 405 4106 oribus)
424 4059 479 4098 eut:
498 4049 584 4108 Quid
603 4046 756 4098 creditis?
775 4045 950 4093 duobusne
968 4041 1001 4090 iu
1019 4039 1105 4090 locis
1124 4044 1172 4086 oet.
1186 4062 1230 4085 -.
