2810 4644
282 277 339 332 11st-
349 277 447 330 mv.
753 281 813 340 280

248 465 342 524 miuus
377 481 513 542 perverse
544 481 656 522 naves
687 465 748 522 LV
770 461 1147 540 Carthaginiensium
1174 465 1316 522 elassis

249 569 400 646 (quonism
429 587 487 628 nou
511 569 690 646 significatur
716 587 787 646 pare
809 570 910 628 classis
931 571 1074 628 universa
1095 579 1163 628 sule
1181 589 1316 627 mnume-

249 679 380 748 morata)
414 694 469 752 pro
491 675 613 734 classe
647 677 711 735 LV
732 677 877 734 nuvium
899 675 1042 736 dicmur.
1085 677 1190 752 Itaque
1209 677 1239 733 in
1264 695 1316 732 re·

250 781 421 842 cautissimis
445 782 594 840 codicibus
618 782 821 858 interpolando
843 781 968 840 iactum
1000 802 1026 842 o.
1048 783 1142 841 Bom.
1174 782 1316 840 elsaaia

249 887 432 966 prefecto.
480 887 655 966 Simpliciter
678 887 837 947 tollendum
860 899 924 946 erat
945 889 1079 947 classis
1107 907 1225 958 nomeu,
1251 889 1316 946 buc

250 1013 286 1054 ex
310 995 445 1072 proximo
469 1013 572 1066 remu,
594 995 644 1053 ubi
665 1003 743 1054 recto
765 995 890 1072 ponitur,
912 995 1033 1054 illaturus.

334 1099 406 1178 Cap.
430 1101 479 1172 ³9,
502 1103 520 1158 9
543 1101 699 1168 (demotis
721 1101 918 1159 Hennensium
952 1103 1030 1160 cardo
1052 1101 1214 1162 Siculorum
1244 1099 1316 1156 aui·

251 1205 334 1280 mis):
356 1207 401 1264 Et
422 1207 507 1282 quia
528 1207 622 1265 casde
642 1205 795 1264 infanda
822 1208 1001 1266 rebantur
1028 1225 1096 1264 uon
1125 1206 1314 1264 homiuum

252 1323 408 1384 tantum,
440 1313 504 1372 sed
540 1314 650 1371 etiem
679 1313 828 1370 deorum
860 1313 979 1372 sedem
1000 1314 1177 1372 violatam
1208 1329 1315 1382 esse,

252 1429 448 1492 sumsero,
482 1419 542 1495 qui
575 1419 683 1476 stiam
715 1419 921 1478 ante'dubii
950 1419 1111 1488 inerant,
1141 1418 1315 1476 deiecere

252 1525 294 1582 ed
317 1527 470 1584 Poenos.
514 1527 582 1584 Non
604 1526 714 1597 solum,
746 1525 795 1600 qui
827 1525 886 1582 iam
912 1525 967 1588 taio
988 1525 1044 1584 dici
1068 1527 1229 1602 oportebat
1248 1543 1314 1582 non

252 1633 371 1702 etiam)
399 1642 467 1692 ante
488 1632 568 1692 dubii
589 1631 718 1704 fuerant,
751 1631 933 1702 deiecerunt,
965 1631 1016 1688 sed
1037 1643 1142 1708 pretor
1162 1651 1226 1700 eos,
1259 1633 1313 1707 qni

252 1739 310 1796 iam
332 1739 548 1797 destinaverant
569 1739 707 1808 deiicere,
741 1738 828 1796 etiam
851 1739 887 1808 ii,
918 1738 967 1812 qui
990 1749 1076 1796 antea
1097 1740 1312 1808 dubitaverant,

252 1855 347 1904 utrum
380 1847 497 1904 Poenos
521 1847 710 1904 Romanusne
738 1854 935 1920 aequarentur.
988 1845 1176 1904 scribendum
1211 1845 1312 1921 igitur,

252 1951 476 2028 transpositione
505 1949 597 2008 iacta:
631 1959 703 2008 turn
739 1969 824 2008 vero
862 1951 970 2008 etiam
1005 1952 1068 2026 qui
1099 1963 1182 2009 ante
1209 1953 1314 2010 dubii

252 2057 416 2128 fuerant,
445 2065 499 2117 cet.
547 2057 595 2115 De
616 2057 806 2116 correctionis
827 2075 932 2132 genere
953 2057 1015 2114 dixi
1044 2057 1082 2114 ad
1103 2059 1209 2130 xxn,
1226 2059 1254 2124 2,
1280 2062 1313 2126 ὃς

253 2163 354 2221 eodem
376 2173 454 2222 recte
481 2183 565 2222 usum
587 2163 735 2223 Ruellium
758 2163 819 2221 dixi
840 2163 870 2220 in
892 2163 976 2220 huius
998 2163 1064 2220 libri
1085 2182 1108 2222 c..
1132 2165 1189 2234 28,
1211 2166 1244 2233 9,
1266 2164 1312 2222 usi

254 2269 303 2328 alii
324 2281 401 2330 recte
423 2281 489 2328 sunt
510 2289 535 2328 c.
560 2273 616 2340 47,
651 2275 667 2326 5
702 2259 818 2345 (qu'am
849 2271 1045 2328 obnexum
1069 2272 1312 2328 Romanorum

253 2385 314 2434 aut
335 2377 428 2453 quod
451 2377 613 2436 moritum
637 2377 919 2451 Poenorumpro:
943 2376 1038 2450 quod
1059 2384 1121 2432 aut
1144 2375 1312 2432 meritum

255 2483 301 2554 Ρ.,
324 2485 402 2560 quod
424 2483 532 2543 nullam
554 2481 772 2540 excusationem
795 2477 951 2557 recipit).¹)

274 2809 296 2876 ι)
324 2813 354 2862 ln
373 2815 463 2878 capitis
482 2821 514 2866 ³9
535 2817 607 2866 initio
626 2819 654 2876 (fl
676 2816 703 2876 l)
722 2830 774 2864 non
798 2831 901 2880 possum
921 2831 972 2866 non
993 2816 1087 2870 mirari.
1106 2829 1152 2879 pro
1172 2814 1313 2864 certissima

325 2905 447 2958 Gronorii
478 2917 504 2958 et
529 2909 637 2958 aliorum
668 2909 867 2966 emendatione,
892 2909 1118 2968 Drakenborchim
1150 2906 1313 2972 smisso,

325 2997 443 3048 Bekkoro
465 3001 580 3065 probata,
599 3016 650 3065 que
669 3015 701 3049 ex
720 3000 759 3050 his
780 3001 875 3050 codicis
895 3002 916 3050 P
934 3003 1062 3066 vestigiis:
1082 3001 1150 3050 ulia
1167 2999 1243 3048 ullis
1262 2999 1312 3048 lo-

327 3159 389 3210 ciis
420 3163 459 3210 ad
491 3163 688 3226 opsidendis
725 3095 813 3213 lilii
837 3163 1106 3229 claudendosque
1143 3159 1314 3227 opponitis

864 3271 900 3305 ea

325 3325 449 3384 exitus,
477 3341 552 3390 pars
571 3328 715 3376 maxima
734 3341 832 3390 sopor
850 3336 992 3376 tersrum
1011 3327 1164 3391 circaque
1183 3361 1212 3376 ..
1231 3338 1313 3374 cou-

326 3417 454 3467 sistunt
479 3417 610 3468 lenissime
628 3417 750 3470 efficitur:
776 3418 833 3468 alii
861 3419 938 3469 aliie
960 3419 1044 3468 locis
1069 3418 1109 3468 ad
1134 3415 1316 3480 opsideuda

327 3509 449 3560 itinera
467 3511 740 3576 claudendosque
759 3512 908 3578 oppositi
929 3523 1053 3572 exitus5
1077 3523 1151 3574 pars
1177 3507 1315 3556 maxims

326 3615 425 3665 super
443 3603 608 3652 theatrum
629 3641 634 3652 .
655 3639 662 3652 .
683 3605 890 3662 consistunt,
910 3619 956 3667 pro
975 3617 1013 3662 ea,
1032 3604 1143 3667 inquam.
1162 3615 1241 3665 nuper
1258 3600 1313 3652 hsce

326 3707 380 3743 esse
398 3695 545 3746 substituta:
565 3697 632 3746 alia
651 3695 731 3745 aliia
749 3695 835 3744 locis
853 3696 893 3744 ad
911 3695 979 3745 oba.
994 3695 1026 3744 it.
1040 3695 1314 3755 claudendosque

327 3789 503 3852 opponitur
521 3789 646 3848 exitus,
667 3803 744 3852 pars
768 3789 910 3838 maxima
928 3797 1004 3846 cet..
1026 3794 1054 3837 ut
1071 3801 1104 3838 ex
1120 3803 1195 3852 pars
1213 3789 1314 3836 msxi-

327 3894 374 3928 ma
391 3879 456 3929 miro
480 3881 585 3930 artificio
609 3881 682 3930 initio
708 3883 839 3932 sententia
857 3882 889 3930 ad
908 3881 976 3930 alia
994 3882 1112 3931 audiatur
1130 3895 1204 3946 pars
1222 3888 1247 3929 et
1266 3895 1312 3944 pro

327 3987 367 4034 eo,
386 3973 456 4036 quod
473 3987 637 4024 noveramus:
656 3975 715 4024 slii
733 3975 813 4026 aliis
831 3975 917 4024 loeis
937 3989 1000 4024 nove
1019 3975 1130 4024 dicatur:
1149 3973 1216 4022 alia
1238 3987 1313 4036 pars

328 4063 407 4116 siiis
433 4063 527 4118 locis.
569 4065 663 4116 Noouit
687 4067 746 4117 huic
777 4068 834 4118 looo
862 4075 890 4116 ut
907 4067 966 4116 aliis
993 4067 1099 4118 uimium
1118 4067 1228 4118 studium
1247 4079 1312 4114 nova
