2826 4650
281 278 338 327 Lib.
358 277 406 326 111.
762 277 801 335 68

246 461 350 532 lium,
382 461 461 522 Sex.
485 460 691 518 Antistium
714 467 749 516 et
767 459 825 536 Sp.
848 459 1004 516 Icilium.
1076 461 1144 517 Duo
1166 469 1317 535 postrema

247 569 366 625 nomina
395 568 425 624 in
447 567 532 623 bonis
554 565 701 622 codicibus
724 565 765 621 sic
786 564 966 622 scribuntur:
998 574 1032 620 et
1055 565 1257 622 Antistium
1281 574 1317 622 et

248 673 478 749 Spurillium
508 680 632 748 apparet
659 680 693 726 ct
714 679 809 727 ortum
833 687 911 739 esse,
944 687 1031 744 quum
1054 679 1088 726 et
1108 671 1317 728 Antistium

248 779 422 836 scriberetur
466 787 495 834 et
542 775 747 851 Spurillius
786 793 841 850 pro
880 793 939 831 uno
980 775 1095 832 nomine
1127 775 1316 849 acciperetur.

249 884 287 952 V,
315 885 360 952 13,
386 886 421 939 6:
454 881 669 957 Apollinem
693 882 951 954 Latonamque
972 888 1007 936 et
1027 879 1197 948 Dianam,
1226 881 1320 938 Her-

248 987 377 1056 culem,
400 987 618 1043 Mercurium
642 995 751 1059 atque
773 985 988 1059 Neptunum.
1036 985 1132 1058 Quum
1146 986 1231 1060 paria
1247 987 1320 1042 deo-

249 1111 313 1149 rum
337 1093 428 1150 tribus
458 1092 540 1148 lectis
562 1090 763 1148 accubantium
792 1089 936 1147 nominari
963 1091 1102 1160 debeant,
1129 1091 1321 1166 Kreyssigius

249 1195 376 1272 scripsit:
415 1197 626 1272 Apollinem
648 1197 916 1269 Latonamque,
944 1195 1099 1252 Dianam
1127 1205 1161 1254 et
1182 1198 1319 1254 Hercu·

249 1305 332 1372 lem,
377 1301 593 1360 Mercurium
638 1312 747 1376 atque
790 1301 1012 1374 Neptunum,
1056 1303 1233 1377 transposito
1273 1313 1317 1359 et.

250 1411 288 1477 V,
312 1410 361 1478 25,
384 1409 401 1463 2
424 1425 479 1482 pro
503 1425 553 1474 eo,
576 1406 654 1479 quod
675 1415 762 1462 antea
783 1407 936 1462 edebatur:
969 1407 1058 1481 peti,
1081 1407 1187 1464 feriri
1209 1419 1320 1482 atque

250 1515 384 1583 occidi,
415 1512 529 1570 codices
552 1521 580 1566 et
603 1511 722 1567 boniet
745 1512 919 1569 deteriorum
943 1511 1073 1586 plerique
1094 1514 1217 1584 habent,
1240 1514 1320 1587 quod

249 1637 324 1676 nunc
346 1619 509 1676 restitutum
538 1625 594 1674 est:
627 1616 702 1690 pati
729 1616 909 1691 feririque
937 1625 1045 1690 atque
1072 1619 1198 1677 occidi.
1248 1619 1320 1686 Vll,

251 1727 300 1792 21,
324 1727 358 1781 6:
396 1721 430 1782 C.
454 1721 638 1790 Duellius,
661 1723 698 1778 P.
723 1721 859 1778 Decius
881 1722 974 1792 Mus,
1002 1723 1043 1779 M.
1064 1723 1253 1798 Papirius,
1281 1725 1320 1797 Q.

251 1829 435 1887 Publilius
457 1837 491 1884 et
513 1829 549 1887 T.
575 1827 759 1896 AEmilius;
782 1845 819 1883 ex
840 1827 878 1894 T,
900 1837 932 1883 ut
954 1827 1032 1897 alibi,
1054 1839 1149 1886 ortum
1169 1839 1216 1898 et;
1251 1849 1320 1886 uum

251 1933 481 1992 Weissenboruii
503 1932 635 2002 artificio,
657 1933 786 2008 plebeios
809 1952 827 1989 a
846 1932 975 2008 patriciis
991 1932 1104 1990 duobus
1124 1935 1321 1992 enumerando
1394 1971 1398 1978 -

250 2049 402 2116 separatos
424 2037 562 2114 putantis,
585 2055 642 2092 uon
664 2047 740 2098 utor.
806 2039 877 2104 Vll,
902 2040 955 2104 30,
980 2038 1019 2094 23
1043 2035 1228 2114 (salutem,
1250 2041 1321 2097 vic·

251 2144 398 2212 teriam,
420 2143 535 2198 lucem
558 2161 598 2200 ac
620 2139 845 2214 libertatem)
878 2143 936 2200 duo
970 2152 1037 2200 sunt
1058 2145 1190 2202 binarum
1215 2165 1322 2202 vocum

251 2249 375 2318 ordines,
398 2249 434 2306 de
456 2267 514 2323 quo
537 2267 641 2324 genere
663 2247 733 2304 alibi
754 2247 823 2303 dixi.
872 2249 996 2319 XXlll,
1020 2253 1074 2320 23,
1099 2254 1131 2308 3:
1155 2251 1238 2324 Quae
1259 2251 1318 2308 iur-

251 2355 441 2412 moderata
464 2355 556 2424 fors,
584 2365 724 2430 tempus
752 2371 792 2410 ac
813 2355 1019 2412 necessitas
1041 2355 1188 2426 fecerit,
1215 2356 1321 2412 iisse

252 2461 390 2517 modum
414 2461 680 2536 impositurum.
730 2459 880 2534 Apparet,
909 2460 987 2516 nullo
1010 2462 1097 2518 modo
1120 2463 1221 2519 eodem
1243 2461 1321 2533 loco,

251 2585 309 2640 quo
340 2575 455 2640 tempus
486 2583 521 2622 ac
550 2564 708 2622 necessitas
735 2565 898 2622 habeantur
918 2567 948 2622 in
971 2567 1156 2625 excusatione
1177 2587 1236 2626 non
1258 2585 1318 2624 ser·

252 2681 328 2729 vata
350 2672 486 2747 legitimae
510 2669 739 2740 consuetudinis,
768 2671 869 2728 haberi
890 2689 977 2746 posse
999 2671 1145 2731 fortunam
1169 2685 1197 2730 et
1218 2691 1318 2730 cusum

251 2795 303 2834 nec
326 2775 469 2834 cumillis
493 2779 571 2850 (quae
594 2775 695 2831 eodem
718 2777 806 2832 modo
830 2777 951 2846 XXIV,
977 2780 1005 2846 9,
1033 2782 1066 2835 tO
1091 2779 1321 2854 coniunguntur:

251 2894 392 2956 tempus
429 2900 469 2937 uc
506 2880 709 2936 necessitas
745 2881 853 2954 belli)
899 2883 1000 2940 eodem
1038 2885 1139 2940 ordine
1173 2886 1319 2958 componi.

252 2987 389 3045 Mendum
421 2986 517 3061 arguit
545 2985 631 3041 etium
664 2985 818 3062 singularis
848 2987 928 3044 vorbi
955 3007 1091 3045 numerus
1120 3009 1136 3045 e
1163 2989 1228 3048 cod.
1250 2991 1321 3047 Put.

252 3093 413 3168 (colhem,
437 3091 531 3160 Med.)
553 3090 716 3160 restitutus,
740 3092 789 3166 qui
812 3093 1026 3150 accommodari
1048 3094 1086 3150 ad
1108 3094 1164 3151 tria
1185 3095 1226 3152 sic
1248 3114 1322 3153 enu-

253 3207 365 3256 merata
387 3207 416 3254 et
437 3195 574 3270 copulata
596 3213 654 3250 nou
676 3205 785 3269 potest,
818 3198 855 3254 ad
888 3198 945 3254 duo
968 3217 1027 3254 una
1048 3201 1164 3256 notione
1186 3220 1319 3276 compre-

252 3308 342 3362 hensu
364 3311 468 3378 potest.
513 3301 613 3358 Livius
635 3301 804 3376 scripserat:
825 3301 908 3376 Quae
929 3303 1170 3361 immoderate
1192 3306 1318 3368 forsan

252 3421 392 3484 tempus
415 3425 455 3464 ac
476 3407 681 3464 necessitas
703 3406 850 3476 fecerit,
872 3407 917 3464 iia
942 3419 995 3465 etc.
1039 3407 1180 3467 Concedit
1200 3412 1242 3468 M.
1260 3413 1319 3468 Bu-

254 3525 299 3572 teo
322 3533 365 3582 ea,
389 3531 452 3588 quae
474 3531 532 3569 non
554 3514 669 3588 probat,
692 3511 816 3568 fortasse
837 3521 968 3588 tempore
990 3531 1025 3570 ac
1047 3516 1216 3573 necessitate
1238 3517 1319 3574 facta

252 3639 324 3680 esse.
383 3619 538 3692 (Forsan
562 3612 663 3674 Livius
686 3619 774 3673 etiam
799 3617 864 3684 111,
888 3623 937 3688 47,
961 3623 978 3676 5
1003 3621 1104 3710 eodem
1127 3621 1230 3692 modo,
1260 3643 1321 3698 quo

255 3769 453 3780 .—.-.--.-—-

323 3871 434 3934 grauiter
461 3867 604 3930 geminata:
639 3873 728 3914 stare
752 3867 826 3914 urbs
850 3865 914 3914 hac
938 3881 999 3914 non
1023 3869 1170 3930 poterit?
1205 3871 1242 3918 de
1268 3872 1321 3918 im·

323 3963 418 4025 perio
445 3967 549 4009 actum
578 3957 643 4008 esti
671 3955 762 4005 deinde
782 3957 904 4006 transitur
922 3959 955 4006 ad
977 3973 1070 4008 uoram
1091 3959 1319 4024 interrogationem

324 4053 356 4100 ‹le
374 4051 566 4114 comparatione
585 4048 679 4113 plebeii
697 4048 811 4097 consulis
831 4057 856 4097 et
874 4049 985 4098 libertini
1004 4063 1049 4101 aut
1066 4055 1138 4105 uerri.
