2800 4646
599 307 654 363 261
972 303 1143 358 Ltuxxm.

98 503 149 542 cue
171 495 201 542 et
221 485 385 544 necessario
407 485 574 543 adhibenda
596 495 639 544 est
660 486 689 543 in
711 486 848 562 proxima
869 488 1012 545 sententia
1033 484 1091 565 (4),
1112 490 1163 547 ubi

99 591 206 648 editur:
229 591 285 648 Ab
311 590 495 666 hospitali
516 609 642 648 mensa
663 591 871 666 surgis,·ad
893 609 997 665 quarn
1028 594 1162 651 tertius
1234 641 1237 647 .

98 694 363 771 Campanorum
395 696 590 753 adhibitus
616 713 653 752 es
684 696 727 753 ab
760 696 985 768 Hannibale,
1016 707 1055 754 ut
1086 717 1162 754 eam

98 801 213 876 ipsem
236 809 455 858 cruentares
476 800 638 876 hospitis
663 799 867 876 sanguine?
898 801 1005 862 Itane?
1036 821 1070 859 eo
1093 821 1162 860 con·

97 905 160 962 silio
183 905 330 963 adhibitus
352 923 459 962 mensae
481 903 568 963 eret?
589 905 655 963 lmo
678 905 782 980 quaerit
803 904 942 963 Calavius
964 929 980 965 e
1001 908 1076 979 filio,
1098 925 1162 965 sur·

96 1019 193 1086 gatae,
216 1019 249 1068 ut
270 1029 334 1067 eam
359 1018 499 1068 cruentet.
547 1009 739 1069 Scribendum
761 1010 850 1085 igitur
872 1021 1052 1072 cruentes.
1062 1009 1098 1085 ¹).

186 1113 260 1190 Cap.
288 1117 334 1184 12,
361 1117 410 1172 1οι
432 1115 696 1190 Respondeam,
718 1115 839 1190 inquit
861 1116 1014 1190 (Hanno),
1029 1117 1162 1175 Himil-

96 1221 195 1290 coni,
221 1239 291 1276 ιιοιι
317 1219 458 1277 desisse
479 1221 670 1295 poenitere
691 1239 744 1278 me
765 1221 855 1278 belli
877 1229 931 1278 cet.
973 1223 1078 1296 Neque
1093 1240 1162 1280 cou-

97 1323 233 1382 dicionali
255 1323 439 1381 coniunctivo
450 1325 558 1382 Hanno
580 1325 623 1382 uti
637 1325 1006 1401 potesttrespondeam,
1028 1327 1058 1383 ai
1080 1328 1161 1402 quis

96 1427 257 1502 quaerat),
282 1437 382 1504 aperte
405 1429 608 1487 addicendum
630 1439 817 1506 provocatus,
838 1449 933 1504 neque
954 1432 1102 1490 exhortari
1125 1449 1157 1489 se

96 1533 199 1609 ipsum.
242 1534 270 1590 P
292 1551 376 1609 apr.
399 1553 489 1591 manu
509 1535 754 1609 reapondeed3
773 1545 845 1611 puto
867 1536 937 1593 nihil
958 1537 1077 1594 subesse
1089 1537 1160 1594 nisi:

94 1639 338 1715 respondebo,
358 1640 481 1714 inquit
502 1634 588 1710 cet.²)

178 1743 253 1820 Cap.
279 1749 326 1816 17,
349 1749 377 1804 ’1.
420 1744 478 1802 Hie
500 1745 582 1802 locus
602 1743 632 1800 in
654 1743 801 1800 codicibus
815 1744 918 1816 (PCM
935 1747 1014 1810 aliis)
1037 1745 1159 1804 eicscri·

95 1850 186 1906 bitur:
218 1850 424 1921 Hannibal,
464 1851 623 1908 Acerris
654 1849 812 1924 direptis
848 1859 957 1925 etque
988 1835 1160 1920 incensis,

95 1973 203 2029 quum
236 1975 254 2011 e
277 1953 413 2012 Casino
445 1955 667 2012 dictatorem
689 1955 890 2011 Romanum
917 1955 1159 2031 legionesque

94 2061 199 2117 nimia
224 2060 344 2135 accipi
365 2060 619 2131 nuntiassent,
647 2059 809 2132 nequis,
842 2069 913 2116 tam
936 2060 1160 2135 propinquis

93 2165 254 2222 hostium
287 2163 441 2234 castris,
469 2161 603 2239 Cepuae
630 2181 776 2238 quoque
798 2175 1075 2235 orerecurrunt,
1098 2185 1161 2223 ex·

94 2271 248 2327 ercitum
281 2268 324 2325 ad
346 2267 549 2327 Casilinum
579 2269 686 2327 ducit.
730 2267 765 2322 In
795 2269 949 2342 postremis
973 2271 1070 2344 potius
1093 2289 1157 2327 eum

94 2373 230 2431 Bekkero
267 2373 387 2430 alteram
411 2373 555 2432 Gronovii
586 2373 780 2430 coniecturam
809 2375 986 2446 sequendam
1008 2383 1094 2450 puto:
1116 2393 1158 2430 ne

94 2479 183 2552 quit,
205 2489 280 2536 tam
301 2498 351 2554 pr.
373 2480 402 2538 h.
424 2495 467 2548 c.,
492 2475 623 2552 Capuae
645 2495 789 2552 quoque
810 2488 1039 2546 moveretur,
1070 2494 1157 2550 quem

94 2585 240 2657 priorem,
263 2601 352 2658 quam
375 2601 467 2659 nuper
488 2584 689 2658 praetulerunt:
718 2601 760 2639 ne
791 2582 872 2656 quis
990 2590 1161 2638 oreretur

97 2768 295 2780 ————·-

114 2863 138 2930 ¹)
169 2868 278 2918 Mirifice
304 2869 346 2918 hic
374 2882 476 2932 qaoque
504 2869 546 2919 W.
574 2869 628 2917 veri
655 2883 758 2918 sensum
785 2869 870 2917 obruit
898 2870 1053 2920 inanissimis
1081 2884 1158 2932 argn-

165 2961 225 3016 tiis.
257 2959 431 3024 imperfectum
451 2961 569 3024 presenti
601 2959 733 3022 (surgis)
764 2960 855 3010 subiici
886 2961 1158 3037 potuissebiadicana,

166 3052 234 3114 quod
265 3053 333 3100 actio
363 3051 484 3116 surgendi
512 3065 579 3100 nnnc
598 3051 717 3101 absoluta
745 3052 778 3101 rit
803 3060 846 3100 aut
874 3053 944 3116 quod
963 3052 1086 3104 Calavius
1108 3055 1158 3103 iera

166 3157 273 3206 surgens
300 3144 325 3192 id
355 3145 489 3193 consilium
515 3143 641 3192 habuerit.
683 3144 816 3193 Adscribit
847 3146 938 3194 deinde
959 3146 1055 3195 Catulli
1073 3146 1160 3195 locum

168 3241 226 3294 1⁰1,
245 3241 270 3294 2,
290 3235 316 3283 1ιι
335 3250 387 3298 quo
406 3236 562 3284 donarem
581 3234 691 3284 relertar
709 3235 742 3284 ad
761 3237 881 3299 praeteriti
901 3237 1031 3286 notionem
1051 3238 1078 3285 in
1097 3237 1163 3284 rie·

168 3335 219 3376 tus
237 3327 372 3384 inclusam,
391 3335 417 3374 et
437 3325 568 3376 Ciceronis
586 3328 618 3375 de
638 3325 709 3376 Orat.
728 3325 769 3386 11,
788 3331 838 3386 33,
861 3333 917 3387 ltu,
936 3330 980 3379 ubi
1001 3331 1027 3378 in
1046 3329 1086 3378 hls
1106 3343 1161 3378 ver·

165 3419 217 3468 bis:
236 3419 331 3466 rideo
349 3419 543 3468 nominatim
562 3419 701 3480 referri,
725 3419 803 3482 quid
822 3423 1077 3483 responderint,
1104 3433 1160 3485 quse

166 3509 198 3558 de
217 3510 356 3573 superioris
374 3510 457 3559 utatis
475 3509 547 3559 libris
569 3520 714 3576 ponuntur,
732 3519 823 3573 aperta
841 3521 879 3560 est
898 3513 1017 3576 praeteriti
1037 3513 1160 3576 temporis

168 3600 323 3662 significatio
342 3601 499 3664 (relatum
520 3603 591 3666 est).
628 3602 697 3662 Quid
715 3603 798 3652 simile
817 3603 843 3652 in
862 3601 960 3653 Galerii
978 3603 1162 3666 interrogatio·

168 3691 218 3740 nel
264 3691 299 3742 Et
323 3703 420 3756 quauta
442 3695 598 3758 perveraitas
624 3695 738 3744 nascitur
756 3709 790 3744 ex
812 3696 963 3760 interposito
988 3695 1162 3744 adhibitus

169 3783 220 3832 erl

115 3863 143 3932 ³)
169 3871 231 3938 Cep.
254 3879 294 3924 14.
319 3881 350 3924 ta
368 3876 510 3925 tollendum
529 3885 568 3927 eat
586 3892 646 3943 qne
666 3878 800 3943 (perque
819 3877 956 3943 agrum);
982 3893 1033 3928 aon
1054 3889 1164 3944 possunt

169 3979 200 4014 ex
227 3980 302 4029 equo
328 3967 442 4032 copulari
473 3969 620 4019 traiecto
645 3970 729 4018 amni
754 3981 780 4020 et
804 3985 861 4034 per
891 3985 1002 4034 agrum
1025 3972 1107 4021 hunc
1134 3981 1165 4022 et

169 4055 271 4111 illam.
