2822 4648
787 289 841 348 tat
1188 289 1244 338 ιιι.
1265 289 1299 337 v.

279 471 338 529 cul
359 471 508 530 aulerre
534 472 629 530 iussos
651 472 743 542 dicat,
770 491 858 528 anum
885 471 1030 530 flaminem
1065 491 1081 528 e
1113 473 1219 542 tribue,
1250 473 1346 530 incer·

281 585 342 636 tum
364 577 452 636 etiam
472 577 627 651 reliquens,
648 595 734 651 quem
755 577 905 653 significet.
951 578 991 636 Et
1011 577 1092 647 Vll,
1115 580 1163 646 20,
1187 582 1203 636 ⁴
1223 577 1346 636 Caerites

281 683 480 758 hospitium
498 669 687 740 flaminum
709 681 988 756 Vestaliumque
1015 683 1059 739 ab
1081 701 1118 740 se
1150 693 1250 741 caete
1271 685 1345 741 cul·

278 799 352 846 tum
380 788 526 846 invocant.
570 787 736 845 Videndum
758 788 861 863 igitur,
893 807 930 846 ne
950 790 997 846 hic
1029 807 1145 864 quoqne
1172 789 1345 848 flamines

281 895 382 952 Livius
403 893 560 968 scripserit,
581 893 702 964 deinde,
724 893 834 951 omisso
858 914 889 964 s,
913 913 932 951 a
955 913 1013 970 qno
1034 895 1170 970 proxima
1191 915 1250 952 vox
1272 896 1345 953 inci-

280 1001 332 1076 pit,
354 999 541 1058 flaminem
563 995 673 1054 iactum
695 997 741 1067 sit,
764 999 964 1072 quomodoII,
979 1003 1109 1070 58,7ex
1131 1019 1255 1058 omnes
1278 1019 1345 1058 sua

279 1115 375 1162 ortum
397 1113 441 1162 est
463 1121 564 1160 omne
597 1121 662 1159 sua
684 1102 730 1173 (M
745 1123 784 1162 m.
813 1107 893 1178 lP),
914 1106 1019 1164 deinde
1043 1125 1177 1164 omnem
1199 1125 1266 1164 sua
1289 1106 1344 1182 (Μ.

280 1229 317 1267 m.
351 1213 384 1279 3,
417 1211 535 1277 HlLl).
591 1211 634 1266 At
659 1211 794 1284 proximo
816 1213 912 1287 capite
933 1213 999 1289 (40)
1024 1217 1039 1270 7
1062 1213 1146 1270 unius
1172 1211 1345 1268 flaminis

280 1316 487 1390 Quirinalis
508 1315 986 1391 virginumqueVestalium
1009 1317 1197 1375 ministerium
1214 1337 1343 1376 comme·

280 1430 420 1481 moratur.
469 1421 579 1497 video,
601 1422 652 1477 sed
673 1431 701 1478 et
721 1441 827 1479 nomen
849 1424 966 1482 additur
987 1433 1016 1481 et
1030 1422 1206 1499 intelligitur,
1227 1441 1282 1480 cur
1303 1423 1343 1479 ibi

278 1545 353 1584 tanus
375 1527 423 1584 ille
446 1529 552 1584 flamen
574 1538 832 1598 commemoretur,
866 1531 945 1604 quod
966 1531 995 1587 in
1017 1530 1124 1588 sacello
1149 1529 1209 1586 eius
1230 1528 1343 1586 sedibus

278 1634 413 1708 proximo
436 1653 521 1691 sacra
542 1633 660 1692 defossa
681 1633 770 1690 fuisse
793 1637 933 1693 memoria
953 1645 1056 1711 postea
1078 1635 1221 1692 exstabat.
1264 1635 1343 1692 Illud

278 1758 336 1796 non
360 1739 476 1808 dubito,
507 1739 576 1813 quin
598 1739 694 1814 capite
717 1743 797 1810 tuo
823 1741 924 1798 Livius
941 1741 1101 1815 scripserit:
1122 1759 1222 1797 suam
1240 1741 1341 1815 qnis-

278 1863 345 1917 qne
383 1861 499 1918 spem,
531 1863 596 1901 sua
624 1845 798 1916 consilia,
833 1847 1082 1903 communibus
1108 1846 1342 1921 deploratis,

277 1960 481 2022 sequentes,
502 1969 570 2019 ιιοιι,
594 1960 625 2006 ut
646 1951 740 2007 estin
762 1951 925 2020 codicibus,
960 1962 1223 2026 exsequentes,
1259 1952 1341 2025 quod

275 2055 397 2112 verbum
423 2065 451 2112 et
472 2074 491 2111 a
521 2074 584 2131 spe
606 2065 634 2112 et
656 2058 725 2123 (hoc
748 2055 829 2132 loco)
864 2076 882 2112 a
916 2057 1085 2114 consiliis
1122 2055 1247 2114 alienum
1285 2069 1342 2124 est;

275 2177 370 2232 neque
403 2160 476 2218 enim
500 2161 536 2218 de
560 2163 751 2236 exsequendis
779 2163 901 2220 aliarum
931 2183 1026 2221 rerum
1059 2163 1197 2232 consiliis,
1219 2163 1273 2220 sed
1304 2164 1340 2219 de

278 2273 356 2322 certo
379 2265 455 2342 fuga
477 2267 596 2325 consilio
619 2269 759 2343 capiendo
782 2271 932 2345 agebatur.
976 2269 1068 2327 Error
1090 2269 1165 2327 idem
1187 2279 1250 2350 est,
1281 2288 1339 2344 quo

275 2371 434 2446 sepissime
465 2392 519 2448 pro
548 2381 724 2449 spectare
751 2377 888 2451 scriptum
923 2385 967 2434 est
993 2385 1225 2450 exspectare,
1259 2375 1341 2452 quod

276 2475 410 2534 mendum
435 2477 463 2533 in
486 2480 562 2536 Livii
583 2480 664 2536 libris
686 2480 888 2539 Alschefskius
910 2482 1063 2556 aliquoties
1086 2481 1191 2550 tenuit,
1223 2482 1253 2538 iu
1289 2481 1341 2541 Se·

275 2599 353 2638 necte
375 2581 535 2640 Fickertus.
580 2585 667 2658 Quod
689 2587 717 2642 in
733 2587 833 2644 lexicis
855 2587 972 2662 ponitur
994 2606 1030 2644 ex
1052 2586 1113 2646 Cic.
1137 2586 1212 2644 Phil.
1233 2587 1275 2654 ΙΙ,
1301 2587 1338 2644 22

275 2687 428 2762 exsequi
467 2687 604 2764 iugem,
643 2693 721 2767 apud
755 2692 924 2750 Ciceronem
951 2702 995 2749 est
1017 2692 1167 2766 exsequi
1196 2691 1338 2748 cladem

274 2790 380 2848 illem
402 2791 614 2869 fugamque,
647 2797 773 2872 imagine
798 2799 835 2854 ab
858 2797 1049 2871 exsequiis
1087 2797 1254 2871 (exsequi
1283 2797 1339 2854 in·

275 2896 356 2972 nus)
384 2896 487 2968 dueta,
520 2911 553 2957 ut
578 2902 607 2958 in
629 2922 675 2977 epa
698 2903 736 2959 ad
758 2907 822 2964 Au.
846 2904 910 2972 IX,
945 2907 979 2959 12
1003 2902 1073 2972 init,
1095 2903 1145 2960 ubi
1166 2911 1210 2958 est
1233 2921 1339 2958 exse·

273 3001 336 3074 qui
358 3000 471 3060 iatum
493 3007 661 3081 (Pompeii).
709 3007 841 3067 Catullus
858 3011 911 3078 63,
928 3011 961 3066 ll
983 3009 1166 3084 scripserime
1200 3015 1337 3065 sectam

275 3125 386 3163 meam
420 3120 598 3168 exsecutae
620 3131 657 3168 an
686 3113 782 3187 potius
805 3124 952 3184 secutae,
987 3133 1114 3189 quaerere
1147 3113 1338 3188 supersedeo;

274 3229 369 3286 neque
393 3215 468 3271 enim
495 3216 533 3272 ad
556 3216 669 3273 Livium
692 3218 723 3275 id
744 3215 910 3295 pertinet.¹)

368 3318 441 3395 Cap.
464 3325 514 3390 44,
541 3324 552 3377 l
579 3323 642 3390 (ubi
664 3323 803 3382 Camillus
824 3325 979 3392 Ardeates,
1001 3323 1079 3400 apud
1090 3342 1164 3398 quos
1174 3324 1338 3390 exsulabat,

273 3424 430 3499 alloquitur
439 3426 651 3502 civesquesuos
671 3431 826 3505 appellat)=
849 3431 993 3506 quando
1010 3441 1044 3486 et
1056 3441 1214 3488 restrum
1233 3432 1338 3488 bene-

271 3527 398 3586 ficium
421 3531 473 3588 ita
495 3533 581 3590 tulit-
602 3543 636 3590 et
658 3533 808 3592 fortuna
829 3536 894 3592 hoc
919 3535 993 3611 egit
1016 3555 1100 3594 mea.
1150 3537 1255 3612 Inepte
1273 3537 1337 3594 lusu

292 3777 313 3845 ¹)
344 3781 427 3832 Paulo
446 3791 505 3832 anto
524 3797 543 3831 c,
564 3789 610 3842 40,
630 3789 645 3832 3
665 3785 733 3834 bona
751 3800 862 3847 vereque
879 3783 998 3833 Finclrhii
1017 3785 1179 3842 coniectura,
1205 3787 1337 3848 proposita

343 3889 365 3923 a.
383 3879 447 3924 1855
468 3875 600 3938 (zeitschr.
620 3875 662 3926 idr
680 3878 720 3926 die
740 3877 932 3930 Altcrthnmsw.
954 3893 978 3926 ιι.
998 3883 1029 3927 al
1051 3893 1074 3941 p.
1089 3877 1159 3939 168),
1178 3875 1245 3938 sugit
1260 3877 1336 3927 Hert·

342 3967 626 4030 ziumtnihil,quod
646 3971 776 4019 hnmani
797 3977 988 4034 superesset
1007 3969 1162 4032 melipro:
1181 3969 1337 4020 humanis

342 4057 446 4108 malis.
