<?xml version="1.0" encoding="UTF-8"?>
<!DOCTYPE html PUBLIC "-//W3C//DTD XHTML 1.0 Transitional//EN"
    "http://www.w3.org/TR/xhtml1/DTD/xhtml1-transitional.dtd">
<html xmlns="http://www.w3.org/1999/xhtml" xml:lang="en" lang="en">
 <head>
  <title>
</title>
<meta http-equiv="Content-Type" content="text/html;charset=utf-8" />
  <meta name='ocr-system' content='tesseract 3.04.00' />
  <meta name='ocr-capabilities' content='ocr_page ocr_carea ocr_par ocr_line ocrx_word'/>
</head>
<body>
  <div class='ocr_page' id='page_1' title='image "./emendationesliv02madvgoog_0080.png"; bbox 0 0 2826 4650; ppageno 0'>
   <div class='ocr_carea' id='block_1_1' title="bbox 618 282 1139 340">
    <p class='ocr_par' dir='ltr' id='par_1_1' title="bbox 618 282 1139 340">
     <span class='ocr_line' id='line_1_1' title="bbox 618 282 1139 340; baseline 0.002 -8"><span class='ocrx_word' id='word_1_1' title='bbox 618 283 656 340; x_wconf 81' lang='grc'>69</span> <span class='ocrx_word' id='word_1_2' title='bbox 1015 283 1072 332; x_wconf 89' lang='lat' dir='ltr'>Lib.</span> <span class='ocrx_word' id='word_1_3' title='bbox 1092 282 1139 333; x_wconf 92' lang='lat'>111.</span> 
     </span>
    </p>
   </div>
   <div class='ocr_carea' id='block_1_2' title="bbox 96 460 1175 1173">
    <p class='ocr_par' dir='ltr' id='par_1_2' title="bbox 96 460 1175 1173">
     <span class='ocr_line' id='line_1_2' title="bbox 96 460 1175 540; baseline 0.005 -21"><span class='ocrx_word' id='word_1_4' title='bbox 96 460 207 520; x_wconf 87' lang='lat' dir='ltr'>Cicero</span> <span class='ocrx_word' id='word_1_5' title='bbox 239 461 419 532; x_wconf 74' lang='lat' dir='ltr'><strong>forsitan,</strong></span> <span class='ocrx_word' id='word_1_6' title='bbox 462 481 527 521; x_wconf 90' lang='lat' dir='ltr'>eum</span> <span class='ocrx_word' id='word_1_7' title='bbox 562 462 692 539; x_wconf 83' lang='lat' dir='ltr'>perfecto</span> <span class='ocrx_word' id='word_1_8' title='bbox 724 463 898 522; x_wconf 82' lang='lat' dir='ltr'>cordunctivi</span> <span class='ocrx_word' id='word_1_9' title='bbox 929 467 1011 540; x_wconf 89' lang='lat' dir='ltr'>ponit</span> <span class='ocrx_word' id='word_1_10' title='bbox 1043 467 1072 524; x_wconf 92' lang='lat' dir='ltr'>in</span> <span class='ocrx_word' id='word_1_11' title='bbox 1106 485 1175 524; x_wconf 90' lang='lat' dir='ltr'>oon-</span> 
     </span>
     <span class='ocr_line' id='line_1_3' title="bbox 99 565 1174 643; baseline 0.007 -20"><span class='ocrx_word' id='word_1_12' title='bbox 99 566 239 624; x_wconf 83' lang='lat' dir='ltr'>iectando</span> <span class='ocrx_word' id='word_1_13' title='bbox 261 568 298 624; x_wconf 88' lang='lat' dir='ltr'>de</span> <span class='ocrx_word' id='word_1_14' title='bbox 319 588 351 624; x_wconf 85' lang='lat' dir='ltr'>re</span> <span class='ocrx_word' id='word_1_15' title='bbox 372 565 573 643; x_wconf 83' lang='lat' dir='ltr'>praetarita.)¹)</span> <span class='ocrx_word' id='word_1_16' title='bbox 616 569 738 638; x_wconf 75' lang='lat' dir='ltr'>XXIV,</span> <span class='ocrx_word' id='word_1_17' title='bbox 763 570 813 637; x_wconf 81' lang='lat'>20,</span> <span class='ocrx_word' id='word_1_18' title='bbox 836 573 853 625; x_wconf 86' lang='lat'><strong>5</strong></span> <span class='ocrx_word' id='word_1_19' title='bbox 879 570 1035 628; x_wconf 74' lang='lat' dir='ltr'>edebatur:</span> <span class='ocrx_word' id='word_1_20' title='bbox 1068 570 1174 630; x_wconf 89' lang='lat' dir='ltr'>Com·</span> 
     </span>
     <span class='ocr_line' id='line_1_4' title="bbox 99 673 1174 751; baseline 0.006 -22"><span class='ocrx_word' id='word_1_21' title='bbox 99 673 280 748; x_wconf 67' lang='lat' dir='ltr'>pusterla,</span> <span class='ocrx_word' id='word_1_22' title='bbox 303 674 466 745; x_wconf 80' lang='lat' dir='ltr'>Telesia,</span> <span class='ocrx_word' id='word_1_23' title='bbox 489 673 661 751; x_wconf 82' lang='lat' dir='ltr'>Compsa,</span> <span class='ocrx_word' id='word_1_24' title='bbox 684 674 801 746; x_wconf 75' lang='lat' dir='ltr'>Mete,</span> <span class='ocrx_word' id='word_1_25' title='bbox 829 674 987 732; x_wconf 81' lang='lat' dir='ltr'>Fuliulae</span> <span class='ocrx_word' id='word_1_26' title='bbox 1009 685 1043 734; x_wconf 89' lang='lat' dir='ltr'>et</span> <span class='ocrx_word' id='word_1_27' title='bbox 1064 676 1174 735; x_wconf 91' lang='lat' dir='ltr'>Orbi·</span> 
     </span>
     <span class='ocr_line' id='line_1_5' title="bbox 101 777 1173 857; baseline 0.005 -22"><span class='ocrx_word' id='word_1_28' title='bbox 101 779 256 848; x_wconf 83' lang='lat' dir='ltr'>tanium;</span> <span class='ocrx_word' id='word_1_29' title='bbox 278 779 392 837; x_wconf 87' lang='lat' dir='ltr'>codices</span> <span class='ocrx_word' id='word_1_30' title='bbox 408 779 499 856; x_wconf 72' lang='lat' dir='ltr'>(Pur,</span> <span class='ocrx_word' id='word_1_31' title='bbox 513 781 603 852; x_wconf 76' lang='lat' dir='ltr'>Mea,</span> <span class='ocrx_word' id='word_1_32' title='bbox 626 781 713 838; x_wconf 85' lang='lat' dir='ltr'>etiam</span> <span class='ocrx_word' id='word_1_33' title='bbox 735 780 830 837; x_wconf 89' lang='lat' dir='ltr'>minus</span> <span class='ocrx_word' id='word_1_34' title='bbox 849 777 934 857; x_wconf 88' lang='lat' dir='ltr'>boni)</span> <span class='ocrx_word' id='word_1_35' title='bbox 955 782 1073 854; x_wconf 74' lang='lat' dir='ltr'>habent,</span> <span class='ocrx_word' id='word_1_36' title='bbox 1096 785 1173 857; x_wconf 84' lang='lat' dir='ltr'>quod</span> 
     </span>
     <span class='ocr_line' id='line_1_6' title="bbox 102 884 1174 963; baseline 0.005 -24"><span class='ocrx_word' id='word_1_37' title='bbox 102 884 360 942; x_wconf 86' lang='lat' dir='ltr'>Weissenbornius</span> <span class='ocrx_word' id='word_1_38' title='bbox 379 885 481 942; x_wconf 78' lang='lat' dir='ltr'><strong>edidit:</strong></span> <span class='ocrx_word' id='word_1_39' title='bbox 504 885 674 963; x_wconf 81' lang='lat' dir='ltr'>Compsa,</span> <span class='ocrx_word' id='word_1_40' title='bbox 696 887 782 943; x_wconf 88' lang='lat' dir='ltr'>inde</span> <span class='ocrx_word' id='word_1_41' title='bbox 805 885 987 960; x_wconf 75' lang='lat' dir='ltr'>Fugifulae</span> <span class='ocrx_word' id='word_1_42' title='bbox 1009 896 1044 942; x_wconf 91' lang='lat' dir='ltr'>et</span> <span class='ocrx_word' id='word_1_43' title='bbox 1065 885 1174 944; x_wconf 87' lang='lat' dir='ltr'>Orbi·</span> 
     </span>
     <span class='ocr_line' id='line_1_7' title="bbox 100 991 1173 1062; baseline 0.004 -16"><span class='ocrx_word' id='word_1_44' title='bbox 100 991 254 1050; x_wconf 86' lang='lat' dir='ltr'>tanium.</span> <span class='ocrx_word' id='word_1_45' title='bbox 314 991 436 1062; x_wconf 85' lang='lat' dir='ltr'>XXIV,</span> <span class='ocrx_word' id='word_1_46' title='bbox 464 994 514 1061; x_wconf 81' lang='lat'>2¹,</span> <span class='ocrx_word' id='word_1_47' title='bbox 543 994 576 1051; x_wconf 82' lang='lat'>3:</span> <span class='ocrx_word' id='word_1_48' title='bbox 613 992 744 1050; x_wconf 89' lang='lat' dir='ltr'>deinde</span> <span class='ocrx_word' id='word_1_49' title='bbox 773 991 964 1049; x_wconf 68' lang='lat' dir='ltr'>libertatis</span> <span class='ocrx_word' id='word_1_50' title='bbox 990 993 1173 1050; x_wconf 73' lang='lat' dir='ltr'>restitutae</span> 
     </span>
     <span class='ocr_line' id='line_1_8' title="bbox 101 1096 1173 1173; baseline 0.004 -21"><span class='ocrx_word' id='word_1_51' title='bbox 101 1096 209 1153; x_wconf 85' lang='lat' dir='ltr'>dulce</span> <span class='ocrx_word' id='word_1_52' title='bbox 231 1096 360 1154; x_wconf 86' lang='lat' dir='ltr'>auditu</span> <span class='ocrx_word' id='word_1_53' title='bbox 374 1115 500 1155; x_wconf 89' lang='lat' dir='ltr'>nomen</span> <span class='ocrx_word' id='word_1_54' title='bbox 519 1098 646 1156; x_wconf 87' lang='lat' dir='ltr'>crebro</span> <span class='ocrx_word' id='word_1_55' title='bbox 664 1106 892 1173; x_wconf 78' lang='lat' dir='ltr'>usurpatum,</span> <span class='ocrx_word' id='word_1_56' title='bbox 907 1115 989 1172; x_wconf 85' lang='lat' dir='ltr'>spes</span> <span class='ocrx_word' id='word_1_57' title='bbox 1011 1097 1112 1156; x_wconf 86' lang='lat' dir='ltr'>facta</span> <span class='ocrx_word' id='word_1_58' title='bbox 1132 1118 1173 1156; x_wconf 85' lang='lat' dir='ltr'>ex</span> 
     </span>
    </p>
   </div>
   <div class='ocr_carea' id='block_1_3' title="bbox 1 1201 1174 1278">
    <p class='ocr_par' dir='ltr' id='par_1_3' title="bbox 1 1201 1174 1278">
     <span class='ocr_line' id='line_1_9' title="bbox 1 1201 1174 1278; baseline 0.001 -20"><span class='ocrx_word' id='word_1_59' title='bbox 1 1245 2 1266; x_wconf 76' lang='grc'>,</span> <span class='ocrx_word' id='word_1_60' title='bbox 99 1202 379 1278; x_wconf 83' lang='lat' dir='ltr'>pecuniaregia</span> <span class='ocrx_word' id='word_1_61' title='bbox 394 1201 609 1278; x_wconf 81' lang='lat' dir='ltr'>largitionis</span> <span class='ocrx_word' id='word_1_62' title='bbox 634 1203 847 1278; x_wconf 80' lang='lat' dir='ltr'>militiaeque</span> <span class='ocrx_word' id='word_1_63' title='bbox 868 1202 1059 1277; x_wconf 69' lang='lat' dir='ltr'>fungenda</span> <span class='ocrx_word' id='word_1_64' title='bbox 1080 1203 1174 1278; x_wconf 91' lang='lat' dir='ltr'>poti·</span> 
     </span>
    </p>
   </div>
   <div class='ocr_carea' id='block_1_4' title="bbox 101 1305 1173 1385">
    <p class='ocr_par' dir='ltr' id='par_1_4' title="bbox 1 1305 1173 1385">
     <span class='ocr_line' id='line_1_10' title="bbox 101 1305 1173 1385; baseline -0.003 -17.341"><span class='ocrx_word' id='word_1_65' title='bbox 101 1307 230 1364; x_wconf 89' lang='lat' dir='ltr'>oribus</span> <span class='ocrx_word' id='word_1_66' title='bbox 254 1309 407 1366; x_wconf 91' lang='lat' dir='ltr'>ducibus</span> <span class='ocrx_word' id='word_1_67' title='bbox 428 1319 463 1366; x_wconf 88' lang='lat' dir='ltr'>et</span> <span class='ocrx_word' id='word_1_68' title='bbox 482 1310 603 1366; x_wconf 85' lang='lat' dir='ltr'>relata</span> <span class='ocrx_word' id='word_1_69' title='bbox 629 1307 776 1385; x_wconf 85' lang='lat' dir='ltr'>tyranni</span> <span class='ocrx_word' id='word_1_70' title='bbox 806 1305 914 1363; x_wconf 80' lang='lat' dir='ltr'>foeda</span> <span class='ocrx_word' id='word_1_71' title='bbox 935 1307 1078 1364; x_wconf 91' lang='lat' dir='ltr'>scelera</span> <span class='ocrx_word' id='word_1_72' title='bbox 1101 1307 1173 1365; x_wconf 85' lang='lat' dir='ltr'>foe-</span> 
     </span>
    </p>
   </div>
   <div class='ocr_carea' id='block_1_5' title="bbox 1 1412 1174 1487">
    <p class='ocr_par' dir='ltr' id='par_1_5' title="bbox 1 1412 1174 1487">
     <span class='ocr_line' id='line_1_11' title="bbox 1 1412 1174 1487; baseline 0.001 -18"><span class='ocrx_word' id='word_1_73' title='bbox 1 1459 2 1469; x_wconf 67' lang='grc'>,</span> <span class='ocrx_word' id='word_1_74' title='bbox 100 1412 614 1487; x_wconf 85' lang='lat' dir='ltr'>dioresquelibidinesadeo</span> <span class='ocrx_word' id='word_1_75' title='bbox 637 1422 823 1470; x_wconf 89' lang='lat' dir='ltr'>mutavere</span> <span class='ocrx_word' id='word_1_76' title='bbox 854 1413 994 1470; x_wconf 87' lang='lat' dir='ltr'>animos</span> <span class='ocrx_word' id='word_1_77' title='bbox 1019 1421 1072 1470; x_wconf 84' lang='lat' dir='ltr'>cet</span> <span class='ocrx_word' id='word_1_78' title='bbox 1138 1413 1174 1470; x_wconf 88' lang='lat' dir='ltr'>In</span> 
     </span>
    </p>
   </div>
   <div class='ocr_carea' id='block_1_6' title="bbox 1 1517 1172 1596">
    <p class='ocr_par' dir='ltr' id='par_1_6' title="bbox 1 1517 1172 1596">
     <span class='ocr_line' id='line_1_12' title="bbox 1 1517 1172 1596; baseline 0.001 -22"><span class='ocrx_word' id='word_1_79' title='bbox 1 1589 2 1596; x_wconf 8' lang='grc' dir='ltr'>ἵ</span> <span class='ocrx_word' id='word_1_80' title='bbox 99 1536 160 1574; x_wconf 90' lang='lat' dir='ltr'>uno</span> <span class='ocrx_word' id='word_1_81' title='bbox 183 1519 242 1574; x_wconf 89' lang='lat' dir='ltr'>hoc</span> <span class='ocrx_word' id='word_1_82' title='bbox 264 1519 355 1574; x_wconf 81' lang='lat' dir='ltr'>tertiae</span> <span class='ocrx_word' id='word_1_83' title='bbox 376 1517 493 1574; x_wconf 85' lang='lat' dir='ltr'>decadis</span> <span class='ocrx_word' id='word_1_84' title='bbox 510 1519 574 1575; x_wconf 90' lang='lat' dir='ltr'>loco</span> <span class='ocrx_word' id='word_1_85' title='bbox 591 1517 700 1574; x_wconf 90' lang='lat' dir='ltr'>nullum</span> <span class='ocrx_word' id='word_1_86' title='bbox 724 1517 761 1573; x_wconf 85' lang='lat' dir='ltr'>ad</span> <span class='ocrx_word' id='word_1_87' title='bbox 784 1517 919 1573; x_wconf 83' lang='lat' dir='ltr'>vitiosam</span> <span class='ocrx_word' id='word_1_88' title='bbox 942 1518 1172 1575; x_wconf 83' lang='lat' dir='ltr'>coniunctionem</span> 
     </span>
    </p>
   </div>
   <div class='ocr_carea' id='block_1_7' title="bbox 1 1620 1174 1699">
    <p class='ocr_par' dir='ltr' id='par_1_7' title="bbox 1 1620 1174 1699">
     <span class='ocr_line' id='line_1_13' title="bbox 1 1620 1174 1699; baseline 0.003 -23"><span class='ocrx_word' id='word_1_89' title='bbox 1 1647 2 1676; x_wconf 59' lang='lat' dir='ltr'>r</span> <span class='ocrx_word' id='word_1_90' title='bbox 99 1620 216 1676; x_wconf 88' lang='lat' dir='ltr'>accedit</span> <span class='ocrx_word' id='word_1_91' title='bbox 245 1620 325 1677; x_wconf 89' lang='lat' dir='ltr'>aliud</span> <span class='ocrx_word' id='word_1_92' title='bbox 352 1623 449 1679; x_wconf 89' lang='lat' dir='ltr'>mendi</span> <span class='ocrx_word' id='word_1_93' title='bbox 480 1623 631 1692; x_wconf 80' lang='lat' dir='ltr'>indicium3</span> <span class='ocrx_word' id='word_1_94' title='bbox 669 1631 720 1680; x_wconf 86' lang='lat' dir='ltr'>aut</span> <span class='ocrx_word' id='word_1_95' title='bbox 747 1632 783 1678; x_wconf 90' lang='lat' dir='ltr'>et</span> <span class='ocrx_word' id='word_1_96' title='bbox 814 1640 898 1696; x_wconf 90' lang='lat' dir='ltr'>spes</span> <span class='ocrx_word' id='word_1_97' title='bbox 931 1637 982 1680; x_wconf 86' lang='lat' dir='ltr'>aut</span> <span class='ocrx_word' id='word_1_98' title='bbox 1016 1641 1174 1699; x_wconf 88' lang='lat' dir='ltr'>spesque</span> 
     </span>
    </p>
   </div>
   <div class='ocr_carea' id='block_1_8' title="bbox 99 1721 1175 1804">
    <p class='ocr_par' dir='ltr' id='par_1_8' title="bbox 99 1721 1175 1804">
     <span class='ocr_line' id='line_1_14' title="bbox 99 1721 1175 1804; baseline 0 -20"><span class='ocrx_word' id='word_1_99' title='bbox 99 1721 330 1800; x_wconf 41' lang='lat' dir='ltr'>scribendum&amp;</span> <span class='ocrx_word' id='word_1_100' title='bbox 385 1727 505 1796; x_wconf 77' lang='lat' dir='ltr'>xxvl,</span> <span class='ocrx_word' id='word_1_101' title='bbox 530 1731 579 1798; x_wconf 91' lang='grc'>36,</span> <span class='ocrx_word' id='word_1_102' title='bbox 607 1735 656 1786; x_wconf 84' lang='lat' dir='ltr'>ll:</span> <span class='ocrx_word' id='word_1_103' title='bbox 692 1747 757 1804; x_wconf 91' lang='lat' dir='ltr'>pro</span> <span class='ocrx_word' id='word_1_104' title='bbox 787 1747 824 1785; x_wconf 88' lang='lat' dir='ltr'>se</span> <span class='ocrx_word' id='word_1_105' title='bbox 853 1729 1007 1803; x_wconf 89' lang='lat' dir='ltr'>quisque</span> <span class='ocrx_word' id='word_1_106' title='bbox 1035 1747 1175 1799; x_wconf 67' lang='lat' dir='ltr'>aurum,</span> 
     </span>
    </p>
   </div>
   <div class='ocr_carea' id='block_1_9' title="bbox 1 1828 1173 1908">
    <p class='ocr_par' dir='ltr' id='par_1_9' title="bbox 1 1828 1173 1908">
     <span class='ocr_line' id='line_1_15' title="bbox 1 1828 1173 1908; baseline 0.001 -20"><span class='ocrx_word' id='word_1_107' title='bbox 1 1889 2 1898; x_wconf 59' lang='grc'>,</span> <span class='ocrx_word' id='word_1_108' title='bbox 100 1843 295 1905; x_wconf 86' lang='lat' dir='ltr'>argentum</span> <span class='ocrx_word' id='word_1_109' title='bbox 314 1842 348 1888; x_wconf 92' lang='lat' dir='ltr'>et</span> <span class='ocrx_word' id='word_1_110' title='bbox 365 1851 410 1888; x_wconf 79' lang='lat' dir='ltr'>ses</span> <span class='ocrx_word' id='word_1_111' title='bbox 427 1833 462 1890; x_wconf 89' lang='lat' dir='ltr'>in</span> <span class='ocrx_word' id='word_1_112' title='bbox 482 1834 665 1908; x_wconf 87' lang='lat' dir='ltr'>publicum</span> <span class='ocrx_word' id='word_1_113' title='bbox 689 1828 891 1890; x_wconf 89' lang='lat' dir='ltr'>conferunt.</span> <span class='ocrx_word' id='word_1_114' title='bbox 919 1833 1173 1892; x_wconf 87' lang='lat' dir='ltr'>Weissenbornius</span> 
     </span>
    </p>
   </div>
   <div class='ocr_carea' id='block_1_10' title="bbox 99 1937 1174 2016">
    <p class='ocr_par' dir='ltr' id='par_1_10' title="bbox 99 1937 1174 2016">
     <span class='ocr_line' id='line_1_16' title="bbox 99 1937 1174 2016; baseline 0.002 -24"><span class='ocrx_word' id='word_1_115' title='bbox 99 1937 132 1992; x_wconf 90' lang='lat' dir='ltr'>in</span> <span class='ocrx_word' id='word_1_116' title='bbox 154 1938 235 1994; x_wconf 91' lang='lat' dir='ltr'>bono</span> <span class='ocrx_word' id='word_1_117' title='bbox 257 1939 356 1994; x_wconf 88' lang='lat' dir='ltr'>codice</span> <span class='ocrx_word' id='word_1_118' title='bbox 379 1939 489 2005; x_wconf 86' lang='lat' dir='ltr'>(nescio</span> <span class='ocrx_word' id='word_1_119' title='bbox 512 1940 583 2013; x_wconf 91' lang='lat' dir='ltr'>quo)</span> <span class='ocrx_word' id='word_1_120' title='bbox 606 1950 641 1996; x_wconf 90' lang='lat' dir='ltr'>et</span> <span class='ocrx_word' id='word_1_121' title='bbox 664 1949 853 2016; x_wconf 83' lang='lat' dir='ltr'>argentum</span> <span class='ocrx_word' id='word_1_122' title='bbox 884 1949 918 1996; x_wconf 88' lang='lat' dir='ltr'>et</span> <span class='ocrx_word' id='word_1_123' title='bbox 938 1959 983 1996; x_wconf 65' lang='lat' dir='ltr'>aas</span> <span class='ocrx_word' id='word_1_124' title='bbox 1005 1939 1091 1996; x_wconf 85' lang='lat' dir='ltr'>scribi</span> <span class='ocrx_word' id='word_1_125' title='bbox 1114 1947 1174 1994; x_wconf 86' lang='lat' dir='ltr'>tra-</span> 
     </span>
    </p>
   </div>
   <div class='ocr_carea' id='block_1_11' title="bbox 1 2041 1173 2115">
    <p class='ocr_par' dir='ltr' id='par_1_11' title="bbox 1 2041 1173 2115">
     <span class='ocr_line' id='line_1_17' title="bbox 1 2041 1173 2115; baseline 0.002 -18"><span class='ocrx_word' id='word_1_126' title='bbox 1 2105 2 2112; x_wconf 17' lang='grc'>,</span> <span class='ocrx_word' id='word_1_127' title='bbox 101 2041 153 2096; x_wconf 88' lang='lat' dir='ltr'>dit.</span> <span class='ocrx_word' id='word_1_128' title='bbox 208 2043 349 2111; x_wconf 78' lang='lat' dir='ltr'>xxxn,</span> <span class='ocrx_word' id='word_1_129' title='bbox 374 2046 423 2112; x_wconf 84' lang='lat'>33,</span> <span class='ocrx_word' id='word_1_130' title='bbox 449 2047 499 2101; x_wconf 82' lang='lat' dir='ltr'>ld:</span> <span class='ocrx_word' id='word_1_131' title='bbox 526 2046 671 2102; x_wconf 85' lang='lat' dir='ltr'>Thebas</span> <span class='ocrx_word' id='word_1_132' title='bbox 693 2045 863 2115; x_wconf 79' lang='lat' dir='ltr'>Phthias,</span> <span class='ocrx_word' id='word_1_133' title='bbox 890 2045 1081 2114; x_wconf 80' lang='lat' dir='ltr'>Echinum,</span> <span class='ocrx_word' id='word_1_134' title='bbox 1104 2044 1173 2100; x_wconf 88' lang='lat' dir='ltr'>La-</span> 
     </span>
    </p>
   </div>
   <div class='ocr_carea' id='block_1_12' title="bbox 100 2149 1177 2436">
    <p class='ocr_par' dir='ltr' id='par_1_12' title="bbox 100 2149 1177 2436">
     <span class='ocr_line' id='line_1_18' title="bbox 101 2149 1174 2224; baseline 0.002 -21"><span class='ocrx_word' id='word_1_135' title='bbox 101 2149 236 2204; x_wconf 84' lang='lat' dir='ltr'>rissam</span> <span class='ocrx_word' id='word_1_136' title='bbox 260 2157 295 2202; x_wconf 89' lang='lat' dir='ltr'>et</span> <span class='ocrx_word' id='word_1_137' title='bbox 315 2149 543 2206; x_wconf 82' lang='lat' dir='ltr'>Pharsalum.</span> <span class='ocrx_word' id='word_1_138' title='bbox 591 2151 631 2208; x_wconf 86' lang='lat' dir='ltr'>Et</span> <span class='ocrx_word' id='word_1_139' title='bbox 652 2151 681 2207; x_wconf 89' lang='lat' dir='ltr'>in</span> <span class='ocrx_word' id='word_1_140' title='bbox 701 2161 840 2224; x_wconf 90' lang='lat' dir='ltr'>quattuor</span> <span class='ocrx_word' id='word_1_141' title='bbox 852 2149 1104 2208; x_wconf 86' lang='lat' dir='ltr'>Draehenborchii</span> <span class='ocrx_word' id='word_1_142' title='bbox 1126 2168 1174 2205; x_wconf 92' lang='lat' dir='ltr'>co-</span> 
     </span>
     <span class='ocr_line' id='line_1_19' title="bbox 100 2251 1177 2330; baseline 0.004 -23"><span class='ocrx_word' id='word_1_143' title='bbox 100 2252 217 2308; x_wconf 89' lang='lat' dir='ltr'>dicibus</span> <span class='ocrx_word' id='word_1_144' title='bbox 242 2261 270 2308; x_wconf 88' lang='lat' dir='ltr'>ct</span> <span class='ocrx_word' id='word_1_145' title='bbox 298 2251 327 2308; x_wconf 88' lang='lat' dir='ltr'>in</span> <span class='ocrx_word' id='word_1_146' title='bbox 351 2255 560 2329; x_wconf 86' lang='lat' dir='ltr'>Bambergensi</span> <span class='ocrx_word' id='word_1_147' title='bbox 594 2255 735 2314; x_wconf 86' lang='lat' dir='ltr'>omittitur</span> <span class='ocrx_word' id='word_1_148' title='bbox 762 2265 810 2326; x_wconf 81' lang='lat' dir='ltr'>et,</span> <span class='ocrx_word' id='word_1_149' title='bbox 839 2267 974 2330; x_wconf 87' lang='lat' dir='ltr'>recteque</span> <span class='ocrx_word' id='word_1_150' title='bbox 1001 2255 1031 2312; x_wconf 92' lang='lat' dir='ltr'>id</span> <span class='ocrx_word' id='word_1_151' title='bbox 1061 2255 1177 2312; x_wconf 86' lang='lat' dir='ltr'>sustulit</span> 
     </span>
     <span class='ocr_line' id='line_1_20' title="bbox 104 2359 1176 2436; baseline 0.003 -22"><span class='ocrx_word' id='word_1_152' title='bbox 104 2359 361 2416; x_wconf 85' lang='lat' dir='ltr'>Weissenbomius</span> <span class='ocrx_word' id='word_1_153' title='bbox 383 2361 425 2433; x_wconf 80' lang='lat' dir='ltr'>(in</span> <span class='ocrx_word' id='word_1_154' title='bbox 448 2361 515 2417; x_wconf 90' lang='lat' dir='ltr'>edit.</span> <span class='ocrx_word' id='word_1_155' title='bbox 537 2362 767 2436; x_wconf 87' lang='lat' dir='ltr'>Teubneriana).</span> <span class='ocrx_word' id='word_1_156' title='bbox 817 2362 954 2432; x_wconf 80' lang='lat' dir='ltr'>XXXV,</span> <span class='ocrx_word' id='word_1_157' title='bbox 975 2365 1024 2432; x_wconf 81' lang='grc'>34,</span> <span class='ocrx_word' id='word_1_158' title='bbox 1048 2366 1080 2419; x_wconf 81' lang='lat'>4:</span> <span class='ocrx_word' id='word_1_159' title='bbox 1102 2363 1176 2418; x_wconf 92' lang='lat' dir='ltr'>De-</span> 
     </span>
    </p>
   </div>
   <div class='ocr_carea' id='block_1_13' title="bbox 1 2465 1174 2646">
    <p class='ocr_par' dir='ltr' id='par_1_13' title="bbox 1 2465 1174 2646">
     <span class='ocr_line' id='line_1_21' title="bbox 1 2465 1174 2542; baseline 0.002 -22"><span class='ocrx_word' id='word_1_160' title='bbox 1 2511 2 2528; x_wconf 62' lang='grc'>,</span> <span class='ocrx_word' id='word_1_161' title='bbox 104 2465 336 2535; x_wconf 81' lang='lat' dir='ltr'>metriadem‚</span> <span class='ocrx_word' id='word_1_162' title='bbox 358 2465 566 2524; x_wconf 84' lang='lat' dir='ltr'>Chalcidem</span> <span class='ocrx_word' id='word_1_163' title='bbox 590 2467 939 2528; x_wconf 81' lang='lat' dir='ltr'>etLacedaemonem</span> <span class='ocrx_word' id='word_1_164' title='bbox 975 2466 1120 2542; x_wconf 84' lang='lat' dir='ltr'>Copulam</span> <span class='ocrx_word' id='word_1_165' title='bbox 1146 2467 1174 2522; x_wconf 90' lang='lat' dir='ltr'>in</span> 
     </span>
     <span class='ocr_line' id='line_1_22' title="bbox 1 2571 1174 2646; baseline 0 -20"><span class='ocrx_word' id='word_1_166' title='bbox 1 2583 2 2600; x_wconf 66' lang='lat'>¹</span> <span class='ocrx_word' id='word_1_167' title='bbox 104 2571 317 2644; x_wconf 85' lang='lat' dir='ltr'>Bamhergeusi</span> <span class='ocrx_word' id='word_1_168' title='bbox 356 2572 548 2646; x_wconf 89' lang='lat' dir='ltr'>omnibusque</span> <span class='ocrx_word' id='word_1_169' title='bbox 581 2571 814 2629; x_wconf 84' lang='lat' dir='ltr'>Drakenborchii</span> <span class='ocrx_word' id='word_1_170' title='bbox 848 2571 997 2628; x_wconf 85' lang='lat' dir='ltr'>codicibus</span> <span class='ocrx_word' id='word_1_171' title='bbox 1036 2571 1174 2627; x_wconf 91' lang='lat' dir='ltr'>omissam</span> 
     </span>
    </p>
   </div>
   <div class='ocr_carea' id='block_1_14' title="bbox 124 2834 1176 2994">
    <p class='ocr_par' dir='ltr' id='par_1_14' title="bbox 124 2834 1176 2994">
     <span class='ocr_line' id='line_1_23' title="bbox 124 2834 1176 2902; baseline -0.004 -16"><span class='ocrx_word' id='word_1_172' title='bbox 124 2835 151 2902; x_wconf 76' lang='lat'>¹)</span> <span class='ocrx_word' id='word_1_173' title='bbox 177 2837 278 2896; x_wconf 90' lang='lat' dir='ltr'>XXIV,</span> <span class='ocrx_word' id='word_1_174' title='bbox 302 2843 345 2896; x_wconf 83' lang='lat'>10,</span> <span class='ocrx_word' id='word_1_175' title='bbox 370 2841 384 2883; x_wconf 82' lang='lat'>9</span> <span class='ocrx_word' id='word_1_176' title='bbox 404 2836 481 2884; x_wconf 85' lang='lat' dir='ltr'>verba</span> <span class='ocrx_word' id='word_1_177' title='bbox 500 2835 536 2884; x_wconf 87' lang='lat' dir='ltr'>sic</span> <span class='ocrx_word' id='word_1_178' title='bbox 556 2837 735 2900; x_wconf 82' lang='lat' dir='ltr'>coniungenda</span> <span class='ocrx_word' id='word_1_179' title='bbox 755 2847 830 2889; x_wconf 87' lang='lat' dir='ltr'>suut:</span> <span class='ocrx_word' id='word_1_180' title='bbox 858 2834 1015 2899; x_wconf 65' lang='lat' dir='ltr'>autemst)</span> <span class='ocrx_word' id='word_1_181' title='bbox 1034 2836 1066 2883; x_wconf 90' lang='lat' dir='ltr'>iu</span> <span class='ocrx_word' id='word_1_182' title='bbox 1086 2835 1176 2884; x_wconf 88' lang='lat' dir='ltr'>Sabi·</span> 
     </span>
     <span class='ocr_line' id='line_1_24' title="bbox 178 2927 1086 2994; baseline -0.002 -16"><span class='ocrx_word' id='word_1_183' title='bbox 178 2931 231 2978; x_wconf 89' lang='lat' dir='ltr'>uis</span> <span class='ocrx_word' id='word_1_184' title='bbox 251 2927 483 2992; x_wconf 83' lang='lat' dir='ltr'>publicamque</span> <span class='ocrx_word' id='word_1_185' title='bbox 502 2928 602 2986; x_wconf 80' lang='lat' dir='ltr'>viam,</span> <span class='ocrx_word' id='word_1_186' title='bbox 622 2943 742 2978; x_wconf 85' lang='lat' dir='ltr'>murum</span> <span class='ocrx_word' id='word_1_187' title='bbox 765 2945 801 2978; x_wconf 88' lang='lat' dir='ltr'>ac</span> <span class='ocrx_word' id='word_1_188' title='bbox 820 2939 943 2994; x_wconf 84' lang='lat' dir='ltr'>portam</span> <span class='ocrx_word' id='word_1_189' title='bbox 965 2929 1086 2979; x_wconf 84' lang='lat' dir='ltr'>Gabiis.</span> 
     </span>
    </p>
   </div>
   <div class='ocr_carea' id='block_1_15' title="bbox 117 3041 1181 4122">
    <p class='ocr_par' dir='ltr' id='par_1_15' title="bbox 117 3041 1181 4122">
     <span class='ocr_line' id='line_1_25' title="bbox 117 3041 1177 3108; baseline -0.003 -15"><span class='ocrx_word' id='word_1_190' title='bbox 117 3041 152 3108; x_wconf 73' lang='lat'>¹)</span> <span class='ocrx_word' id='word_1_191' title='bbox 178 3045 262 3104; x_wconf 86' lang='lat' dir='ltr'>Quam</span> <span class='ocrx_word' id='word_1_192' title='bbox 286 3045 313 3093; x_wconf 91' lang='lat' dir='ltr'>in</span> <span class='ocrx_word' id='word_1_193' title='bbox 338 3044 386 3091; x_wconf 88' lang='lat' dir='ltr'>hoc</span> <span class='ocrx_word' id='word_1_194' title='bbox 412 3043 471 3091; x_wconf 89' lang='lat' dir='ltr'>loco</span> <span class='ocrx_word' id='word_1_195' title='bbox 495 3042 720 3094; x_wconf 85' lang='lat' dir='ltr'>Weissenbornius</span> <span class='ocrx_word' id='word_1_196' title='bbox 747 3055 849 3094; x_wconf 87' lang='lat' dir='ltr'>secutus</span> <span class='ocrx_word' id='word_1_197' title='bbox 874 3055 914 3094; x_wconf 89' lang='lat' dir='ltr'>est</span> <span class='ocrx_word' id='word_1_198' title='bbox 937 3043 1091 3094; x_wconf 74' lang='lat' dir='ltr'>Kindstheri</span> <span class='ocrx_word' id='word_1_199' title='bbox 1116 3057 1177 3091; x_wconf 87' lang='lat' dir='ltr'>eon-</span> 
     </span>
     <span class='ocr_line' id='line_1_26' title="bbox 176 3133 1178 3202; baseline -0.003 -18"><span class='ocrx_word' id='word_1_200' title='bbox 176 3139 299 3186; x_wconf 86' lang='lat' dir='ltr'>iccturam</span> <span class='ocrx_word' id='word_1_201' title='bbox 319 3151 351 3183; x_wconf 87' lang='lat' dir='ltr'>cx</span> <span class='ocrx_word' id='word_1_202' title='bbox 370 3135 468 3184; x_wconf 84' lang='lat' dir='ltr'>duabus</span> <span class='ocrx_word' id='word_1_203' title='bbox 488 3133 611 3184; x_wconf 87' lang='lat' dir='ltr'>Gronovii</span> <span class='ocrx_word' id='word_1_204' title='bbox 632 3146 726 3198; x_wconf 85' lang='lat' dir='ltr'>natam,</span> <span class='ocrx_word' id='word_1_205' title='bbox 745 3153 776 3188; x_wconf 85' lang='lat' dir='ltr'>en</span> <span class='ocrx_word' id='word_1_206' title='bbox 793 3139 927 3202; x_wconf 85' lang='lat' dir='ltr'>probanda</span> <span class='ocrx_word' id='word_1_207' title='bbox 945 3151 995 3186; x_wconf 90' lang='lat' dir='ltr'>non</span> <span class='ocrx_word' id='word_1_208' title='bbox 1016 3144 1070 3184; x_wconf 87' lang='lat' dir='ltr'>erat</span> <span class='ocrx_word' id='word_1_209' title='bbox 1089 3144 1178 3183; x_wconf 90' lang='lat' dir='ltr'>tenen-</span> 
     </span>
     <span class='ocr_line' id='line_1_27' title="bbox 178 3227 1177 3294; baseline -0.003 -18"><span class='ocrx_word' id='word_1_210' title='bbox 178 3231 289 3292; x_wconf 85' lang='lat' dir='ltr'>dumque</span> <span class='ocrx_word' id='word_1_211' title='bbox 310 3243 367 3276; x_wconf 90' lang='lat' dir='ltr'>cum</span> <span class='ocrx_word' id='word_1_212' title='bbox 384 3227 518 3287; x_wconf 84' lang='lat' dir='ltr'>Creverio,</span> <span class='ocrx_word' id='word_1_213' title='bbox 538 3229 605 3290; x_wconf 88' lang='lat' dir='ltr'>quod</span> <span class='ocrx_word' id='word_1_214' title='bbox 626 3229 810 3294; x_wconf 83' lang='lat' dir='ltr'>supraposui,</span> <span class='ocrx_word' id='word_1_215' title='bbox 831 3227 921 3276; x_wconf 84' lang='lat' dir='ltr'>acod.</span> <span class='ocrx_word' id='word_1_216' title='bbox 941 3229 1001 3282; x_wconf 82' lang='lat' dir='ltr'>Pul.</span> <span class='ocrx_word' id='word_1_217' title='bbox 1021 3243 1073 3275; x_wconf 85' lang='lat' dir='ltr'>uua</span> <span class='ocrx_word' id='word_1_218' title='bbox 1091 3227 1177 3274; x_wconf 87' lang='lat' dir='ltr'>littera</span> 
     </span>
     <span class='ocr_line' id='line_1_28' title="bbox 179 3320 1175 3384; baseline -0.003 -15"><span class='ocrx_word' id='word_1_219' title='bbox 179 3320 365 3383; x_wconf 83' lang='lat' dir='ltr'>(militiatq)</span> <span class='ocrx_word' id='word_1_220' title='bbox 391 3321 532 3369; x_wconf 86' lang='lat' dir='ltr'>discedens.</span> <span class='ocrx_word' id='word_1_221' title='bbox 589 3322 706 3371; x_wconf 86' lang='lat' dir='ltr'>Potiores</span> <span class='ocrx_word' id='word_1_222' title='bbox 732 3323 811 3370; x_wconf 86' lang='lat' dir='ltr'>duces</span> <span class='ocrx_word' id='word_1_223' title='bbox 835 3329 908 3380; x_wconf 87' lang='lat' dir='ltr'>suut,</span> <span class='ocrx_word' id='word_1_224' title='bbox 938 3335 1003 3384; x_wconf 90' lang='lat' dir='ltr'>quos</span> <span class='ocrx_word' id='word_1_225' title='bbox 1022 3320 1108 3369; x_wconf 87' lang='lat' dir='ltr'>Livius</span> <span class='ocrx_word' id='word_1_226' title='bbox 1127 3320 1175 3380; x_wconf 75' lang='lat'>§1</span> 
     </span>
     <span class='ocr_line' id='line_1_29' title="bbox 178 3411 1177 3477; baseline -0.003 -17"><span class='ocrx_word' id='word_1_227' title='bbox 178 3413 263 3474; x_wconf 81' lang='lat' dir='ltr'>magis</span> <span class='ocrx_word' id='word_1_228' title='bbox 281 3413 404 3476; x_wconf 78' lang='lat' dir='ltr'>impigros</span> <span class='ocrx_word' id='word_1_229' title='bbox 429 3414 508 3474; x_wconf 67' lang='lat' dir='ltr'>dixitr</span> <span class='ocrx_word' id='word_1_230' title='bbox 538 3428 626 3462; x_wconf 79' lang='lat' dir='ltr'>corum</span> <span class='ocrx_word' id='word_1_231' title='bbox 649 3415 742 3464; x_wconf 87' lang='lat' dir='ltr'>fiducia</span> <span class='ocrx_word' id='word_1_232' title='bbox 768 3414 935 3477; x_wconf 79' lang='lat' dir='ltr'>erigebantur</span> <span class='ocrx_word' id='word_1_233' title='bbox 962 3413 1072 3462; x_wconf 87' lang='lat' dir='ltr'>militum</span> <span class='ocrx_word' id='word_1_234' title='bbox 1099 3411 1177 3460; x_wconf 86' lang='lat' dir='ltr'>animi</span> 
     </span>
     <span class='ocr_line' id='line_1_30' title="bbox 180 3503 1177 3572; baseline 0.001 -21"><span class='ocrx_word' id='word_1_235' title='bbox 180 3505 313 3554; x_wconf 78' lang='lat' dir='ltr'>victoriam</span> <span class='ocrx_word' id='word_1_236' title='bbox 332 3507 494 3569; x_wconf 67' lang='lat' dir='ltr'>predamque</span> <span class='ocrx_word' id='word_1_237' title='bbox 513 3507 724 3568; x_wconf 80' lang='lat' dir='ltr'>exspectantium.</span> <span class='ocrx_word' id='word_1_238' title='bbox 764 3505 860 3572; x_wconf 78' lang='lat' dir='ltr'>Ipsum,</span> <span class='ocrx_word' id='word_1_239' title='bbox 880 3507 949 3570; x_wconf 90' lang='lat' dir='ltr'>quod</span> <span class='ocrx_word' id='word_1_240' title='bbox 969 3507 1086 3563; x_wconf 86' lang='lat' dir='ltr'>additur,</span> <span class='ocrx_word' id='word_1_241' title='bbox 1107 3503 1177 3553; x_wconf 80' lang='lat' dir='ltr'>luu-</span> 
     </span>
     <span class='ocr_line' id='line_1_31' title="bbox 179 3597 1177 3662; baseline -0.001 -18"><span class='ocrx_word' id='word_1_242' title='bbox 179 3598 290 3659; x_wconf 78' lang='lat' dir='ltr'>gendoe</span> <span class='ocrx_word' id='word_1_243' title='bbox 308 3597 440 3646; x_wconf 84' lang='lat' dir='ltr'>confirmat</span> <span class='ocrx_word' id='word_1_244' title='bbox 459 3612 543 3646; x_wconf 88' lang='lat' dir='ltr'>vorum</span> <span class='ocrx_word' id='word_1_245' title='bbox 557 3613 614 3648; x_wconf 88' lang='lat' dir='ltr'>esse</span> <span class='ocrx_word' id='word_1_246' title='bbox 632 3599 837 3662; x_wconf 85' lang='lat' dir='ltr'>potioribus;</span> <span class='ocrx_word' id='word_1_247' title='bbox 856 3614 916 3647; x_wconf 87' lang='lat' dir='ltr'>nam</span> <span class='ocrx_word' id='word_1_248' title='bbox 935 3600 956 3648; x_wconf 88' lang='lat' dir='ltr'>si</span> <span class='ocrx_word' id='word_1_249' title='bbox 976 3597 1114 3646; x_wconf 87' lang='lat' dir='ltr'>ducibus</span> <span class='ocrx_word' id='word_1_250' title='bbox 1132 3597 1177 3644; x_wconf 88' lang='lat' dir='ltr'>da·</span> 
     </span>
     <span class='ocr_line' id='line_1_32' title="bbox 178 3689 1178 3754; baseline -0.002 -16"><span class='ocrx_word' id='word_1_251' title='bbox 178 3690 247 3738; x_wconf 81' lang='lat' dir='ltr'>tirus</span> <span class='ocrx_word' id='word_1_252' title='bbox 261 3699 328 3738; x_wconf 86' lang='lat' dir='ltr'>essct</span> <span class='ocrx_word' id='word_1_253' title='bbox 340 3692 426 3752; x_wconf 87' lang='lat' dir='ltr'>(spes</span> <span class='ocrx_word' id='word_1_254' title='bbox 445 3689 537 3738; x_wconf 85' lang='lat' dir='ltr'>lacta</span> <span class='ocrx_word' id='word_1_255' title='bbox 555 3692 695 3741; x_wconf 88' lang='lat' dir='ltr'>ducibus</span> <span class='ocrx_word' id='word_1_256' title='bbox 713 3691 860 3754; x_wconf 89' lang='lat' dir='ltr'>potioris</span> <span class='ocrx_word' id='word_1_257' title='bbox 878 3689 1028 3752; x_wconf 75' lang='lat' dir='ltr'>milities),</span> <span class='ocrx_word' id='word_1_258' title='bbox 1049 3689 1178 3738; x_wconf 87' lang='lat' dir='ltr'>omittere·</span> 
     </span>
     <span class='ocr_line' id='line_1_33' title="bbox 180 3780 1179 3845; baseline -0.002 -15"><span class='ocrx_word' id='word_1_259' title='bbox 180 3790 221 3830; x_wconf 89' lang='lat' dir='ltr'>tur</span> <span class='ocrx_word' id='word_1_260' title='bbox 240 3781 419 3844; x_wconf 75' lang='lat' dir='ltr'>fungendae.</span> <span class='ocrx_word' id='word_1_261' title='bbox 458 3780 620 3844; x_wconf 86' lang='lat' dir='ltr'>Omninoque</span> <span class='ocrx_word' id='word_1_262' title='bbox 637 3783 812 3831; x_wconf 82' lang='lat' dir='ltr'>honoratioris</span> <span class='ocrx_word' id='word_1_263' title='bbox 832 3781 1062 3845; x_wconf 75' lang='lat' dir='ltr'>fructuosiorisque</span> <span class='ocrx_word' id='word_1_264' title='bbox 1081 3781 1179 3829; x_wconf 73' lang='lat' dir='ltr'>militie</span> 
     </span>
     <span class='ocr_line' id='line_1_34' title="bbox 178 3873 1178 3938; baseline -0.001 -16"><span class='ocrx_word' id='word_1_265' title='bbox 178 3875 314 3937; x_wconf 87' lang='lat' dir='ltr'>promissio</span> <span class='ocrx_word' id='word_1_266' title='bbox 338 3874 450 3938; x_wconf 84' lang='lat' dir='ltr'>pertinet</span> <span class='ocrx_word' id='word_1_267' title='bbox 472 3875 504 3922; x_wconf 86' lang='lat' dir='ltr'>ad</span> <span class='ocrx_word' id='word_1_268' title='bbox 524 3875 616 3924; x_wconf 86' lang='lat' dir='ltr'>milites</span> <span class='ocrx_word' id='word_1_269' title='bbox 636 3875 767 3937; x_wconf 82' lang='lat' dir='ltr'>gregarios</span> <span class='ocrx_word' id='word_1_270' title='bbox 796 3874 879 3936; x_wconf 84' lang='lat' dir='ltr'>(velut</span> <span class='ocrx_word' id='word_1_271' title='bbox 897 3873 1021 3934; x_wconf 71' lang='lat' dir='ltr'>xxm,</span> <span class='ocrx_word' id='word_1_272' title='bbox 1041 3881 1091 3932; x_wconf 75' lang='lat'>23,</span> <span class='ocrx_word' id='word_1_273' title='bbox 1111 3881 1126 3923; x_wconf 78' lang='grc'>9</span> <span class='ocrx_word' id='word_1_274' title='bbox 1146 3875 1178 3922; x_wconf 87' lang='lat' dir='ltr'>ad</span> 
     </span>
     <span class='ocr_line' id='line_1_35' title="bbox 178 3966 1181 4030; baseline 0 -15"><span class='ocrx_word' id='word_1_275' title='bbox 178 3967 265 4015; x_wconf 85' lang='lat' dir='ltr'>socios</span> <span class='ocrx_word' id='word_1_276' title='bbox 285 3967 405 4025; x_wconf 79' lang='lat' dir='ltr'>navales,</span> <span class='ocrx_word' id='word_1_277' title='bbox 434 3967 477 4030; x_wconf 84' lang='lat' dir='ltr'>qni</span> <span class='ocrx_word' id='word_1_278' title='bbox 505 3967 613 4030; x_wconf 85' lang='lat' dir='ltr'>pedibus</span> <span class='ocrx_word' id='word_1_279' title='bbox 641 3967 767 4030; x_wconf 86' lang='lat' dir='ltr'>stipendia</span> <span class='ocrx_word' id='word_1_280' title='bbox 793 3981 889 4016; x_wconf 77' lang='lat' dir='ltr'>merere</span> <span class='ocrx_word' id='word_1_281' title='bbox 907 3966 1072 4030; x_wconf 61' lang='lat' dir='ltr'>capistrum</span> <span class='ocrx_word' id='word_1_282' title='bbox 1105 3967 1181 4016; x_wconf 85' lang='lat' dir='ltr'>altior</span> 
     </span>
     <span class='ocr_line' id='line_1_36' title="bbox 181 4059 769 4122; baseline 0 -14"><span class='ocrx_word' id='word_1_283' title='bbox 181 4061 247 4108; x_wconf 88' lang='lat' dir='ltr'>inter</span> <span class='ocrx_word' id='word_1_284' title='bbox 264 4061 342 4109; x_wconf 79' lang='lat' dir='ltr'>dures</span> <span class='ocrx_word' id='word_1_285' title='bbox 361 4060 456 4122; x_wconf 79' lang='lat' dir='ltr'>gradus</span> <span class='ocrx_word' id='word_1_286' title='bbox 474 4073 525 4108; x_wconf 88' lang='lat' dir='ltr'>nou</span> <span class='ocrx_word' id='word_1_287' title='bbox 545 4059 582 4107; x_wconf 82' lang='lat' dir='ltr'>ita</span> <span class='ocrx_word' id='word_1_288' title='bbox 601 4059 769 4122; x_wconf 81' lang='lat' dir='ltr'>significatur.</span> 
     </span>
    </p>
   </div>
   <div class='ocr_carea' id='block_1_16' title="bbox 0 0 1427 4650">
    <p class='ocr_par' dir='ltr' id='par_1_16' title="bbox 0 0 1427 4650">
     <span class='ocr_line' id='line_1_37' title="bbox 0 0 1427 4650; baseline 0 0"><span class='ocrx_word' id='word_1_289' title='bbox 0 0 1427 4650; x_wconf 95' lang='lat' dir='ltr'> </span> 
     </span>
    </p>
   </div>
  </div>
 </body>
</html>
