2800 4646
7 3977 11 4164 i

572 283 632 338 249
932 282 989 332 Lib.
1008 283 1095 332 XXII.

156 461 254 539 *Cap
278 465 334 533 38,
358 465 375 520 3
410 463 471 519 dixi
493 473 560 520 ante
581 465 687 523 multos
710 482 802 522 annos
824 463 946 540 (Opuse.
969 467 1064 524 Aead.
1085 468 1135 527 slt.

64 589 96 644 p.
125 571 201 642 360)
223 568 406 626 scribendum
429 587 507 626 esse:
540 571 599 627 ubi
636 571 679 628 ed
704 569 966 628 decuriandum
989 591 1029 630 ae
1053 591 1136 630 cen·

65 675 282 732 turisendum
306 675 575 732 convenissent
601 681 668 751 (pro
691 694 736 745 eo,
759 675 838 750 quod
861 674 975 732 codices
990 685 1019 733 et
1034 678 1136 735 editio·

65 797 122 836 nes
144 781 265 837 hubent:
299 779 342 836 ed
364 780 595 838 decuriatum
621 799 662 838 ac
685 779 967 853 centuriatum),
996 785 1136 858 gerundio

67 885 191 960 passive
213 893 332 960 eccepto
350 885 398 957 (ut
419 886 708 943 decuriarentur
738 903 778 942 ee
808 887 1136 961 centuriarentur),

66 1009 124 1048 nec
147 992 320 1048 sententiam
343 999 433 1050 muto.
483 992 561 1048 Nam
585 990 663 1064 quod
686 991 777 1046 multa
799 991 933 1048 dicuntur
953 1011 1016 1051 esse
1038 995 1135 1053 huius·

68 1097 151 1154 modi
174 1095 451 1169 substantivaque
474 1115 531 1152 nno
546 1105 658 1152 tantum
682 1105 732 1152 sut
758 1096 850 1154 altero
866 1097 932 1154 loeo
947 1100 1136 1174 reperiantur,

68 1202 99 1258 id
123 1203 161 1259 de
185 1203 313 1259 ablativo
336 1219 399 1257 eum
422 1201 549 1276 genitivo
572 1211 623 1256 aut
644 1201 817 1274 pronomine
838 1203 934 1276 posito
957 1223 1055 1262 rerum
1079 1217 1136 1276 est3

68 1309 94 1365 si
118 1308 336 1366 decoriatus
359 1316 410 1362 aut
428 1306 665 1364 centuriatus
690 1325 744 1381 pro
767 1308 843 1364 veris
865 1309 1054 1367 substantivis
1077 1313 1135 1382 (ed

69 1413 150 1473 dee.
179 1412 395 1478 convenire)
431 1412 467 1470 de
500 1411 621 1468 militum
652 1411 836 1469 indecorius
860 1415 1063 1490 centuriasque
1086 1417 1136 1474 de·

72 1519 233 1594 scriptione
252 1517 361 1574 usitata
383 1517 515 1586 fuissent,
536 1517 587 1574 vix
610 1519 666 1574 hoo
686 1535 744 1574 uno
759 1517 824 1574 leco
846 1521 1048 1593 reperirentur.
1060 1517 1086 1590 ¹)

155 1619 254 1698 'Cep
279 1628 328 1692 te,
351 1628 384 1680 4:
406 1625 461 1681 Ab
482 1623 549 1679 hoe
571 1639 740 1680 sermone
762 1623 967 1698 profectum
982 1627 1134 1687 Paulum

70 1727 244 1798 tradunt,
279 1729 593 1803 prosequentibus
615 1729 842 1802 primoribus
873 1739 1030 1804 patrum3
1063 1733 1134 1808 ple·

70 1834 191 1890 beium
216 1834 400 1890 consulem
437 1852 501 1890 suu
522 1835 625 1909 plebs
654 1847 874 1904 consecuta,
903 1837 1013 1892 turba
1048 1855 1135 1894 con-

69 1939 255 2014 spectior,
292 1959 397 2014 quum
428 1940 637 2014 dignitates
673 1939 856 1996 deessent.
917 1940 1135 2015 Dignitates

70 2043 216 2118 appellari
236 2045 316 2120 ipsos
339 2046 470 2102 homines
493 2045 632 2120 dignitate
654 2054 682 2101 et
701 2046 855 2102 honestate
875 2045 1017 2119 insignes,
1052 2067 1135 2123 pror·

72 2213 272 2222 Ψ

97 2293 124 2360 ¹)
143 2295 209 2360 Cep.
230 2301 272 2356 ³9,
293 2301 324 2344 14
344 2295 512 2344 certissimum
534 2301 572 2342 est
601 2293 765 2359 absumpti
793 2293 859 2356 (PM
880 2295 1058 2355 absumsit,
1083 2311 1136 2344 non

144 2388 350 2452 absumpsit),
369 2389 395 2436 in
414 2387 484 2448 quod
502 2387 575 2435 video
595 2388 670 2436 etiam
690 2385 904 2448 Heerwagenium
924 2386 1060 2445 incidiesc3
1079 2401 1137 2435 mes

144 2481 292 2529 coniectura
311 2478 378 2542 apud
398 2477 580 2539 ingerslevium
606 2479 631 2526 in
656 2486 779 2527 contextu
797 2478 909 2540 pesitum
929 2485 991 2534 erat,
1010 2478 1037 2525 in
1055 2479 1135 2526 edno-

143 2575 241 2622 tatione
259 2571 391 2620 omissum.
433 2567 493 2618 Non
512 2569 595 2618 minus
627 2570 773 2631 eertum,§
795 2569 901 2627 16,οοί
928 2569 1131 2618 mirificissimam

140 2664 216 2728 (nam
236 2664 393 2714 Terentiano
411 2661 565 2724 superlativo
592 2661 714 2708 utendum
737 2661 790 2724 est)
815 2662 842 2710 in
861 2663 950 2710 sedete
968 2678 1013 2726 per
1028 2663 1136 2711 interro·

143 2757 276 2819 petionem
301 2755 516 2804 demonstratione
543 2747 736 2818 ἀποσιώπησιν
763 2753 837 2802 unius
855 2753 924 2800 verbi
942 2753 1055 2816 fingunt,
1075 2755 1137 2803 scri·

144 2849 255 2897 bendum
275 2862 338 2906 esse,
357 2846 434 2908 quod,
454 2859 531 2908 quum
552 2860 568 2891 s
587 2843 717 2892 Gronovio
735 2853 888 2908 preceptum
910 2855 959 2889 non
977 2842 1137 2890 enimndrer-

144 2949 239 2998 terem,
260 2941 313 3003 ipse
332 2939 429 2986 inveni:
457 2936 622 2996 Quamdiu
645 2952 702 3000 pro
723 2936 884 2984 Gereonii
963 2935 1136 2984 moenibus

144 3034 253 3081 sedcti
289 3031 332 3080 Nc
354 3033 514 3079 adversus
541 3036 587 3077 etc.
623 3027 711 3077 Etiam
742 3029 798 3077 red
829 3043 875 3091 per
902 3041 928 3076 se
950 3041 1054 3089 pravum
1075 3037 1136 3076 eret.

143 3124 280 3173 Postremo
299 3124 314 3185 ξ
334 3128 347 3170 5
367 3137 419 3170 non
436 3122 521 3186 potuit
540 3121 629 3170 Livius
646 3119 754 3168 Fabium
774 3121 812 3169 sie
830 3119 976 3182 loquentem
993 3117 1086 3178 fecere,
1100 3129 1137 3180 ut,

144 3231 202 3279 qum
222 3217 254 3264 ad
275 3214 476 3264 confirmandum
494 3214 560 3262 hane
580 3213 748 3261 sententiam:
767 3210 897 3269 nescio,
923 3224 960 3257 un
978 3209 1138 3260 infestior

144 3309 196 3358 hic
214 3306 551 3372 (Vorro)adrersarius
571 3319 662 3368 quam
685 3303 743 3352 iile
762 3303 871 3352 hostis
889 3309 1019 3351 maneat
1037 3309 1068 3348 te
1088 3302 1136 3364 (sie

144 3417 191 3465 pre
210 3406 340 3450 manent
358 3405 389 3446 et
408 3398 580 3454 scribendum,
601 3413 651 3446 non
670 3403 803 3445 manent
820 3403 851 3444 et
869 3397 909 3450 te)
929 3408 986 3441 cum
1006 3408 1137 3442 asserem·

146 3493 215 3541 tione
235 3491 355 3540 addenda
373 3499 446 3540 erant
465 3495 544 3546 (nem
569 3505 639 3538 cum
658 3489 722 3536 illo
742 3487 810 3550 cet),
836 3483 932 3536 exilio
961 3484 1072 3532 neseio
1098 3498 1137 3532 an

146 3593 258 3633 necteret
288 3583 415 3644 (nescio
437 3596 475 3630 en
500 3597 568 3650 enm
592 3582 654 3630 illo
673 3581 704 3628 in
724 3580 793 3627 ecie
812 3587 937 3628 tantum
1028 3583 1137 3624 certa·
1173 3590 1177 3599 ·

145 3685 239 3724 turus
258 3675 323 3738 sis).
367 3675 446 3724 Recte
469 3675 529 3724 oiim
555 3674 678 3722 edebatur
697 3679 885 3719 certaturus
904 3683 934 3718 ee
1008 3667 1069 3716 tibi
1088 3676 1138 3717 est

145 3767 272 3828 (tibist,
291 3765 399 3816 sortasse
420 3767 482 3816 tibi
503 3765 578 3828 erit)
651 3773 680 3812 te
699 3771 746 3812 est
770 3763 857 3825 (test)
876 3768 1136 3826 oppugnaturus.

142 3858 179 3908 Et
208 3859 233 3908 in
261 3861 344 3924 primo
371 3859 473 3922 quidem
505 3857 620 3905 membro
653 3856 775 3916 ambigua
793 3854 918 3902 Puteanei
939 3855 1065 3918 scripturn
1085 3866 1135 3900 non

136 3953 228 4002 winus
255 3951 394 3999 indicativo
419 3964 496 4012 quum
524 3947 687 3997 coniunctim
706 3947 788 4006 seret,
816 3944 837 3994 C
864 3947 1028 3995 indicativum
1050 3945 1137 3994 hebet.

143 4044 159 4105 5
179 4048 209 4091 21
230 4051 289 4092 onte
310 4042 366 4091 sed
384 4050 417 4090 ut
435 4041 531 4090 excidit
549 4041 679 4090 suadeo.
