2826 4650
315 269 371 320 Lib.
391 269 412 318 1.
790 273 829 330 48

279 455 430 512 relativam
453 457 685 515 accommodavit
706 456 744 512 ed
766 455 904 531 temporis
925 456 1103 514 notationem
1123 456 1217 531 (post
1238 475 1262 518 c.
1287 461 1335 530 u),

245 535 248 543 Δ
279 578 344 633 quoe
365 560 497 617 obsolute
517 562 634 636 ponitur
656 561 823 636 (interiectis
845 570 959 618 centum
984 561 1088 634 suuis).
1145 562 1226 619 Idem
1255 581 1335 619 men-

279 665 346 722 dum
372 671 489 740 (quum
512 687 565 743 pro
589 666 695 743 qnod)
719 667 877 724 tollendum
899 667 953 724 erit
963 667 1021 737 111,
1037 671 1085 736 56,
1100 663 1160 737 2.¹)
1224 669 1335 726 Eodem

225 755 228 765 ¹
278 771 372 846 cupite
394 776 408 841 ἓ
432 777 449 830 5
471 791 525 847 pro
548 793 597 845 eo,
620 775 699 849 qnod
722 793 739 830 e
760 773 907 830 codicibus
930 783 1074 832 servatur:
1096 773 1131 830 in
1153 774 1335 830 vestibulo

278 878 385 952 regiae
406 896 509 952 quem
531 889 683 955 potuere
705 878 1033 937 tumultuosissime
1054 879 1175 954 specie
1193 879 1280 936 rixae
1301 881 1335 936 in

278 1001 315 1039 se
339 1001 459 1040 omnes
484 986 720 1060 apparitores
741 985 864 1061 regios
892 993 1123 1055 convertunt,
1154 985 1334 1042 scribendum

278 1089 391 1150 videtur
412 1090 491 1147 nulls
512 1110 604 1166 prope
625 1092 797 1161 mutatione:
830 1109 933 1165 quem
963 1099 1114 1165 potuere
1142 1092 1334 1149 tumultuo-

278 1196 429 1254 sissimae
450 1197 572 1272 specie
599 1198 700 1266 rixae3
729 1215 797 1254 nem
819 1195 1041 1253 tumultuose
1063 1195 1218 1271 aliquem
1243 1199 1278 1254 in
1300 1217 1335 1255 se

278 1311 492 1360 convertere
513 1303 565 1360 vix
587 1312 665 1360 recte
686 1303 802 1371 dicitur3
833 1301 1008 1360 tumultuose
1022 1302 1149 1358 rixantes
1166 1303 1195 1359 in
1211 1322 1243 1361 se
1263 1305 1334 1361 alios

277 1417 455 1466 convertunt.
509 1407 559 1477 (Ο.
584 1414 632 1478 55,
656 1415 671 1466 7
696 1410 727 1466 Μ
749 1408 955 1485 Pomptino,
982 1409 1255 1484 PPromptine3
1277 1412 1333 1480 ΙΙΙ,

278 1517 326 1584 50,
350 1516 367 1570 6
389 1515 793 1591 libe1·eecpndice·pro
815 1515 938 1572 liberte
962 1523 990 1572 et
1008 1514 1137 1572 similiter
1159 1509 1283 1587 alibi.)²)

359 1619 452 1696 *Cen
476 1623 525 1691 43,
549 1625 581 1678 5:
604 1614 739 1678 Tertiae
762 1620 893 1677 classis
915 1621 949 1677 in
972 1620 1239 1695 quinquaginta
1262 1621 1334 1677 mil-

275 1727 360 1783 lium
384 1744 526 1784 censum
550 1745 627 1784 esse
649 1726 775 1784 voluit.
819 1727 931 1782 Horum
957 1726 1126 1794 verborum,
1162 1725 1267 1799 quibus
1289 1743 1335 1782 res

277 1843 379 1909 aperta
400 1833 525 1890 breviter
545 1834 702 1904 indicatur,
729 1832 892 1889 coniunctio
914 1831 1104 1907 grammatica
1134 1831 1263 1906 expediri
1285 1851 1334 1887 ne·

276 1937 351 2012 quit;
373 1958 440 1996 unm
464 1958 529 2013 quse
550 1940 675 1998 editores
697 1938 825 1997 nonnulli
848 1937 1070 2012 adscripserunt,
1097 1936 1237 1994 eiusmodi
1259 1947 1334 2008 sunt,

276 2051 307 2100 ut
329 2055 429 2102 contra
451 2045 507 2102 dici
531 2065 603 2121 opus
637 2065 695 2104 non
728 2041 807 2117 siti)
857 2044 971 2102 Livium
1004 2043 1167 2118 scripsisse:
1201 2045 1336 2102 Tertiae

293 2289 316 2358 ²)
346 2297 419 2345 Hunc
449 2299 654 2348 emendationem
682 2300 714 2347 ab
741 2297 897 2361 Ingcrslerio
922 2302 1047 2358 sumptam
1070 2296 1188 2346 Hertzius
1212 2300 1237 2346 in
1265 2309 1335 2348 textu

343 2389 433 2452 posuit.

290 2476 315 2544 ⁹)
343 2481 483 2531 Ineodem
502 2481 639 2542 incoluit,
672 2483 716 2545 qni
740 2484 771 2531 de
789 2483 829 2531 his
848 2482 931 2530 verbis
949 2481 1088 2530 dubitaret:
1119 2481 1237 2544 quibus
1266 2497 1334 2530 con·

343 2575 430 2625 sueti
444 2583 537 2624 erent
554 2583 689 2639 uterque
708 2575 897 2637 agrestibus
916 2572 1141 2634 ferramentis3
1160 2589 1251 2636 neque,
1265 2575 1333 2638 qnod

344 2669 389 2717 uti
419 2667 507 2717 uudire
533 2669 665 2728 iubemur,
693 2683 732 2717 res
761 2668 907 2731 expeditum
938 2669 1004 2716 unde
1033 2667 1100 2716 enim
1127 2667 1169 2715 illc
1197 2667 1333 2717 infinitivus

344 2762 467 2810 sumitur?
503 2761 555 2810 Sed
575 2775 625 2808 uon
644 2761 726 2808 endec
746 2769 844 2809 mntnrc
865 2760 932 2825 spud
952 2759 1066 2820 Livium,
1093 2759 1161 2824 qnod
1181 2758 1333 2810 Columellae

342 2853 431 2902 saltem
463 2863 489 2902 ct
511 2852 589 2900 Plinii
615 2853 723 2901 Minoris
752 2854 903 2901 auctoritate
927 2850 1072 2901 defenditur
1101 2856 1331 2914 (consuescere

343 2948 389 2995 rei
408 2956 434 2995 et
452 2962 496 3005 rc,
520 2953 699 2994 consuetus
718 2944 786 3007 rei).

290 3033 315 3103 ⁸)
343 3039 567 3088 Drakenborchins
586 3038 617 3086 in
638 3037 878 3100 quinquaginta
895 3035 1035 3085 millium
1056 3037 1202 3099 „commode
1220 3037 1330 3100 positum

343 3131 424 3195 sccipi
452 3145 527 3195 posse
549 3145 594 3194 pro
626 3144 725 3194 usquc
756 3130 786 3178 in
817 3143 967 3179 summam
996 3129 1235 3193 quinquaginta
1265 3129 1331 3178 mil·

341 3223 436 3272 linm”
456 3231 541 3288 putet,
568 3237 644 3286 quern
668 3237 716 3285 ego
735 3222 834 3286 ellipsin
852 3223 1014 3286 ignorubsm3
1038 3223 1081 3272 sed
1100 3223 1153 3286 ipsc
1171 3235 1187 3269 e
1205 3237 1232 3270 se
1249 3221 1332 3270 desci-

341 3331 414 3365 scens
433 3315 541 3364 lortesse
559 3315 669 3364 millis
686 3315 847 3364 scribendum
866 3329 920 3364 esse
939 3315 1048 3364 coniicit.
1107 3315 1331 3365 Weissenbornins

342 3423 471 3457 censum
491 3409 566 3456 etism
585 3407 618 3456 ad
642 3408 749 3456 tertie
768 3407 891 3456 classis
915 3408 983 3456 trahi
999 3409 1068 3469 vult,
1096 3392 1124 3458 ut
1148 3408 1263 3458 adhibite
1283 3409 1331 3456 hec

341 3499 521 3560 geminatione,
533 3513 584 3562 que
593 3500 752 3550 accusativus
764 3501 790 3549 in
802 3501 852 3548 fine
863 3501 992 3550 sententies
1002 3516 1017 3549 s
1027 3503 1206 3566 prepositiones
1218 3503 1330 3566 pendens

340 3601 416 3640 snteu
434 3592 540 3640 subiecti
559 3591 617 3640 loco
634 3592 666 3641 sit
684 3603 709 3640 et
727 3593 865 3654 genitivum
885 3605 969 3656 tegni,
989 3596 1044 3643 herc
1062 3595 1188 3644 efficietur
1205 3596 1331 3644 sententis

340 3692 365 3734 ct
383 3685 478 3733 oratio:
498 3698 618 3732 census
636 3683 667 3731 in
687 3685 933 3748 qninqusgints
951 3687 1091 3737 millium
1112 3704 1237 3738 consum
1257 3689 1329 3738 luit.

341 3775 519 3826 Alschetsttus
537 3785 638 3836 sutem,
659 3777 779 3826 mirificus
797 3777 889 3838 horno,
916 3779 948 3827 sd
963 3780 1102 3842 genitivum
1120 3781 1227 3829 tertiae
1246 3781 1329 3831 cins-

339 3870 385 3918 sis
403 3869 491 3918 nescio
509 3869 577 3917 unde
595 3869 667 3917 cudit
686 3869 786 3928 cives,
811 3879 839 3919 nt
857 3886 930 3920 csse
948 3872 979 3919 in
1000 3873 1243 3937 quinquugiuts
1262 3875 1328 3923 mil-

340 3962 418 4010 lium
444 3963 629 4012 consumsit
651 3962 898 4024 qninquaginta
921 3966 1060 4014 millium
1081 3981 1208 4015 censum
1228 3967 1327 4030 possi·

338 4055 420 4102 dere.
458 4052 517 4104 Non
542 4055 641 4103 ridiculi
661 4067 740 4102 csuss
757 4053 809 4102 ludi
829 4057 938 4108 crsdssi
974 4058 1002 4109 st
1021 4060 1078 4122 quis
1096 4069 1180 4110 sutem
1199 4062 1234 4112 its
1253 4064 1328 4112 verbs
