2822 4648
595 291 625 345 11
636 291 647 345 l
995 287 1053 336 Lib.
1072 286 1119 336 IV.

79 473 230 530 serendi
261 481 377 529 ortum
405 481 473 542 est3
504 489 573 528 nem
595 479 646 526 sut
667 479 704 526 ut
726 502 764 512 -
788 471 882 528 vidit
911 480 962 528 aut
989 489 1093 544 quum
1117 503 1153 513 —

79 579 233 636 videret
259 579 346 635 scribi
376 577 510 635 debuisse
533 576 562 632 in
583 577 640 632 hec
659 595 757 633 rerum
779 577 989 634 consecutionis
1011 586 1040 634 et
1061 595 1156 634 csusae

80 683 299 758 significatione
321 691 458 758 eppuret,
484 699 632 758 praveque
654 681 907 740 Weissenbornius
928 683 1055 758 legentes
1076 683 1155 740 eble-

79 801 134 864 gst
156 789 198 845 sd
223 789 306 846 locos
335 806 441 864 genere
473 788 649 856 contrarios,
680 788 729 844 ubi
759 807 864 862 quum
896 797 940 846 est
973 807 1041 862 quo
1072 799 1155 845 tem-

81 913 173 968 pore
199 891 259 970 (ll,
283 899 331 964 51,
354 900 379 964 l,
408 895 462 961 vl.
486 895 535 962 2⁰,
559 891 600 968 4),
631 893 805 950 coniunctivi
831 903 927 951 sutem
955 893 1154 969 imperfectum

79 1000 234 1057 soloecum
257 999 342 1059 foret.
397 998 547 1058 Correctio
566 999 690 1075 simplex
712 1007 769 1064 est;
804 1017 871 1055 uem
895 1019 983 1074 quum
1010 999 1154 1056 videret

81 1117 240 1181 repente
273 1107 411 1182 scriptum
443 1115 534 1174 esset,
567 1105 681 1181 syllaba
709 1125 747 1162 re
777 1105 877 1162 nocuit
896 1105 1070 1181 precedenti
1090 1115 1154 1166 ret.

82 1211 192 1289 Capite
217 1213 354 1288 proximo
377 1215 440 1284 (st.
457 1211 488 1282 2)
511 1229 569 1267 non
591 1210 653 1267 sine
674 1229 764 1268 ceusu
786 1215 857 1271 Ant.
881 1210 1050 1268 Perizonius
1072 1211 1155 1267 dubi·
1208 1191 1220 1208 '

81 1319 175 1388 tavit,
209 1327 325 1374 rectene
347 1318 491 1374 diceretur
520 1316 713 1374 concilium
736 1317 780 1374 ad
806 1315 928 1374 fenum
951 1311 1154 1374 Voltumnae

81 1423 303 1498 frequenter
337 1424 515 1494 habitum,
549 1420 733 1478 cuifrustro
764 1421 1021 1480 Drakenborchius
1055 1421 1155 1478 obiicit

82 1528 303 1602 frequenter
325 1529 494 1587 adverbium
514 1529 550 1584 de
567 1526 748 1584 multitudine
763 1527 1013 1584 accommodatum
1034 1527 1072 1582 ad
1088 1545 1153 1584 ver·

82 1637 155 1690 bum
180 1633 375 1708 impersonale
405 1655 442 1692 ex
470 1634 545 1692 libro
574 1634 600 1702 Ι,
627 1636 677 1690 ll:
714 1631 928 1708 frequenter
960 1633 1152 1707 migratum

82 1749 154 1808 est,
179 1739 340 1796 cuiusmodi
363 1741 422 1798 elia
444 1759 460 1796 e
481 1739 581 1797 lexicis
611 1737 685 1796 sumi
714 1749 848 1814 possunt3
880 1757 989 1813 neque,
1022 1739 1047 1796 si
1069 1738 1154 1813 plura
1227 1761 1237 1782 ·

81 1845 210 1902 concilis
232 1845 333 1903 habite
353 1847 454 1904 Livius
479 1845 655 1921 significaret
679 1845 723 1918 (ut
744 1845 782 1912 V,
806 1849 823 1900 5
846 1845 974 1902 crebra
998 1843 1153 1902 Etrurise

83 1951 244 2008 concilia
265 1961 474 2009 commemoret
495 1959 524 2008 et
545 1951 584 2018 V,
605 1951 663 2024 17),
685 1959 744 2007 tam
765 1951 874 2008 infinite
894 1950 1041 2026 positurus
1062 1949 1153 2007 fisisse

83 2055 201 2114 videtin
223 2056 437 2132 frequenter
458 2075 553 2132 neque
575 2055 714 2131 singulari
735 2074 855 2113 numero
877 2073 990 2115 usurus.
1034 2055 1093 2114 Sed
1115 2075 1152 2112 ex

82 2163 301 2237 frequenter
323 2163 421 2220 lacere
442 2162 616 2237 frequens
640 2161 825 2219 temerarium
847 2173 904 2232 est3
925 2161 1091 2233 videndum,
1116 2181 1152 2218 ne

85 2269 188 2327 Livius
216 2269 376 2345 scripserit:
416 2268 610 2326 concilium
640 2295 677 2309 --
709 2265 882 2343 frequens
907 2279 963 2326 ter
990 2269 1152 2326 habitum

84 2383 192 2434 esset.

547 2607 626 2682 Lib.
654 2609 695 2682 V.

169 2793 243 2870 Cep.
270 2795 305 2864 2.
336 2797 354 2852 8
387 2797 428 2870 (in
455 2797 636 2855 tribunorum
666 2797 873 2870 conquestione
901 2797 937 2854 de
963 2796 1084 2855 consilio
1114 2797 1151 2856 ed

85 2901 176 2958 Veios
211 2899 385 2972 hiemandil:
430 2900 507 2958 Hoc
539 2921 654 2976 neque
686 2921 793 2977 reges
827 2919 941 2976 neque
973 2904 1152 2978 superbos

83 3009 172 3066 illos
196 3005 367 3064 consules
388 3023 503 3080 neque
526 3008 634 3065 triste
656 3008 853 3066 dictatoris
883 3008 1073 3084 imperium
1095 3027 1151 3066 ne·

83 3133 152 3190 que
179 3114 409 3188 importunos
441 3110 669 3172 decemviros
705 3113 912 3170 iniunxisse
942 3115 1151 3186 servitutis,

85 3231 120 3278 ut
144 3237 339 3295 perennem
361 3216 531 3274 militium
559 3219 742 3294 facerent,
776 3218 870 3292 quud
901 3219 1040 3276 tribuni
1061 3219 1150 3276 mili·

84 3339 156 3384 tum
178 3325 213 3382 in
235 3323 340 3399 plebe
362 3323 524 3380 Romane
553 3343 700 3401 regnum
729 3333 952 3382 exercerent.
1010 3325 1151 3383 Extrema

84 3435 146 3491 hoc
172 3431 278 3506 igneve
300 3428 447 3485 sdhaerere
469 3427 723 3488 Weissenbornius
745 3430 847 3498 sensit3
877 3447 971 3504 neque
991 3439 1069 3488 recte
1090 3432 1152 3489 hsce

84 3545 311 3614 componuntur:
341 3535 408 3591 hoc
432 3533 639 3593 iniunxisse
660 3537 871 3610 servitutis,
896 3537 990 3609 quod
1012 3537 1151 3594 tribuni

85 3661 232 3723 ημιι
263 3647 488 3701 exercerent.
544 3640 661 3700 Scilicet
693 3642 740 3699 hic
773 3659 889 3716 quoque
921 3641 1150 3717 interpungendo

83 3759 245 3826 peccatum.
296 3743 399 3802 Oratio
427 3745 456 3802 in
484 3745 652 3804 fecerent
681 3747 837 3805 subsistere
858 3747 959 3819 debet,
989 3748 1092 3805 deinde
1114 3747 1150 3810 de

84 3855 196 3929 iougro
218 3853 260 3910 sic
282 3867 416 3927 pergere:
438 3850 542 3924 Quod
564 3853 703 3911 tribuni
724 3853 882 3912 militum
903 3854 938 3910 in
960 3854 1067 3930 plebe
1083 3857 1148 3912 Ro·

82 3977 187 4016 mans
203 3975 350 4032 regnum
367 3957 602 4014 exercerent?
624 3957 805 4031 Quidnam
820 3959 877 4015 illi
894 3959 1064 4016 consules
1079 3960 1149 4016 dic·

81 4075 271 4122 tutorcsve
292 4061 428 4120 lecturi
450 4071 587 4134 essent,
618 4063 677 4136 qui
699 4063 1001 4139 proconsularem
1024 4063 1149 4140 imagi·
