2800 4646
584 263 643 320 427
931 261 988 314 Lib.
1006 263 1148 314 xxxvn.

82 441 145 516 qui
166 441 294 517 procul
315 440 553 512 iacularetur,
570 450 799 512 excurrente,
821 449 1013 520 postquam
1035 449 1148 506 semel

83 547 264 623 compulsi
294 555 391 604 metu
415 564 455 603 se
476 547 663 604 moenibus
685 547 936 619 incluserunt,
958 561 1149 628 contemp·

81 661 141 708 tus
163 670 285 710 eorum
392 652 486 728 apud
514 653 636 728 regios
658 653 784 713 oritur.
842 652 1032 732 Contemptus
1063 667 1149 716 natus

80 767 126 814 est
155 775 215 814 non
237 767 392 833 postquem
414 776 447 816 se
466 755 655 828 incluserunt,
682 758 734 816 sed
756 759 850 834 quod,
882 769 1038 836 postquem
1059 761 1150 820 semel

80 879 113 920 ee
135 863 327 934 incluserunt,
347 881 433 920 nemo
455 863 573 920 omnino
607 863 786 922 excurrebat.
847 865 897 922 Ad
930 866 1147 941 populationem

80 977 151 1044 post
171 979 255 1044 terga
275 968 422 1044 regiorum
454 969 525 1026 nihil
560 969 756 1046 impedimenti
777 969 907 1026 allaturae
942 982 1024 1030 erant
1045 992 1149 1032 excur-

80 1068 225 1147 siones.¹)

167 1175 241 1253 Cap.
266 1179 323 1248 26,
348 1181 365 1236 6
390 1183 457 1235 etl
487 1177 541 1249 (dc
564 1177 709 1236 Antiocho
732 1179 872 1242 Notium,
894 1179 1032 1255 oppidum
1057 1183 1148 1242 Colo·

81 1282 277 1358 phoniorum,
299 1281 513 1360 oppugnante):
541 1284 588 1341 Et
608 1283 721 1359 ipsam
742 1284 867 1342 urbem
888 1302 961 1342 suae
983 1305 1061 1344 esse
1081 1308 1147 1365 po-

81 1389 239 1446 testatis
261 1388 419 1457 volebat,
442 1389 533 1446 adeo
556 1388 796 1465 propinquam
819 1389 977 1465 Epheso,
999 1401 1035 1448 ut
1056 1392 1148 1450 nihil

81 1501 187 1550 terra
211 1494 350 1552 marive
372 1493 679 1570 (Ephesillntiochus)
702 1503 837 1570 ageret,
860 1495 955 1569 quod
976 1513 1045 1552 non
1068 1499 1146 1556 sub·

80 1597 214 1655 ieetum
238 1600 355 1658 oculis
371 1598 689 1676 Colophoniorum
715 1617 755 1654 ac
778 1618 842 1674 per
865 1617 925 1658 eos
947 1609 1068 1658 notum
1090 1619 1145 1659 ex·

80 1702 220 1778 templo
241 1705 415 1763 Romanis
437 1713 545 1774 esset,
567 1721 665 1778 quos,
690 1703 819 1760 audita
840 1705 1049 1776 obsidione,
1078 1725 1146 1764 non

80 1807 281 1866 dubitabat
310 1811 354 1867 ad
376 1829 479 1887 opem
501 1809 690 1868 ferendam
721 1809 829 1866 sociae
852 1811 931 1868 urbi
953 1811 1105 1870 classem
1128 1833 1147 1872 a

80 1913 190 1974 Samo
212 1925 394 1985 moturos3
417 1935 491 1974 eam
513 1915 743 1973 occasionem
760 1913 994 1989 Polyxenidae
1016 1917 1146 1974 adrem

78 2020 286 2095 gerendam
308 2019 395 2078 iore.
439 2021 552 2079 Pendet
573 2029 607 2076 et
627 2019 709 2076 initio
732 2019 820 2076 totius
845 2021 991 2078 sententia
1019 2023 1145 2098 positum

79 2142 135 2182 nec
157 2124 290 2198 sequitur
324 2125 416 2183 altera
451 2145 540 2184 causa
561 2125 627 2184 huic
654 2125 704 2200 (et
733 2124 846 2199 ipsam
869 2125 1003 2201 urbem)
1026 2145 1145 2203 respon·

81 2227 173 2298 dens3
203 2247 270 2286 narn
304 2230 446 2306 duplicem
477 2248 596 2288 causam
619 2229 746 2287 studiose
767 2237 907 2305 susceptae
928 2229 970 2286 rei
991 2231 1147 2306 significari

82 2342 218 2408 apparet,
240 2333 362 2393 alteram
385 2335 415 2392 in
436 2335 527 2411 ipsius
552 2335 631 2391 urbis
652 2334 835 2410 possessione
861 2333 1002 2409 positam,
1024 2335 1145 2392 alteram

82 2438 112 2494 in
135 2457 168 2496 re
190 2438 335 2499 adiuncta.
390 2440 513 2516 Scripsit
544 2441 660 2498 Livius:
689 2439 735 2496 Et
767 2438 883 2513 ipsam
917 2440 1037 2498 urbem
1070 2458 1148 2498 sua

81 2562 163 2602 esse
185 2545 388 2620 potestatis
409 2546 568 2616 volebat,
597 2587 687 2606 .....
703 2585 711 2614 ,
735 2549 769 2606 cl
794 2561 863 2618 aas,
882 2545 1145 2618 (Romanos),.au-

80 2650 164 2708 dita
190 2648 404 2722 obsidione,
436 2669 506 2708 non
538 2649 735 2707 dubitabat
763 2659 816 2706 etc.
872 2649 989 2706 Excidit
1021 2659 1147 2724 etpost

80 2854 282 2866 .-—--——

99 3008 124 3076 ¹)
158 3009 221 3077 Cap.
241 3009 283 3071 21,
302 3013 317 3057 8
337 3017 405 3056 recte
422 3007 555 3058 Bckherus
583 3021 596 3057 e
622 3007 748 3071 ament
767 3009 878 3072 tacetur)
897 3007 1144 3059 restitueratzldsm

154 3100 319 3168 (Phocaeam)
337 3100 457 3150 divisis
474 3101 564 3149 inter
581 3113 615 3149 se
633 3101 781 3163 partibus
798 3115 892 3165 quum
912 3109 1145 3165 oppugnarent

153 3197 279 3260 (Romani
299 3203 325 3242 et
341 3191 486 3256 Eumenes)
506 3201 537 3242 et
555 3193 734 3252 videretur,
753 3193 828 3242 aine
846 3193 1024 3256 operibns,
1046 3193 1146 3242 armis

150 3287 417 3351 scalisquecapi
437 3285 693 3352 paroemiarum
709 3285 749 3334 ab
768 3284 935 3336 Antiocho
953 3283 1144 3348 praesidium

151 3412 184 3426 ..
212 3393 306 3442 quum
338 3378 500 3427 intrasset
529 3377 653 3436 urbem,
690 3375 858 3442 extemplo
893 3374 1143 3439 oppugnatione

150 3471 283 3534 omissa,
303 3469 424 3518 classis
444 3505 450 3516 .
470 3504 475 3517 .
495 3482 527 3518 se
546 3468 690 3533 recepit;
709 3467 871 3531 Kreysigius
883 3473 909 3514 et
926 3463 967 3514 W.
980 3466 1144 3530 depravatam

150 3563 296 3626 vulgarium
309 3562 424 3611 codicum
438 3551 590 3625 scripturam
604 3560 829 3620 (striderent.
843 3596 849 3610 .
866 3557 937 3621 capi
957 3571 1018 3606 non
1036 3557 1143 3621 posse)

150 3663 309 3704 revocarunt
345 3653 405 3720 lpas
424 3653 558 3703 verborum
577 3651 641 3702 ordo
660 3651 789 3711 declarat,
816 3649 866 3699 illis
886 3649 982 3698 verbis:
1015 3649 1144 3698 mianum

150 3747 190 3796 ab
209 3746 377 3796 Antiocho
400 3753 447 3796 cet.
475 3745 612 3809 significari
636 3745 672 3794 rei
691 3743 883 3793 conversionem
909 3751 934 3791 et
952 3756 1039 3806 apem,
1066 3755 1143 3804 quana

148 3847 208 3888 anta
226 3839 377 3898 habuerant,
397 3837 533 3888 sublatam.
579 3835 635 3886 Nisi
655 3835 732 3886 scalis
747 3835 804 3901 capi
818 3848 893 3899 possa
913 3833 1001 3882 urbem
1020 3833 1145 3882 credidis·

150 3941 217 3992 asut,
237 3932 287 3980 iam
306 3939 366 3980 ante
384 3931 555 3990 destitissent,
583 3931 706 3994 quoniam
729 3929 762 3978 ad
786 3941 864 3992 opera
886 3925 1005 3976 iacienda
1025 3925 1143 3990 imparati

150 4023 237 4074 subito
256 4038 270 4073 a
289 4023 370 4074 classe
389 4023 561 4074 escenderent
