2800 4646
593 257 652 314 383
970 257 1027 308 Lib.
1039 256 1154 308 XXXII.

94 439 186 509 ribus,
207 439 367 515 procidisse
388 440 509 500 diostur.
557 437 618 498 cfr.
641 441 670 498 h.
685 439 735 496 lib.
749 459 773 502 o.
792 445 818 504 l.
846 445 897 499 to:
918 442 1008 500 duos
1029 451 1155 518 portos

94 546 267 621 qnodque
296 545 392 603 inter
420 563 481 604 ess
508 545 599 604 muri
620 555 712 614 erst3
739 547 840 617 XLII,
863 549 912 618 63,
936 551 968 607 6:
989 548 1063 606 duee
1083 559 1154 606 tun-

93 670 169 722 res‚
197 652 365 727 quodque
394 651 490 709 inter
516 669 577 709 ess
606 650 698 708 muri
727 652 863 724 fuernt3
895 654 985 726 XXI,
1016 657 1048 712 8:
1080 663 1154 712 tros

94 758 270 834 deinceps
293 767 429 826 turres,
451 767 695 832 quantumque
715 756 814 815 inter
835 777 896 816 ons
919 759 1010 818 muri
1032 769 1118 819 eret.

180 862 253 940 Cap.
276 866 332 935 25,
366 867 401 922 10
429 861 481 940 (de
509 863 699 920 AEnssidemo
720 864 847 938 presidii
868 865 1043 922 thoeorum
1065 863 1154 940 Argis

96 970 225 1046 impositi
252 968 388 1046 praeisoto
416 979 538 1027 mortem
567 979 733 1027 constanter
759 971 939 1057 oppetenti):
971 969 1106 1027 Missus
1136 989 1155 1028 n

95 1076 280 1147 Philocle,
316 1075 377 1150 qui
421 1087 615 1148 quareret,
656 1075 740 1150 quid
772 1075 844 1133 sibi
880 1076 997 1134 vellet.
1052 1075 1156 1134 Nihil

95 1189 196 1239 statu
217 1181 335 1251 modo,
367 1198 473 1256 quum
508 1180 673 1256 proiecto
705 1199 779 1256 proe
811 1199 849 1238 se
882 1181 1001 1257 olipeo
1025 1191 1155 1253 steret,

96 1288 136 1344 in
163 1286 333 1364 praesidio
370 1286 516 1344 creditne
548 1285 649 1342 urbis
679 1286 894 1344 moriturum
922 1305 959 1344 so
979 1295 1154 1346 armatum

95 1392 297 1468 respondit.
354 1391 403 1452 Sio
431 1393 458 1450 B
495 1411 559 1448 oum
590 1392 717 1467 quinque
747 1391 1030 1462 Drakenborbisnis3
1068 1392 1155 1451 ceteri

96 1497 189 1556 nihil
211 1498 461 1556 tantummodo
480 1497 655 1566 siniiliterve
675 1517 713 1556 ex
734 1518 792 1574 quo
814 1498 932 1556 ulterius
953 1497 1154 1580 interpolando

96 1603 240 1662 notnmin
255 1601 442 1660 editionibus:
464 1603 557 1660 nihil
578 1602 690 1671 fatus,
712 1603 968 1674 tantummodo,
991 1605 1068 1679 qnod
1083 1604 1154 1664 nidi·

97 1709 192 1766 culum
206 1717 250 1766 est
267 1707 374 1782 (nihil
398 1706 499 1765 fotus
517 1753 546 1770 ..
566 1709 781 1784 respondit).
814 1710 862 1768 Ex
874 1709 925 1766 illo
938 1709 1080 1786 scriptura
1096 1729 1154 1768 non

97 1833 164 1873 enm
182 1813 346 1882 Gronovio,
368 1815 639 1888 quern'reoentiores
655 1825 822 1889 sequuntur,
844 1814 1007 1874 faciendum
1029 1817 1155 1876 videtur:

96 1919 192 1978 nihil
214 1929 311 1977 statu
333 1927 466 1988 motus,
494 1919 554 1991 sed,
582 1940 640 1978 uns
666 1931 777 1978 tentum
798 1922 893 1979 littere
914 1931 1042 1980 mutato:
1065 1923 1156 1982 nihil

96 2035 197 2084 statu
219 2035 329 2094 moto,
351 2043 386 2082 oo
408 2024 586 2100 significatu,
616 2043 674 2100 qno
696 2024 848 2086 Gronovio
873 2028 903 2086 in
924 2039 1048 2086 mentem
1069 2047 1155 2088 vone-

97 2141 154 2202 rst,
175 2131 262 2190 scribi
282 2130 370 2189 etism
392 2149 494 2206 posse:
527 2131 618 2190 nihil
639 2141 739 2190 stetu
760 2141 908 2192 mutato.
955 2135 1059 2209 Neque
1080 2137 1155 2194 onim

95 2235 193 2306 video,
214 2254 266 2294 em·
286 2245 380 2294 status
402 2237 513 2295 moveri
534 2237 589 2295 dici
615 2247 748 2312 nequeat.

182 2340 255 2418 Cnp.
270 2345 319 2415 31,
332 2349 349 2402 6
364 2363 453 2420 quum
465 2345 534 2402 olim
549 2361 685 2420 perverso
701 2344 886 2402 scriberetur:
909 2343 1058 2401 hittone
1078 2361 1157 2402 oon-

97 2447 215 2506 sulum
237 2468 255 2507 n
274 2449 404 2509 Gallio
424 2451 466 2507 do
487 2449 601 2526 gestis
623 2467 797 2525 prospere
819 2449 883 2506 sub
905 2449 996 2506 idem
1018 2458 1157 2525 tempus

98 2555 246 2612 Romam
275 2555 420 2626 edlntae,
448 2574 524 2613 nuno
557 2575 573 2612 e
599 2556 625 2612 B
657 2555 763 2612 editur:
795 2553 943 2611 Littorae
971 2555 1157 2613 consulum

97 2661 282 2718 amborum
321 2661 362 2718 de
388 2662 495 2719 rebus
524 2661 559 2718 in
590 2661 717 2719 Gellia
745 2659 861 2734 gestis
886 2678 1064 2737 prospere
1093 2662 1157 2719 sub

98 2765 192 2823 idem
226 2773 365 2840 tempus
401 2767 550 2824 Romam
588 2765 735 2836 adlatas,
768 2775 864 2852 cetere
895 2767 1046 2843 perspicue
1081 2777 1158 2826 recto

100 2871 151 2947 (—
176 2889 243 2928 nam
267 2870 297 2927 id
318 2871 411 2947 ipsum
433 2881 565 2943 notatur,
595 2871 744 2946 utriusque
766 2872 900 2942 consulis,
922 2891 1009 2947 quum
1038 2873 1159 2931 diversis

98 2977 171 3034 locis
192 2995 253 3034 rem
274 2977 438 3052 gessissent,
465 2977 566 3034 eodem
588 2985 718 3053 tempore
739 2978 850 3035 litteras
873 2978 986 3036 ndlntns
1007 2997 1070 3036 osse
1090 2978 1158 3056 -);

98 3083 129 3140 in
151 3081 291 3140 adverbio
313 3101 489 3158 prospere
523 3083 657 3140 mendum
692 3084 788 3159 arguit
819 3103 928 3160 pravus
958 3085 1038 3143 loeus
1060 3085 1086 3142 ei
1107 3085 1159 3142 sd·

83 3188 232 3264 'signatus
253 3188 434 3262 (derebus
455 3187 570 3264 gestis
591 3207 784 3264 prospere,
809 3190 978 3266 interposito
999 3191 1158 3267 presertim

100 3295 135 3350 in
158 3293 310 3368 Gallim
337 3295 435 3370 itaque
464 3294 651 3371 Kreyssigius
676 3295 718 3352 do
744 3296 855 3352 rebus
877 3295 911 3353 in
933 3295 1060 3355 Gallio
1080 3315 1159 3374 pro-

99 3417 206 3474 spere
234 3399 351 3475 gostis
379 3395 537 3477 scripsit.¹)
583 3400 623 3458 Et
652 3401 809 3458 modestius
843 3410 871 3458 et
898 3401 1003 3460 rectius
1030 3403 1091 3460 flet:
1118 3403 1159 3460 de

99 3505 208 3562 rebus
229 3505 264 3562 in
286 3504 415 3564 Gallie
435 3507 553 3582 gestis
574 3525 688 3588 prope
710 3509 774 3564 sub
798 3507 889 3564 idom
912 3515 1052 3582 tempus
1072 3509 1110 3568 R.
1131 3527 1158 3568 a.

101 3611 171 3668 Non
203 3608 265 3668 lero
291 3612 385 3669 minus
416 3610 502 3670 facile
534 3621 747 3670 commutantur
784 3629 962 3688 prospere
991 3623 1020 3670 et
1047 3633 1160 3690 propo

101 3735 189 3790 quem
215 3735 372 3793 propere
398 3730 427 3774 et
453 3736 581 3793 propo,
617 3736 739 3792 quornm
769 3725 996 3793 permutator-um
1027 3719 1160 3794 exemplo

121 4042 145 4110 ¹)
171 4047 215 4102 W.
233 4049 259 4098 in
279 4047 359 4098 alters
377 4049 488 4098 editione
513 4045 654 4110 comparari
673 4046 745 4102 inbot
762 4046 832 4098 locos
854 4063 957 4110 pror-snt
975 4047 1123 4102 dissimiles.
