2800 4646
255 279 310 329 Lib.
321 277 451 328 xxxin.
753 278 813 334 394

302 464 479 540 Cap.4i,4:
501 460 726 520 Mirantibus
747 461 815 517 iam
839 459 949 534 vulgo
970 460 1192 529 hominibus,
1208 458 1309 533 quod,

256 591 360 648 quum
382 568 569 645 Hispania
590 567 770 625 movisset
790 567 939 636 bellum,
960 565 1202 641 negligerent.
1249 566 1310 622 Pa·

255 697 320 734 rum
342 687 413 753 apta
436 683 480 732 est
499 673 643 750 particula
664 691 783 748 qaum3
812 691 865 731 uec
886 690 923 728 ea
943 672 972 728 in
994 671 1027 728 M
1047 669 1118 741 fuit,
1144 671 1195 728 sed
1218 671 1310 746 quod

257 782 452 859 Hispania,
477 790 601 838 testante
621 780 708 837 etiam
731 781 872 848 editione,
895 797 963 835 uam
987 777 1146 846 Gelenius,
1176 777 1227 852 qui
1244 779 1312 832 ”ve-

255 909 319 947 ram
341 888 509 946 lectionem”
531 904 595 944 esse
616 887 670 944 ait:
687 887 904 954 hominibus,
927 884 1022 960 qaod
1043 885 1226 959 Hispania
1246 902 1313 940 mo·

256 996 372 1052 visset
394 992 545 1062 bellum,
570 993 727 1068 negligi,
754 993 805 1050 vix
831 992 973 1067 integram
1004 991 1111 1048 codicis
1139 990 1311 1066 scripturam

256 1101 361 1176 posuit.
410 1099 477 1172 (Ed.
514 1101 596 1174 Meg.
619 1099 829 1174 negligere.)
876 1098 1001 1155 Videtur
1023 1098 1122 1155 Livius
1149 1095 1313 1172 scripsisse:

257 1205 485 1264 Mirantibus
507 1207 526 1264 i.
548 1225 578 1267 v.
600 1205 816 1274 hominibus,
838 1221 918 1273 cur,
946 1205 1040 1280 quod
1061 1204 1162 1278 Hisp.
1185 1203 1315 1260 moris·

257 1322 315 1370 set
334 1311 484 1382 bellum,
505 1306 786 1386 negligerent.¹)

340 1415 413 1494 Cap.
436 1419 495 1488 48,
532 1421 549 1474 5
573 1416 622 1490 (de
644 1416 810 1474 Hannibale
832 1416 960 1476 Cercina
995 1417 1095 1493 epulas
1126 1421 1249 1490 parante
1279 1412 1315 1468 ad

257 1521 355 1599 fugam
378 1523 578 1582 occultandam
600 1533 629 1580 et
652 1521 690 1578 ad
707 1522 907 1593 retardandos,
928 1523 953 1580 si
975 1523 1024 1598 qui
1045 1521 1178 1598 persequi
1200 1539 1232 1577 se
1256 1519 1315 1576 vel·

257 1627 556 1702 lent):magistros
577 1629 722 1685 navium
744 1637 1048 1704 mercatoresque
1068 1627 1225 1684 invitari
1247 1627 1314 1683 ius·

257 1735 310 1791 ait
331 1743 364 1791 et
383 1735 465 1791 vela
487 1753 562 1791 cum
586 1733 761 1790 antennis
783 1753 825 1790 ex
846 1735 1005 1793 navibus
1029 1733 1244 1809 corrugari,
1278 1742 1315 1788 ut

259 1839 541 1910 umbre(etenim
562 1839 679 1897 media
700 1849 805 1897 astas
833 1838 931 1898 forte
954 1841 1044 1912 arat)
1073 1839 1316 1896 coenantibus

257 1947 291 2003 in
318 1945 448 2002 littore
468 1944 587 2004 lieret.
641 1946 676 2003 In
708 1947 764 2003 hac
786 1945 919 2003 editionis
944 1947 1024 2019 lllog.
1047 1945 1205 2021 scriptura,
1227 1963 1314 2018 quam

258 2051 513 2109 Weissenboruius
535 2046 669 2124 tenuit2),
694 2051 765 2108 nibil
787 2063 839 2122 est,
862 2051 940 2127 quod
954 2051 1124 2127 reprehendi
1137 2052 1238 2127 possit,
1262 2052 1314 2108 nisi

259 2158 337 2232 quod
355 2159 459 2215 umbra
484 2157 574 2215 fieri
600 2157 701 2228 alicui,
734 2177 799 2232 quat
820 2167 939 2234 paretur
960 2167 988 2215 et
1009 2159 1189 2232 praebeatur,
1211 2175 1315 2232 parum

258 2273 336 2322 recte
360 2273 389 2321 et
409 2265 514 2322 usitate
534 2263 590 2320 dici
612 2263 683 2320 mihi
705 2263 827 2322 videtur.
857 2264 916 2324 Sed
931 2263 1118 2340 Kreyssigius
1131 2263 1184 2319 eB
1206 2262 1314 2338 posuit:

258 2379 296 2426 ut
317 2371 447 2428 umbrae
465 2367 550 2448 (tum
573 2369 694 2427 media
715 2381 822 2428 rastas
846 2369 945 2428 forte
960 2369 1051 2444 erat)
1074 2369 1315 2426 coenantibus

258 2477 292 2532 in
313 2475 446 2534 littore
467 2475 618 2543 fierent,
647 2476 675 2533 in
701 2495 760 2552 qua
788 2477 931 2552 scriptura
963 2477 1008 2548 (ut
1028 2475 1175 2544 omittam,
1197 2475 1317 2530 umbras

258 2581 362 2657 plurali
383 2599 504 2638 numero
528 2581 580 2638 vix
607 2581 636 2638 in
664 2600 754 2658 prosa
775 2583 906 2640 oratione
928 2580 984 2638 dici
1006 2580 1061 2637 nisi
1082 2579 1158 2638 forte
1181 2580 1231 2638 ubi
1253 2579 1315 2654 plu·

258 2687 332 2745 rium
359 2707 455 2745 rernm
484 2689 594 2745 umbrat
618 2688 731 2764 seiungi
753 2688 907 2764 cogitando
928 2687 1041 2763 possint
1051 2688 1072 2760 ,)
1099 2685 1315 2743 incommodum

258 2806 286 2853 et
308 2793 461 2852 manifesto
484 2795 620 2852 vitiosum
646 2803 690 2851 est
711 2803 784 2851 turn
807 2795 848 2852 sie
870 2793 1020 2871 positum,
1049 2801 1187 2867 tanquam
1211 2809 1316 2848 caren-

259 2901 326 2957 dum
362 2899 461 2970 fuerit,
503 2920 539 2956 ne
569 2900 633 2975 quis
668 2900 726 2957 alio
760 2911 890 2976 tempore
925 2898 1050 2956 mediam
1077 2908 1206 2956 testatem
1228 2895 1318 2952 fuisse

259 3013 381 3080 putaret.
429 3005 566 3072 (Damals
595 3024 658 3063 war
687 3024 718 3062 es
752 3007 799 3064 dia
820 3005 905 3063 Mitte
935 3006 985 3062 des
1009 3003 1166 3062 Sommers.
1211 3002 1317 3059 Diver-

259 3199 455 3208 0—-2--1

328 3319 446 3370 Porcio
473 3319 572 3368 Lara
595 3319 634 3367 ad
656 3317 825 3367 Etruriam
854 3318 943 3368 eirca
972 3318 1066 3368 Pisas
1091 3318 1197 3366 decern
1226 3314 1317 3363 milia

328 3411 470 3474 peditum
495 3419 527 3459 st
550 3410 575 3458 D
602 3413 734 3474 equites
766 3425 805 3458 ex
829 3411 966 3460 Gallico
994 3411 1143 3460 exercitu
1173 3407 1315 3467 decreti)

329 3505 449 3552 mendum
469 3505 580 3562 subesse,
605 3503 767 3568 perspicuum
786 3512 826 3552 est
851 3517 885 3552 ex
910 3518 988 3568 prato
1007 3519 1054 3553 usu
1073 3500 1259 3568 praepositionis
1280 3499 1316 3546 ad

329 3597 518 3659 (decernere
537 3597 638 3646 alicui
659 3597 784 3646 milites
802 3597 840 3644 ad
859 3595 1047 3659 Etruriam).
1083 3594 1258 3658 Scripseramc
1274 3590 1317 3639 Li·

330 3689 387 3738 vius
405 3697 520 3738 tautnmt
539 3687 579 3736 Et
602 3689 630 3738 P.
650 3688 770 3738 Porcio
789 3687 888 3738 Lace
906 3691 998 3738 eirca
1015 3687 1127 3738 Pisaei

286 3776 309 3845 ¹)
328 3780 412 3842 Quam
432 3782 457 3829 iu
476 3795 532 3846 cap.
553 3783 595 3842 st,
613 3787 629 3829 8
647 3781 700 3830 iam
719 3785 824 3830 a1829
843 3795 1024 3846 proposueram
1043 3779 1247 3830 emendationem
1265 3773 1315 3822 cvi·

329 3875 430 3924 dentem
458 3872 632 3936 (furtorum
652 3874 816 3924 manubiis
834 3875 1057 3938 extortispro:
1088 3871 1176 3922 lurto
1205 3881 1315 3919 eornm

328 3966 485 4016 manibus
503 3968 653 4024 extorto),
672 3965 698 4014 in
717 3979 774 4014 eam
792 3975 882 4030 postea
900 3967 977 4016 etiam
996 3965 1036 4015 W.
1055 3965 1155 4016 incidit.

275 4051 299 4120 ¹)
327 4056 358 4106 lu
376 4058 416 4106 ed.
437 4057 538 4106 Teubu.
574 4057 642 4106 Nam
660 4057 687 4106 iu
706 4057 920 4108 Weidmsnnisna
938 4059 960 4106 B
978 4064 1081 4107 secutus
1100 4064 1149 4107 est.
