2826 4640
609 267 661 320 511
1008 262 1064 312 Lib.
1083 263 1166 314 XLII.

109 460 181 508 tum
205 449 248 506 ed
270 467 330 506 eas
351 467 410 506 res
432 441 677 524 aspiciendas
782 455 931 502 senatus
963 448 1071 509 misit.
1115 449 1165 506 ln·

108 556 223 614 dicetur
252 573 341 612 cause
361 553 451 630 legati
473 552 714 621 mittendi‚·uou,
737 551 912 627 legationem
932 551 1066 611 incidisse
1084 555 1114 614 in
1135 556 1165 614 id

109 673 233 738 tempus,
259 681 347 736 quum
368 660 530 718 nuntiatum
552 658 623 716 illud
646 659 682 716 de
703 656 852 716 Thessalis
874 656 912 714 sit
932 661 1029 726 (trum,
1060 680 1164 736 quum

187 768 268 842 est).
316 768 454 824 Erretum
482 765 583 823 eodem
611 764 699 822 modo
731 771 782 822 eut
810 762 954 819 coutrsrio
982 763 1091 836 (esset
1110 787 1165 844 pro

109 884 166 932 est
186 870 353 951 scribendo)
382 881 412 930 et
436 870 506 928 elibi
531 871 561 928 iu
583 870 660 928 Livii
681 869 828 929 codicibus
854 885 912 924 non
938 868 981 926 ite
1001 889 1068 928 rere
1087 883 1114 930 et
1135 875 1166 936 iu

109 980 209 1037 codiee
240 977 475 1046 vindobonensi,
508 977 656 1034 utstatim
678 995 702 1034 c.
729 977 803 1046 18‚6
824 975 854 1032 in
877 993 912 1031 eo
931 974 1065 1034 scribitur
1086 979 1165 1056 (item

110 1096 176 1162 post
198 1088 322 1160 quum)
345 1083 498 1142 dilatum
524 1091 580 1139 est
599 1101 654 1158 pro
676 1082 829 1138 dilutum
853 1088 966 1150 esset,
989 1085 1068 1157 quod
1089 1073 1166 1145 recte

111 1191 220 1260 editur3
242 1191 352 1260 XLV,
378 1191 430 1258 12,
462 1191 498 1246 to
526 1187 662 1245 mendum
683 1187 798 1246 mensit.
888 1185 1025 1261 Sequitur
1046 1193 1072 1258 (ξ
1098 1193 1166 1264 10):

109 1296 325 1354 Aetolorum
348 1313 477 1354 censes
499 1293 700 1353 Marcellus
722 1292 876 1368 Delphis
897 1292 1065 1368 peridem
1082 1303 1164 1355 tem·

109 1420 174 1477 pus
195 1401 395 1460 hostilibus
425 1415 529 1460 setes
551 1399 702 1466 animis,
730 1417 820 1474 ques
842 1397 1019 1456 intestino
1040 1419 1165 1476 gesse·

108 1516 189 1564 rent
201 1507 308 1578 bello,
320 1509 500 1585 cognovit.
522 1509 612 1565 Recte
622 1506 795 1564 intellectum
809 1513 862 1574 est,
873 1521 1008 1562 censes
1021 1524 1077 1564 nou
1088 1509 1164 1583 geri

109 1611 216 1680 bello,
227 1621 356 1671 ettotum
372 1615 427 1672 hoc
442 1633 532 1688 ques
554 1613 572 1670 i.
581 1631 609 1688 g.
618 1614 646 1670 b.
656 1612 779 1670 innuiter
794 1611 889 1672 adiici.
920 1611 1165 1688 ItaqueRuperti·
1187 1679 1189 1684 ,

109 1735 158 1772 um
177 1717 349 1776 recentiores
370 1730 538 1794 sequuntur,
560 1735 649 1794 quos
670 1717 852 1787 scribentem,
874 1726 906 1773 ut
926 1717 964 1774 ed
986 1717 1097 1776 animos
1119 1739 1165 1778 re·

109 1821 226 1880 feretur.
290 1823 348 1882 Sed
370 1824 554 1882 vitiosissime
585 1835 645 1882 tum
668 1823 797 1880 ebuudet
827 1823 1035 1894 hostilibus,
1055 1825 1084 1882 id
1105 1825 1163 1884 iem

109 1929 295 2004 precipiens,
317 1931 395 2004 qnod
425 1931 528 1988 deinde
548 1931 663 2006 integra
691 1928 856 1986 declaretur
878 1931 1034 2002 sententiu3
1068 1931 1167 1992 debuit

109 2034 180 2091 dici:
206 2035 332 2092 iisdem
356 2036 501 2106 animis,
534 2054 623 2112 quos
656 2035 724 2111 (hoc
745 2044 805 2105 est,
836 2035 1010 2100 hostilibus).
1065 2037 1165 2096 Livius

109 2141 279 2217 scripserat:
299 2161 365 2217 per
387 2141 478 2199 idem
500 2153 659 2218 tempus,
694 2137 782 2218 [nou
805 2138 934 2218 miuus]
967 2142 1165 2202 hostilibus

109 2255 210 2304 actes
232 2247 370 2317 animis,
393 2265 495 2328 quem
517 2265 606 2328 quos
640 2247 817 2305 intestino
839 2257 1032 2321 gesserant
1052 2249 1165 2320 bello,

107 2371 148 2408 co
155 2352 295 2426 guovit.
322 2353 448 2411 Librarii
460 2355 559 2412 oculos
572 2353 685 2429 decepit
694 2351 850 2409 similitudo
862 2351 1021 2410 litterarum
1041 2353 1070 2411 iu
1082 2363 1166 2414 tem·

109 2476 174 2533 pus
196 2469 225 2515 et
245 2459 375 2533 miuus;
398 2469 458 2516 tum
481 2460 545 2518 duae
566 2478 654 2518 voces
676 2479 694 2516 e
716 2477 760 2534 qu
781 2457 950 2534 incipientes
971 2459 1045 2516 iuter
1065 2477 1112 2528 ss,
1135 2472 1166 2522 ut

109 2582 202 2640 sepe,
234 2575 402 2624 nocuerunt.
455 2566 595 2624 Nondum
626 2567 683 2623 hoc
703 2572 791 2641 ceput
810 2563 996 2621 absolvimus.
1044 2566 1167 2626 Restsm

110 2670 186 2728 enim
207 2681 338 2728 extreme
358 2671 450 2728 verbe
471 2671 498 2742 (ᾖ
519 2671 567 2745 12)
591 2671 632 2728 sic
654 2669 683 2728 in
705 2669 804 2727 codice
820 2669 943 2746 scriptus
965 2668 1166 2730 Corinthus

111 2787 148 2832 ut
167 2777 219 2834 ibi
242 2777 511 2852 deponerentur
540 2777 688 2834 obsides
710 2775 946 2835 convenitur.
1003 2773 1169 2853 (Edebstur

108 2882 194 2940 olim:
216 2880 442 2952 Corinthum,
464 2891 503 2938 ut
523 2883 574 2940 ibi
596 2881 674 2958 dep.
696 2882 777 2950 obs,
799 2882 1030 2944 convenitur.
1062 2883 1167 2941 Nullus

110 2985 241 3046 Corinthi
265 2997 424 3045 conventus
446 2997 528 3046 setus
550 2991 618 3058 est.)
674 2989 765 3046 Recte
785 2987 973 3064 Kreyssigius
997 2989 1168 3048 convenit

110 3092 198 3150 scribi
217 3093 316 3166 iussit,
349 3094 396 3151 cui
426 3094 601 3152 recentiores
632 3094 845 3168 obsequuntur3
878 3093 926 3167 (de
947 3095 1044 3154 mendi
1064 3115 1169 3173 genere

110 3197 178 3268 vid,
199 3217 262 3272 quae
283 3200 377 3258 dicem
400 3200 438 3257 ed
459 3199 557 3270 XLV,
586 3205 613 3270 5,
643 3197 705 3274 12;)
743 3199 794 3257 sed
824 3201 901 3274 quod
930 3211 968 3258 ut
989 3201 1038 3259 ibi
1066 3201 1168 3270 editum

109 3321 168 3359 uon
189 3312 259 3379 puto
276 3305 408 3362 absolute
430 3305 489 3363 dici
507 3323 606 3380 posse:
629 3303 829 3364 Corinthus
852 3307 1169 3378 convenientiam

111 3409 252 3466 sententis
274 3411 355 3468 fiuuli
377 3413 452 3485 (ut),
474 3411 539 3470 sed:
562 3409 774 3482 Corinthus,
796 3413 858 3470 ubi
881 3413 961 3490 dep.
983 3414 1068 3486 obs„
1090 3433 1168 3472 con·

110 3515 219 3582 venit,
239 3517 297 3574 hoe
319 3527 376 3574 est:
397 3515 464 3575 Cor.
487 3517 603 3576 obsides
625 3518 788 3594 deponendi
810 3518 891 3576 locus
913 3519 1056 3581 convenit.

198 3619 271 3698 Cep.
284 3625 357 3692 72⁰²
378 3623 513 3682 Decem
535 3623 637 3682 milia
659 3623 839 3683 homiuum
856 3643 946 3682 caess
966 3625 1169 3697 truduntur,

110 3727 266 3803 emplius
300 3730 524 3806 septingenti
545 3731 680 3807 poesim
715 3732 829 3808 cepti3
858 3731 970 3806 signe
990 3732 1169 3790 militer-ie

110 3834 230 3893 relete
251 3836 444 3911 octoginte
466 3836 547 3894 tris.
591 3837 745 3912 Nusquam
756 3838 785 3896 in
799 3838 940 3896 similibus
951 3837 1023 3895 locis
1045 3837 1168 3915 (—plu·

109 3939 191 3997 rimis
218 3951 313 3998 eutem
335 3943 377 4000 sic
398 3961 538 4000 cesontm
562 3954 771 4020 captorumque
793 3955 822 4002 ot
842 3945 991 4020 signorum
1012 3942 1168 4002 relatorum

109 4046 221 4104 numeri
244 4057 389 4122 ponuntur
410 4049 463 4123 -)
485 4049 611 4120 additur,
633 4049 781 4124 quomodo
803 4051 901 4108 hostes
923 4049 1000 4124 cepti
1022 4049 1095 4120 sint3
1117 4069 1169 4106 uec
