2800 4646
300 255 358 306 Lib.
377 255 422 304 lx.
765 260 819 316 184

256 437 381 514 notavit)
402 439 521 498 omnino
543 439 722 507 omittuntur,
752 439 807 496 uisi
829 439 906 514 quod
928 440 958 496 in
980 441 1012 498 M
1035 441 1121 498 tertia
1142 461 1229 499 mauu
1249 443 1330 500 acri·

258 546 349 603 bitur:
371 545 513 603 etruric
534 565 614 602 nam
635 556 671 602 et
693 563 767 602 cum
783 545 1013 615 Umbrorum
1028 545 1097 620 quid
1112 567 1167 624 pro
1183 549 1331 605 atrurie

258 653 353 728 prima
383 669 470 708 manu
506 651 645 727 scriptum
673 650 791 720 fuisset,
827 649 1027 708 Alschefskius
1068 653 1231 710 discernere
1262 674 1331 712 non

258 757 365 834 potuit;
391 757 422 815 ia
450 759 476 815 P
508 756 630 831 margini
656 757 803 832 adscripta
832 756 959 831 quinque
990 757 1040 814 illa
1070 759 1161 816 verba
1182 768 1263 830 sunt3
1296 760 1331 816 in

259 863 449 920 deterioribus
471 863 583 937 aliquot
602 861 691 938 panlo
713 873 780 938 post
794 863 958 919 inseruntur
971 871 1039 938 post
1058 863 1122 920 illa:
1144 883 1213 921 non
1235 866 1332 922 tole-

259 978 386 1024 rarunt
408 965 609 1046 pugnanr.¹)
656 969 761 1042 ltaque
776 967 957 1024 arauifestius
974 967 1061 1024 etiam
1078 987 1165 1042 quam
1187 969 1216 1026 ia
1232 971 1331 1042 VIII,

261 1075 310 1143 23,
336 1077 373 1131 10
391 1083 521 1130 tenemus
543 1059 775 1149 supplementum
798 1093 816 1130 a
837 1073 934 1130 nescio
957 1091 1016 1146 quo
1039 1073 1077 1129 ad
1098 1073 1233 1131 lacunam
1255 1093 1333 1151 sup·

259 1179 394 1254 plendam
423 1179 454 1236 in
482 1179 612 1254 margine
640 1178 747 1236 codicis
772 1178 892 1235 alicuius
925 1179 1112 1254 adscriptum.
1162 1180 1221 1238 Sed
1244 1183 1332 1254 quod

260 1304 351 1360 nuper
387 1285 538 1344 Scheibius
574 1295 603 1341 et
634 1284 906 1355 Weissenboruias‚
938 1285 1052 1342 omissis
1089 1295 1227 1360 quattuor
1258 1305 1333 1343 ver-

260 1391 305 1446 bis
335 1399 408 1458 (res
436 1391 470 1448 in
493 1390 643 1448 Etruria
664 1392 803 1464 gestae),
835 1409 892 1447 uno
914 1400 1025 1448 retento
1047 1392 1234 1468 (Interea),
1256 1409 1333 1447 ora-

261 1495 367 1552 tionem
391 1495 499 1553 sarcire
520 1495 616 1552 conati
639 1507 715 1566 aunt,
737 1505 768 1552 ut
790 1496 937 1566 omittam,
959 1495 1043 1554 nimis
1066 1499 1188 1572 abrupta
1209 1504 1239 1552 et
1260 1495 1332 1552 bra·

261 1603 335 1658 viter
357 1603 537 1676 obscureque
559 1601 755 1658 narrationem
778 1601 949 1672 continuari,
979 1621 1015 1659 ne
1037 1603 1187 1660 nominata
1208 1602 1331 1677 quidem

261 1706 380 1763 Etruria
397 1716 448 1762 aut
459 1707 495 1780 Q.
509 1707 613 1776 Fabio,
637 1707 700 1781 quis
723 1726 781 1764 non
802 1707 889 1776 videt,
912 1706 1060 1765 interae
1081 1707 1151 1765 illud
1173 1727 1191 1764 a
1212 1708 1332 1782 reliquo

262 1812 458 1868 additamento
487 1813 616 1889 separari
646 1832 703 1870 nou
734 1811 842 1888 posse?
890 1814 980 1870 Recto
1006 1813 1142 1870 Hertziua
1160 1832 1218 1870 non
1241 1831 1331 1888 sepa-

262 1918 338 1974 ravit
366 1917 522 1992 omniaque
549 1919 676 1992 quinque
714 1919 804 1974 verba
833 1918 946 1988 omisit,
975 1918 1086 1975 lacunae
1117 1927 1187 1975 nota
1219 1919 1330 1992 posita.

263 2023 321 2081 Sed
342 2023 567 2098 intelligendum,
590 2043 647 2080 non
673 2041 768 2098 pauca
783 2023 915 2097 quadam
931 2025 1022 2081 verbe
1044 2024 1196 2082 scribendo
1218 2025 1332 2082 omissa

263 2145 335 2194 esse,
356 2147 457 2186 verum
480 2130 554 2186 idem
578 2130 624 2186 hic
646 2129 794 2198 accidisse,
826 2130 904 2202 quod
926 2130 954 2186 in
978 2130 1069 2186 altero
1091 2129 1141 2186 illo
1163 2129 1228 2186 loco
1251 2131 1331 2186 acci·

263 2234 339 2290 disse
356 2236 478 2306 ostendi,
500 2245 532 2292 ut.
552 2235 582 2292 in
604 2235 703 2292 codice
725 2235 883 2310 archetypo
898 2233 998 2291 folium
1013 2235 1203 2304 intercideret,
1227 2236 1257 2292 in
1270 2254 1330 2310 quo

262 2341 304 2398 ita
326 2342 491 2398 continuata
518 2341 554 2397 de
576 2341 696 2416 Papirio
720 2351 749 2396 et
770 2340 883 2396 Marcio
905 2341 1035 2398 narratio
1058 2351 1128 2410 erat,
1157 2351 1188 2397 ut
1209 2351 1279 2416 apte
1301 2340 1329 2396 in

264 2467 327 2524 cap.
364 2452 402 2504 lt
436 2457 643 2516 resumeretur,
676 2445 779 2501 deinde
816 2445 853 2500 ad
886 2447 921 2518 Q.
956 2446 1081 2503 Fabium
1115 2455 1143 2502 et
1179 2445 1329 2502 Etruriam

263 2552 427 2610 transitum.

348 2656 421 2733 Cep.
448 2662 497 2724 41,
524 2663 552 2714 l:
575 2659 691 2715 Fabio
713 2659 756 2713 ob
779 2657 925 2732 egregie
952 2656 1193 2732 perdomitam
1216 2657 1329 2714 Etru·

264 2765 353 2822 riam
377 2765 617 2821 continuatur
645 2763 875 2832 consulatum
903 2762 1019 2820 Decio
1041 2763 1187 2837 collega
1208 2761 1328 2818 datur.

265 2871 314 2928 Sic
335 2870 364 2926 in
382 2870 447 2926 cod.
470 2870 628 2944 archetypo
644 2869 790 2943 scriptum⁸
804 2879 866 2925 erat
889 2869 1020 2934 (testibus
1042 2869 1157 2936 utrm,
1179 2866 1233 2923 nisi
1250 2865 1330 2940 quod
1387 2931 1388 2940 ἵ

264 2976 294 3032 in
317 2994 351 3032 eo
369 2974 511 3050 college
533 2986 591 3044 est,
620 2975 736 3042 Klock„
767 2974 942 3030 deteriorum
973 2974 1083 3030 maiora
1111 2971 1218 3049 parte).
1271 2971 1330 3031 Sed

265 3060 342 3138 recte
363 3081 420 3136 iam
445 3081 484 3150 is,
517 3079 598 3136 cuins
623 3091 690 3136 sunt
711 3079 844 3136 secundae
868 3079 974 3136 codicis
1009 3080 1039 3136 M
1061 3079 1225 3154 scripturae,
1247 3076 1330 3134 intel·

265 3185 351 3254 lexit,
383 3204 474 3260 prave
497 3205 578 3252 eum,
610 3185 660 3260 qui
690 3196 718 3242 et
740 3185 919 3242 consulatum
946 3186 1093 3244 continuet
1120 3203 1183 3242 cum
1213 3181 1331 3258 egregia

265 3292 360 3367 gloria
382 3302 410 3349 et
433 3292 527 3367 primo
550 3291 614 3348 loco
637 3291 809 3360 nominetur,
831 3291 922 3360 alteri,
943 3311 1021 3348 novo
1047 3291 1167 3360 consuli,
1188 3289 1329 3364 collegam

266 3399 330 3455 dari
352 3398 422 3467 dici,
445 3399 516 3455 mire
538 3397 624 3453 etium
647 3396 762 3452 variata
783 3405 812 3452 et
833 3395 1016 3453 conformata
1038 3397 1170 3454 oratione
1202 3395 1330 3464 lFabio

266 3505 481 3561 consulatus
519 3501 777 3568 continuatur,
816 3501 929 3557 Decio
965 3501 1110 3577 collega
1141 3503 1262 3573 datur,
1299 3507 1330 3555 nt

267 3609 402 3666 audiatur
422 3609 550 3683 isque).
594 3608 699 3680 Itaque
731 3615 759 3662 et
790 3606 830 3662 ibi
854 3606 945 3663 altam
966 3625 1053 3662 manu
1083 3618 1113 3664 at
1132 3607 1162 3664 in
1184 3607 1330 3664 codicibus

267 3713 474 3769 recentioribus
503 3712 698 3788 compluribus
729 3712 864 3769 scribitur
896 3722 925 3768 et
954 3731 972 3769 a
998 3713 1145 3770 Frobenio
1174 3731 1267 3788 usque
1293 3710 1329 3768 ad

267 3923 466 3931 ...-—-—-‹

286 4040 311 4108 ¹)
336 4046 375 4094 Η]
397 4048 424 4095 ia
443 4047 492 4096 hoc
508 4057 534 4096 ct
552 4048 669 4112 proximo
690 4048 757 4098 libro
776 4045 868 4096 deficit.
