2800 4646
604 267 660 324 461
1030 263 1088 314 Lib.
1102 263 1160 314 11..

103 447 220 508 fecilins
241 449 373 508 excidere
394 448 523 524 potuisse
550 443 606 526 (-
629 467 715 508 com.
747 449 782 506 in
809 447 877 509 vic.
909 449 1062 508 iamdiu
1083 450 1160 508 eni·

103 555 172 613 mis
192 551 411 625 vivimus).¹)

190 661 263 739 Cep.
290 657 510 734 12‚9-11(in
531 657 671 717 Demetrii
693 658 825 716 oratione
845 660 1054 718 contrePersei
1077 679 1160 720 acen.

104 767 280 840 sationem):
308 767 483 845 Oportnit
511 773 645 834 antem,
674 764 828 836 Persen,
849 765 879 823 si
902 765 1072 841 proditor
1094 785 1160 844 ego

103 873 425 949 regnipstrisqne
447 889 560 940 erem,
683 887 752 928 non
783 847 1030 948 exspectatam
1052 873 1159 932 febu-

103 980 177 1037 lem
208 978 331 1036 noctis
359 979 467 1036 huius
504 994 601 1046 esse,
637 976 699 1034 sed
731 977 953 1053 proditionis
975 997 1056 1036 mem
1078 991 1161 1038 ento

103 1103 159 1144 me
180 1093 411 1160 accusetum3
433 1084 463 1142 si
484 1083 565 1154 ille,
581 1091 755 1158 separata
776 1083 819 1140 eb
838 1084 922 1156 hec,
945 1103 1038 1144 vene
1059 1105 1159 1145 eccu-

103 1158 305 1248 satio'erat
336 1231 411 1260 ...‚
436 1189 543 1247 hodie
573 1206 715 1264 quoque
745 1207 819 1247 eam
842 1199 903 1246 eut
930 1193 1160 1266 pretermitti

103 1296 223 1354 autin
245 1295 344 1352 alind
366 1305 504 1370 tempus
521 1293 678 1365 differri,
693 1295 1159 1370 utperspiceretur‚utrnm
1246 1357 1250 1364 ,

103 1419 173 1478 ego
194 1401 264 1460 tibi
285 1419 328 1460 an
350 1410 386 1459 tu
406 1400 508 1470 mihi,
537 1419 630 1458 novo
658 1400 804 1475 quidem
836 1409 871 1458 et
891 1400 1073 1477 singulari
1099 1421 1160 1479 ge·

103 1526 196 1566 nere
218 1508 301 1578 odii,
323 1507 482 1565 insidias
505 1505 673 1566 fecisses.
719 1505 819 1564 Nihilo
840 1507 942 1583 magis,
963 1507 1056 1566 altera
1075 1527 1159 1568 accu-

103 1613 217 1672 satione
237 1614 355 1684 omissa,
376 1611 504 1670 futurum
526 1621 598 1682 erat,
619 1621 651 1669 ut
671 1613 727 1669 hoo
761 1611 978 1688 perspiceretur.
1035 1613 1159 1672 Codices

104 1720 206 1796 (etiem
227 1721 273 1794 M)
294 1737 352 1776 non
373 1718 775 1795 perspiceretnrhabent,
794 1718 845 1775 sed
865 1731 1160 1794 persequeretur,

104 1845 143 1885 ex
164 1845 223 1901 quo
252 1825 388 1884 lecillime
416 1825 526 1882 litteras
547 1823 711 1899 separando
727 1831 756 1880 et
775 1841 835 1879 una
855 1823 968 1900 syllaba
987 1823 1048 1900 (re)
1069 1826 1160 1901 gemi-
1260 1855 1263 1866 ·

103 1932 201 1990 nenda
219 1943 329 1990 rectum
351 1929 487 1988 efficitur:
508 1939 545 1988 nt
566 1947 688 2005 perse
709 1940 945 2004 quareretur,
966 1931 1022 1988 hoc
1039 1942 1092 2003 est,
1114 1951 1160 1990 se-

103 2036 228 2112 peratim
250 2046 279 2094 et
299 2038 361 2095 sine
381 2036 559 2094 admixtione
579 2035 773 2110 suspicionum
794 2035 865 2092 nihil
886 2036 923 2092 ad
942 2037 997 2094 hoc
1015 2038 1159 2112 pertinen-

104 2142 184 2203 tium.
242 2143 338 2202 Paulo
360 2150 427 2202 aute
447 2159 530 2198 mera
551 2139 655 2198 vitiose
675 2140 857 2212 redundare,
887 2140 1055 2200 Gronovius
1076 2143 1159 2201 intel·

104 2247 189 2320 lexit3
217 2247 444 2324 proditionis
475 2247 550 2306 enim
578 2247 683 2323 aliquis
704 2256 873 2316 accusatur,
894 2265 952 2304 non
973 2265 1041 2305 sure
1062 2249 1159 2324 prodi·

103 2353 199 2410 tionis.
246 2351 369 2412 Codices
394 2353 529 2430 vulgares
556 2353 664 2411 habent
696 2362 822 2410 tantum:
852 2353 1076 2428 proditionis
1107 2373 1160 2412 me

103 2471 327 2532 accusatum
351 2477 388 2518 ex
408 2459 442 2517 M
464 2459 633 2516 adnotetur:
664 2476 745 2515 mem
777 2466 860 2515 ente
883 2477 948 2528 me;
978 2459 1159 2518 scribendum

104 2574 164 2624 est:
185 2584 237 2622 me
258 2575 344 2624 ante
365 2573 589 2640 accusatum
623 2583 660 2623 ex
690 2583 726 2622 eo
747 2577 846 2622 netum
867 2583 951 2622 mem
972 2574 1068 2636 anta,
1097 2575 1159 2624 tum

104 2668 234 2728 additum
256 2688 316 2731 me.
363 2670 414 2744 (Si
435 2670 516 2742 illa,
539 2672 819 2747 separationen,
845 2687 939 2728 vena
960 2671 1159 2729 accusatio

104 2785 192 2846 eret,
217 2775 294 2850 quod
314 2775 566 2835 Weissenbornius
596 2795 612 2832 e
633 2775 776 2852 scripture
795 2775 958 2852 Moguntini
984 2787 1159 2853 separate

105 2899 149 2938 ec
170 2879 273 2952 effecit,
302 2900 360 2940 non
380 2891 488 2940 rectam
510 2883 680 2940 sententiam
701 2883 809 2940 habere
843 2882 971 2954 videtum
1005 2883 1160 2960 significari

105 2986 181 3045 enim
206 2987 306 3046 debet:
328 2986 389 3045 sine
410 2987 495 3046 huius
516 2987 719 3062 adiunctione.)

187 3091 259 3171 Cep.
286 3095 332 3166 12,
357 3097 392 3152 17
416 3093 457 3167 (in
478 3093 579 3152 eadem
601 3093 765 3167 oratione):
795 3095 866 3154 nisi
888 3096 925 3154 T.
947 3095 1158 3170 Quinctium

104 3198 233 3270 eredis,
267 3200 370 3258 cuius
402 3199 541 3258 virtute
574 3209 608 3258 et
639 3199 805 3259 consiliis
837 3220 887 3258 me
918 3220 1010 3260 nunc
1032 3203 1158 3278 arguis

105 3433 301 3442 ———-—-—

123 3593 149 3662 ¹)
182 3605 221 3660 ll,
239 3605 255 3650 8
274 3600 380 3666 (peter
398 3615 497 3650 senex
514 3611 545 3652 et
562 3601 638 3651 lilio
655 3601 744 3651 solue
762 3599 912 3664 orbetur)
936 3615 988 3650 ncn
1007 3601 1061 3650 sine
1080 3615 1158 3652 cenea

174 3691 294 3742 Dukerue
317 3693 344 3742 in
361 3693 497 3743 verborum
516 3693 604 3743 ordine
622 3693 710 3754 hesit3
732 3707 814 3756 neque
832 3693 898 3743 enim
916 3693 971 3743 hec
989 3691 1057 3743 eliud
1076 3694 1158 3758 signi·

174 3785 252 3835 licent
269 3785 317 3835 nisi
335 3797 407 3844 eum,
425 3784 468 3848 qni
487 3784 557 3836 solus
576 3786 680 3835 orbatus
699 3787 732 3836 sit
749 3785 815 3846 filio,
834 3786 905 3836 nullo
923 3787 1043 3836 adiuncto
1062 3787 1157 3836 orbite-

174 3877 208 3928 tis
226 3877 304 3927 secio.
339 3873 447 3936 Vereor,
466 3891 498 3926 ne
515 3876 601 3927 Livius
620 3885 718 3927 tentum
737 3878 875 3943 scripserit:
898 3886 991 3944 pater
1010 3893 1108 3929 senex
1127 3889 1158 3928 et

175 3969 224 4019 rol
235 3983 278 4034 ue,
297 3977 382 4019 cetere
400 3983 477 4034 snpra
495 3969 639 4034 scriptaad
658 3970 819 4020 solitudinem
838 3971 1015 4021 declarandam
1034 3985 1119 4020 errore
1131 3971 1157 4019 in

173 4069 321 4111 contextum
339 4062 459 4112 renarint.
