2826 4650
603 303 640 358 55
1004 299 1063 348 Lib.
1080 299 1116 348 11.

80 492 112 538 et
138 482 216 540 alibi
241 483 431 558 depravatum
454 479 528 556 est¹)
550 493 579 542 et
599 485 646 542 hic
662 484 806 554 facillime,
828 483 906 558 quod
923 484 987 542 dua
1000 493 1152 560 postremae

80 587 194 646 littam
219 591 289 662 (ue)
317 599 437 666 propter
465 591 678 648 similitudinem
712 591 852 666 proximat
881 591 962 648 vocis
982 590 1012 666 (u
1022 590 1043 661 i)
1065 589 1151 646 inter·

79 695 223 752 ciderunt
241 695 375 770 (deniq,
396 695 462 754 inde
483 697 632 769 dehinc).

548 1029 624 1102 Lib.
651 1027 698 1102 ll.

175 1213 247 1292 Cap.
274 1219 299 1281 l,
327 1219 370 1276 ll.
415 1215 473 1274 Hic
494 1217 575 1276 locus
597 1218 627 1274 in
648 1217 790 1286 omnibus,
812 1235 933 1291 quorum
958 1216 1047 1273 ullum
1067 1214 1149 1270 mini-

82 1339 170 1378 mum
192 1331 236 1378 est
256 1331 443 1394 momentum,
465 1325 611 1382 codicibus
632 1333 710 1382 recte
731 1325 773 1381 sic
794 1323 941 1384 scribitur:
964 1320 1149 1378 traditum-

82 1445 158 1502 que
180 1427 263 1485 inde
284 1427 416 1500 lentur,
445 1431 538 1487 utin
567 1441 730 1488 senatum
751 1439 985 1494 vocarentur,
1007 1425 1067 1500 qui
1088 1444 1149 1500 pa-

81 1545 164 1590 tres
187 1533 319 1608 quique
337 1537 539 1612 conscripti
555 1547 689 1606 essent;
711 1535 956 1610 conscriptos,
976 1531 1151 1588 videlicet

81 1657 219 1696 norum
244 1649 417 1712 senatum,
445 1641 685 1717 appellabunt
704 1641 830 1699 lectos.
885 1640 1039 1697 Postrema
1060 1639 1151 1694 verba

82 1745 211 1806 rectius.
245 1763 333 1820 qnam
362 1745 392 1802 in
420 1747 602 1804 editionibus.
619 1748 666 1818 fit,
696 1745 876 1822 interponi,
908 1753 1051 1802 commate
1083 1753 1149 1801 ante

82 1851 264 1908 videlicet
284 1851 388 1926 posito.
446 1851 596 1928 Significat
617 1853 733 1924 Livius,
757 1853 805 1928 qui
826 1853 855 1909 in
876 1852 926 1908 illo
947 1861 1063 1908 senatus
1094 1870 1149 1909 vo-

84 1957 176 2014 candi
191 1957 318 2014 carmine
339 1959 540 2034 conscripti
563 1957 752 2034 appellentur,
775 1957 858 2014 initio
872 1956 961 2014 luisse
977 1957 1042 2014 illos
1060 1957 1149 2034 ipsos,

84 2081 164 2137 qnos
182 2064 238 2120 boc
259 2063 354 2138 capite
374 2065 505 2121 namavit
522 2084 541 2122 a
562 2065 662 2140 primis
684 2064 848 2121 consulibus
870 2064 972 2130 lectos,
995 2061 1023 2118 id
1044 2082 1148 2120 nomen

82 2187 141 2244 pro
163 2178 279 2244 patrum
301 2170 426 2240 nomine,
448 2171 525 2244 quod
547 2179 659 2228 veteres
678 2181 826 2228 senatores
847 2179 986 2243 tanquam
1002 2170 1149 2226 honestius

86 2275 267 2350 aliquamdiu
290 2276 437 2351 proprium
460 2277 619 2346 servarint,
649 2278 691 2335 sic
711 2275 876 2351 impositum
900 2275 982 2344 dicit,
1009 2285 1148 2350 tanquam

86 2401 182 2440 novus
204 2381 323 2456 quidam
346 2383 392 2440 bic
412 2394 529 2440 senatus
551 2393 626 2440 esset
649 2381 850 2458 (videlicet,
882 2381 938 2438 hoc
960 2389 1018 2449 est,
1041 2382 1147 2438 credo

86 2489 193 2564 qnasi
216 2505 345 2545 novum
367 2490 552 2560 senatum).
595 2487 661 2545 Hac
683 2487 823 2545 sententia
840 2505 897 2543 non
914 2487 1066 2556 intellecta,
1088 2486 1147 2542 edi·
1222 2555 1225 2564 Ι

86 2605 166 2650 tores
187 2595 255 2651 inde
282 2613 300 2650 a
326 2592 447 2667 Sigonio
468 2593 608 2669 plerique,
632 2595 709 2670 quod
731 2593 905 2651 videlicet
926 2603 1027 2649 contra
1047 2611 1148 2648 verum

86 2711 274 2774 veteremque
295 2717 377 2756 usum
399 2698 535 2774 loquendi
561 2719 615 2776 pro
637 2701 728 2757 enim
751 2697 904 2774 (ntmlich)
924 2699 953 2754 in
975 2715 1063 2754 causa
1083 2697 1147 2754 red·

87 2806 183 2862 denda
218 2805 344 2880 positum
377 2815 565 2881 acceperant,
608 2825 734 2863 errorem
766 2805 876 2864 librarii
910 2803 1016 2862 codicis
1049 2804 1147 2874 infimi,

86 2911 176 2969 Voss.
204 2916 215 2970 l
242 2913 284 2987 (et
305 2911 468 2986 Sigoniani)
489 2911 579 2996 secuti
601 2911 636 2968 in
658 2912 829 2969 addiderunt
851 2912 897 2991 (in
919 2928 995 2970 nov.
1018 2919 1061 2979 a),
1082 2930 1147 2986 per·

85 3035 174 3072 versa
205 3017 360 3085 sententia3
396 3037 489 3092 neque
522 3019 596 3075 enim
627 3019 656 3074 in
688 3037 795 3076 novum
817 3027 947 3074 senatum
969 3015 1148 3092 legebantur,

85 3123 188 3180 sedin
210 3141 290 3190 eom,
320 3124 368 3198 qui
393 3123 441 3180 diu
473 3125 576 3182 luerat.
631 3123 692 3181 Alii
717 3140 809 3196 nuper
838 3122 956 3197 gravius
978 3121 1051 3198 lapsi
1073 3133 1147 3180 suut.

170 3225 235 3302 Cap
271 3228 299 3298 2,
322 3230 339 3284 3
364 3228 453 3286 miror
475 3247 575 3286 omnes
604 3229 722 3286 tacitam
745 3227 959 3303 praetermisisse
980 3230 1055 3286 hanc
1076 3248 1147 3287 sen-

83 3333 220 3390 tentinm:
243 3331 413 3390 Consulis
435 3334 604 3404 alterius,
627 3353 730 3410 quum
753 3333 843 3390 nihil
866 3333 964 3390 aliud
985 3333 1146 3392 offende-

82 3440 149 3508 rit,
170 3459 295 3496 nomen
317 3439 473 3498 invisum
503 3441 649 3497 civitati
673 3439 752 3497 fuit..
807 3439 964 3497 Manifesta
985 3441 1060 3497 enim
1082 3459 1148 3498 ser-

83 3545 181 3602 monis
209 3544 256 3602 lex
281 3543 490 3602 offenderet
520 3547 653 3621 requirit,
689 3547 745 3604 hoc
775 3557 831 3604 est:
870 3565 1045 3621 quamquam
1077 3546 1147 3602 nihil

83 3651 166 3708 alind
188 3649 354 3708 offendebat
375 3651 422 3718 (de
445 3652 578 3752 uniperso
594 3653 710 3728 ingenio
732 3663 760 3710 ct
773 3653 903 3723 habitu);
924 3673 990 3710 nam
1012 3653 1047 3709 de
1068 3653 1147 3709 nulla

104 3909 132 3978 ¹)
159 3915 216 3965 Hoc
235 3917 290 3980 ipso
309 3917 375 3966 libro
395 3933 416 3967 c.
438 3923 466 3976 5,
492 3923 506 3966 6
529 3919 690 3967 scribendum
718 3927 793 3982 puto:
820 3917 1089 3980 sciscitandoque
1113 3933 1148 3966 eo

158 4005 294 4078 dentque
312 4012 475 4074 pervenit,
503 4019 537 4059 nt
555 4019 601 4058 cet.
649 4009 694 4060 Eo
717 4013 839 4061 demum
857 4027 901 4070 ea,
928 4023 984 4073 qua
1004 4011 1044 4059 bic
1063 4012 1147 4073 requi·

157 4099 235 4160 ritnr,
254 4101 438 4164 significatione
457 4107 495 4162 (ut
512 4105 559 4152 sit:
579 4113 773 4167 postremum
792 4103 839 4168 co)
859 4105 993 4155 barbarum
1012 4115 1057 4155 est.
