2800 4646
241 271 422 322 Ltu.xxxr1.
707 277 714 306 ¹
740 273 798 330 382

241 456 430 532 Perspicuum
462 465 506 514 est
536 456 631 526 enim,
663 457 734 515 illud
766 455 1006 524 committere,
1040 475 1102 514 cur
1123 454 1298 532 pereatis,
1388 480 1389 522 t

241 561 283 618 ite
304 554 371 630 dici,
392 569 424 617 ut
444 560 627 636 significetur,
642 562 769 632 debeis,
790 561 815 618 si
836 561 906 636 quid
920 560 1100 635 deliquerint,
1122 581 1142 618 a
1154 561 1299 620 Romanis

242 667 386 726 interitum
409 677 543 743 peretum
564 685 646 738 esse,
677 668 756 743 quod
785 677 878 725 totum
899 666 1037 740 parcendi
1058 667 1156 724 auimo
1180 677 1210 725 et
1228 685 1298 744 pro·

242 774 337 848 posito
359 773 534 830 contrarium
555 784 612 844 est;
643 792 736 847 neque
764 773 793 830 in
818 775 873 831 hac
894 772 1025 829 interitus
1053 773 1150 849 parati
1171 791 1298 830 comme·

242 879 404 936 moratione
424 877 561 954 parcendi
584 879 703 936 verbum
725 879 780 936 nisi
802 878 841 935 ad
861 896 927 947 eos,
953 877 1002 952 qui
1029 879 1088 936 iem
1117 877 1299 953 deliquerint,

242 991 374 1058 spectare
393 993 503 1059 potest3
528 983 605 1040 aliud
627 993 671 1040 est
692 985 767 1042 enirn
789 985 861 1040 beno
884 983 969 1040 alicui
989 983 1064 1040 velle
1087 993 1116 1041 et
1136 984 1299 1042 consultum

243 1088 270 1144 ei
289 1107 403 1163 cupere,
426 1087 503 1146 eliud
525 1108 653 1166 parcere.
703 1087 838 1148 Ceterum
860 1087 945 1163 plura
966 1088 995 1145 in
1016 1091 1073 1146 hoc
1094 1089 1189 1164 capite
1211 1089 1298 1146 etiam
1390 1137 1391 1168 3

242 1203 310 1268 post
332 1213 377 1263 ea,
399 1212 463 1268 que
485 1195 593 1252 auxilio
627 1194 781 1252 codicisB
811 1193 964 1251 emendate
985 1205 1060 1266 sunt,
1089 1195 1185 1252 mendi
1205 1195 1300 1270 suspi-
1390 1175 1391 1196 ¹

244 1299 355 1356 cionem
378 1299 494 1357 hebent.
540 1301 620 1358 Nam
642 1305 659 1370 ς
683 1303 700 1358 3
722 1301 883 1376 legatorum
906 1301 1061 1374 orationes,
1084 1319 1156 1376 quas
1178 1301 1300 1358 Aristae-

242 1423 298 1462 nus
328 1414 467 1479 tunquam
497 1406 653 1463 sententias
683 1406 846 1482 percenseri
876 1405 946 1474 vult,
982 1405 1061 1462 nullo
1094 1407 1181 1464 modo
1219 1407 1301 1482 ipsas
1391 1403 1392 1416 ¹

243 1511 376 1568 hesterno
408 1511 455 1568 die
490 1531 554 1588 pro
590 1511 787 1570 sententiis
828 1511 948 1568 dictes
993 1511 1155 1586 significare
1188 1521 1301 1588 potest;

242 1618 341 1692 itaque
374 1617 549 1676 redeundum
593 1619 707 1676 videtur
740 1618 777 1674 ad
813 1617 993 1692 superiorum
1030 1617 1301 1692 transpositionem:

242 1723 480 1780 hesternodie
499 1724 620 1782 dictes
642 1741 706 1800 pro
728 1722 1064 1798 sententiispero.;§
1079 1722 1299 1780 ldnullosimili

244 1828 376 1904 exemplo
399 1827 561 1886 defenditur
581 1830 704 1904 potius
726 1829 769 1886 bis
790 1827 926 1904 positum,
948 1828 1026 1902 quod
1048 1829 1106 1885 iam
1129 1827 1301 1885 Perizonius

243 1935 370 2004 notarit3
391 1939 406 2004 ξ
428 1945 524 1992 eutem
548 1937 586 1992 28
609 1935 683 1993 inter
704 1937 778 1992 duas
798 1933 1039 2008 interrogationes
1065 1931 1154 1990 futuri
1187 1942 1303 2008 tempo-

243 2041 283 2098 ris
303 2042 393 2098 verbo
424 2051 452 2098 et
480 2039 600 2115 pluralis
629 2041 741 2098 numeri
774 2039 904 2116 prolatas
931 2037 1169 2118 (recipiemus
1200 2049 1230 2095 et
1258 2057 1302 2095 en

243 2147 317 2222 ipsi
421 2145 636 2218 tutabimur)
663 2145 835 2222 pravissime
856 2145 917 2201 haec
942 2144 1145 2220 interponitur:
1188 2145 1303 2218 Quum

246 2264 345 2311 terre
367 2251 481 2312 Nebis
504 2261 538 2308 et
562 2251 842 2320 Lacedaemonii,
874 2249 964 2307 mari
987 2250 1118 2308 classis
1139 2254 1304 2310 Romana

246 2360 467 2436 urguebunt,
489 2359 581 2415 uude
602 2357 738 2433 regiam
766 2357 981 2415 societatem
1010 2365 1044 2413 et
1064 2357 1303 2416 Macedonum

245 2466 415 2542 praesidia
436 2461 644 2540 implorem?
669 2463 752 2538 quasi
768 2463 844 2520 hane
857 2461 967 2519 consilii
982 2461 1110 2538 inopiam
1125 2465 1162 2521 ed
1181 2483 1212 2522 se
1227 2483 1304 2541 pres·

246 2573 329 2648 cipue
345 2571 477 2629 etsolum
491 2570 651 2627 Aristaenus
664 2569 728 2644 (qui
750 2567 875 2624 sortasse
896 2577 957 2625 tum
980 2577 1087 2644 pretor
1107 2569 1221 2628 iuturus
1244 2589 1305 2628 non

247 2685 310 2735 erat
324 2685 353 2734 et
365 2675 491 2734 maxime
505 2695 524 2732 a
535 2675 728 2733 Macedonum
740 2673 878 2730 societate
889 2674 1076 2749 abhorrebat)
1085 2676 1230 2751 pertinere
1242 2677 1306 2753 sig·

246 2783 349 2840 nilicet,
395 2782 519 2839 Videtur
547 2780 655 2856 aliquid
686 2779 827 2838 excidisse
854 2789 883 2837 et
915 2781 945 2838 in
976 2781 1050 2838 hane
1081 2779 1206 2839 formem
1234 2781 1305 2840 olim

248 2889 385 2964 scriptum
416 2887 517 2946 fuisse:
639 2887 859 2962 urguebunt,
901 2883 1000 2963 [quid
1036 2887 1114 2958 erit,
1141 2897 1205 2945 aut:
1228 2907 1307 2964 quae

248 2991 419 3069 perfugia
452 2989 675 3069 restabunt‚]
706 2993 801 3050 unde
828 2991 965 3066 regiam
995 2991 1211 3050 societatem

249 3096 501 3179 imploremus?

331 3203 405 3280 Cap.
427 3205 476 3275 22,
499 3207 530 3262 5:
558 3205 684 3263 Risias
714 3203 944 3261 Pellenensis
973 3213 1060 3260 eret
1109 3201 1158 3260 Sic
1184 3221 1261 3260 nuno
1292 3223 1309 3260 e

249 3311 274 3368 B
297 3311 442 3380 scribitur3
470 3310 538 3368 olim
560 3311 765 3378 Rhisiaeus;
798 3310 849 3368 sed
876 3328 913 3366 ne
941 3309 1011 3366 illud
1039 3309 1155 3385 quidem
1177 3318 1229 3366 eut
1251 3328 1308 3384 pro

249 3417 354 3476 Graeco
386 3416 501 3474 nomine
533 3415 602 3473 alibi
633 3416 775 3490 reperitur
808 3429 859 3474 aut
889 3415 1030 3490 originem
1066 3414 1309 3490 cognationemre

251 3521 430 3598 probabilem
451 3522 549 3579 hebet.
594 3521 781 3580 Scribendunr
805 3521 928 3594 Pisias
951 3517 1136 3598 (Πεισίας).
1218 3514 1220 3523 ⁸

332 3626 404 3704 Cep.
426 3629 476 3697 24,
500 3629 516 3683 3
541 3627 589 3700 (de
611 3629 827 3702 oppugnatione
843 3626 982 3701 Elateae):
1005 3625 1135 3684 Ariete
1157 3625 1310 3682 admoto

250 3753 371 3808 quum,
405 3741 574 3810 quantum
606 3733 703 3790 inter
729 3743 851 3790 turres
879 3732 968 3791 muri
997 3741 1088 3801 erat,
1117 3739 1311 3806 prorutum

250 3859 326 3898 oum
354 3840 493 3916 ingenti
519 3837 669 3915 fragore
702 3857 744 3896 ec
775 3838 930 3915 strepitu
965 3837 1141 3896 nudasset
1168 3837 1311 3910 urbem,

249 3953 302 4002 cet.
363 3945 537 4014 Necessario
568 3944 764 4016 scribendum:
801 3953 972 4021 quantum
1003 3943 1103 4000 -inter
1137 3941 1176 3999 11
1208 3942 1310 4019 (duas)

251 4059 371 4104 turres
400 4048 491 4104 muri
511 4060 606 4120 eret,
639 4065 676 4104 ne
696 4058 774 4107 totus
796 4049 870 4106 muri
888 4049 1036 4120 cireuitus,
1057 4048 1201 4106 stantibus
1218 4048 1312 4106 turri·
