2800 4646
747 285 807 341 378

647 463 725 535 Lib.
747 462 918 536 XXXII.

330 671 402 749 Cap.
427 678 464 744 4,
486 677 504 731 3
526 685 556 731 et
584 679 616 734 4:
646 676 691 734 Et
717 673 921 732 adiuvabat
953 691 1014 732 eos
1043 673 1173 746 (AEtolos
1201 675 1304 732 Thau·

249 797 347 836 masos
369 779 569 854 defendentes)
591 790 727 840 natura
749 781 833 855 ipsa
853 779 935 839 loci.
988 779 1161 854 Namque
1184 779 1302 836 Thau·

247 885 338 942 maci
365 904 384 942 a
407 885 509 962 Pylis
542 887 696 962 sinuque
725 887 885 944 Maliaco
916 905 983 961 per
1012 885 1174 942 Lamiam
1203 885 1302 941 eiuuti

247 991 329 1048 loco
351 991 426 1048 alto
448 992 512 1050 siti
533 1003 624 1064 suut,
645 992 736 1068 ipsis
760 992 857 1064 (codd.
879 991 914 1047 iu
934 989 1220 1066 ipsis)faucibus
1241 990 1303 1047 im·

247 1096 433 1166 minantes,
455 1105 522 1173 qua
544 1099 649 1158 cosle
672 1098 732 1170 (B;
759 1096 846 1154 ceteri
869 1095 930 1154 fere
952 1114 1041 1170 ques
1062 1096 1183 1162 coele,
1215 1096 1303 1153 etiem

246 1213 304 1260 tres
335 1204 436 1262 lacobi
469 1204 626 1280 Gronovii)
665 1213 819 1272 vocaut;
861 1203 1141 1276 Thessaliaeque
1179 1213 1302 1260 trans·

247 1309 346 1366 eunti
375 1310 603 1391 confragosa
623 1310 705 1366 loca
728 1309 1016 1384 implicataeque
1044 1307 1207 1364 flexibus
1227 1305 1305 1362 val-

246 1413 331 1472 lium
353 1415 455 1486 vias,
476 1415 538 1474 uhi
559 1425 701 1473 ventum
725 1415 769 1471 ad
789 1415 881 1471 hauc
904 1414 1025 1471 urbem
1046 1421 1118 1482 est,
1150 1420 1304 1486 repente

246 1519 348 1578 velut
367 1522 478 1580 maris
500 1521 612 1590 vasti,
634 1521 688 1577 sic
710 1519 883 1576 universe
905 1518 944 1594 (B
970 1529 999 1576 et
1016 1519 1159 1594 plerique3
1180 1517 1217 1574 el.
1239 1517 1303 1574 im·

246 1629 378 1700 meuse)
400 1627 575 1703 panditur
595 1626 833 1702 planitiee‚ut
853 1625 1048 1683 subiectos
1069 1641 1215 1698 campos
1236 1631 1304 1678 ter·

246 1732 385 1790 minare
413 1731 532 1790 oculis
563 1731 658 1788 haud
690 1729 806 1788 facile
839 1749 962 1805 queas.
1013 1730 1120 1806 Agitur
1140 1729 1177 1785 de
1199 1728 1305 1803 specie,

246 1855 310 1912 quse
332 1857 351 1894 a
371 1839 490 1896 meridie
511 1856 564 1913 por
585 1847 752 1894 montanam
786 1835 933 1910 regionem
955 1835 1080 1894 venienti
1111 1835 1245 1892 obiicitur
1265 1835 1304 1891 ad

246 1941 432 2000 Thaumacos
453 1942 599 2018 aperiente
621 1960 653 1999 se
675 1941 794 2017 planitie
815 1943 993 2011 Thessaliam
1021 1943 1119 2017 itaque
1142 1942 1304 1998 Thessa-

245 2047 302 2104 lia
322 2065 426 2104 noman
458 2048 571 2122 (inepto
593 2047 680 2105 etiam
701 2048 765 2106 loco
801 2047 945 2124 positum,
974 2049 1058 2122 quasi
1084 2067 1149 2106 cum
1177 2045 1306 2122 pondere

246 2151 296 2208 alii
317 2152 429 2227 regioni
450 2153 596 2211 contraria
616 2155 678 2212 hoec
701 2157 840 2230 ponatur)
862 2173 953 2228 prave
974 2173 1040 2212 cum
1061 2153 1244 2228 confragosis
1261 2151 1304 2208 lo-

247 2257 288 2315 cis
310 2257 506 2334 coniungitur,
542 2277 606 2335 quas
641 2260 715 2317 inter
749 2259 843 2316 sinum
871 2259 1028 2318 Maliacum
1059 2261 1304 2332 Thaumacosque

246 2373 320 2434 sunt,
346 2375 484 2438 tauquam
505 2364 541 2422 iis
562 2365 679 2440 proprie
694 2363 849 2422 Thessalia
869 2365 1058 2423 contineatur.
1100 2365 1141 2423 Ni
1160 2363 1255 2434 fallor,
1270 2364 1302 2420 in

246 2470 520 2545 Thessaliaeque
541 2471 613 2527 latet
633 2471 817 2538 Thesssll;
839 2471 976 2548 ltaque,
1003 2481 1033 2526 ut
1055 2471 1096 2528 sic
1118 2471 1211 2527 oratio
1233 2489 1300 2528 cou-
1385 2443 1386 2452 ἵ

246 2576 385 2634 tinuetur:
402 2619 410 2636 .
425 2621 451 2634 i.
478 2587 613 2634 vocant
634 2576 821 2644 Thessali3
843 2577 969 2649 itaque
988 2577 1201 2634 transeunti
1222 2595 1303 2634 oon-

247 2679 398 2756 fragosa
419 2681 518 2752 loca,
642 2683 702 2740 ubi
732 2692 875 2740 ventum
905 2681 948 2737 ad
978 2682 1073 2739 hauc
1093 2683 1214 2740 urbem
1237 2692 1305 2750 est,

246 2797 398 2862 repente
501 2789 680 2863 penditur
700 2786 889 2862 planities.
934 2787 1038 2847 Utrum
1057 2787 1157 2844 Livius
1180 2787 1302 2863 scripse-

247 2891 293 2960 rit,
318 2911 375 2967 quo
396 2893 422 2949 B
444 2893 548 2950 ducere
568 2893 695 2950 videtur:
726 2911 828 2967 quam
859 2889 996 2950 Coelen
1028 2903 1162 2950 vocant
1190 2894 1303 2950 Thes-

247 2995 316 3052 sali
349 2997 394 3066 (ut
413 2997 484 3072 ipsae
505 2998 603 3057 fauces
632 2999 785 3075 appellatae
811 3007 948 3074 putentur
969 2987 991 3077 ἡ
1013 2995 1136 3079 Κοίλη)
1158 3017 1211 3068 au,
1244 3017 1303 3072 quo

248 3100 334 3158 ceteri
356 3102 421 3174 (etsi
442 3105 540 3161 obstat
561 3103 698 3178 Coele):
721 3121 814 3179 quas
837 3101 949 3160 Coela
969 3113 1102 3162 vocant
1122 3102 1302 3169 Thessali,

246 3225 304 3264 non
325 3203 475 3285 dsfiuio¹).

330 3311 403 3389 Cap.
431 3319 458 3384 5,
482 3318 499 3372 6
528 3325 557 3372 et
580 3319 596 3372 7
631 3314 681 3389 (de
705 3313 842 3389 Philippo
864 3331 940 3388 rege,
962 3314 1106 3373 sociorum
1129 3322 1158 3370 et
1180 3311 1305 3388 popule·

290 3531 445 3539 ———-.

265 3679 285 3744 ¹)
316 3683 435 3735 Coelen
467 3687 676 3737 Thessaliam
709 3698 791 3748 nequo
825 3685 906 3748 ipsam
937 3685 1046 3751 probare
1076 3701 1181 3752 possum
1219 3697 1302 3746 neque

314 3776 341 3826 id
360 3789 455 3826 nomeu
477 3777 512 3828 sic
530 3789 690 3842 separatumz
709 3775 831 3827 Coelen
850 3785 969 3827 vocant
982 3777 1200 3837 Thessaliam,
1220 3789 1302 3839 neque

316 3881 381 3933 qua
399 3869 473 3918 loca
491 3871 567 3932 (miro
585 3871 688 3922 ordine:
707 3883 775 3933 qum
791 3869 985 3919 transeunti
1004 3867 1203 3932 confragosa
1220 3868 1304 3928 loca)

314 3961 430 4026 expediri
447 3967 546 4024 potest;
565 3975 646 4024 neque
666 3963 734 4012 euim
752 3961 841 4012 fauces
859 3963 979 4025 (saluca)
997 3969 1057 4012 aute
1075 3961 1301 4025 traudbautquam

315 4053 348 4100 sd
367 4052 454 4101 urbem
473 4054 596 4102 venirent.
