2826 4640
594 282 651 339 497
1002 279 1059 328 Lib.
1086 279 1154 330 xm.

92 467 200 542 Itaque
230 468 287 526 hoc
313 465 378 521 loco
396 463 574 522 ·necessario
595 463 776 522 scribendum
802 475 858 526 est:
882 465 1154 542 postulandum·

95 553 315 647 qua,honos
336 569 489 626 meritus
511 579 549 626 ut
570 569 628 626 dis
650 569 918 632 immortalibus
945 571 1153 631 haberetur.

40 727 42 732 .
95 677 248 754 Scriptura
268 676 409 735 mendosa
432 684 531 733 totane
549 675 578 732 in
600 675 699 733 codice
712 674 800 735 fuerit
813 685 851 736 an
873 677 1025 738 coemerit
1046 676 1154 751 aliquid

95 801 133 841 ex
154 783 249 840 minus
272 781 349 840 felici
371 780 490 858 Grynaei
511 790 626 852 conatu,
648 782 763 853 nescio,
797 784 874 859 quod
897 802 935 842 ex
955 783 1013 839 bis:
1034 793 1154 858 postu·

94 889 317 965 laudumque
337 887 452 944 honos
476 888 627 945 meritus
653 886 761 945 factum
783 888 863 946 dico:
892 887 1154 966 postulandos·

95 1013 162 1072 qus
183 996 342 1054 honores
362 994 531 1064 meritos,
554 993 616 1052 eius
638 993 754 1069 quidem
776 993 881 1050 similia
902 993 1046 1072 permulta
1066 993 1154 1052 libra·

94 1101 155 1168 rius
176 1101 326 1160 commisit.
375 1100 433 1160 Sed
455 1099 635 1157 desideratur
655 1100 746 1176 ipsius
770 1100 906 1176 triumphi
933 1099 1016 1178 petiti
1037 1101 1154 1173 ruentia,

95 1208 145 1283 qui
167 1225 190 1264 c.
215 1211 274 1278 7,i
301 1215 383 1265 actus
404 1214 655 1264 commemoratur.
707 1205 783 1263 Eam
808 1216 903 1264 utrum
926 1205 1061 1266 librarius
1083 1207 1155 1263 omi·

94 1313 166 1370 serit
198 1331 236 1369 an
269 1313 370 1372 Livius
399 1314 428 1370 h.
450 1313 469 1369 l.
507 1331 543 1368 ex
574 1311 692 1370 honoris
723 1312 841 1369 deorum
874 1321 903 1368 et
937 1313 1154 1390 supplicationis

94 1418 240 1476 montione
267 1418 387 1494 intelligi
413 1418 551 1489 voluerit,
580 1437 639 1475 uon
666 1417 790 1487 definio,
822 1417 924 1474 sedin
945 1419 1152 1494 hancpsrtem

94 1523 201 1582 inclino
225 1543 279 1582 nec
306 1523 469 1599 suspicione
495 1524 571 1582 ultra
599 1523 777 1600 progredior.
827 1525 854 1596 (ξ
876 1525 893 1580 9
915 1524 1019 1582 vellem
1042 1525 1154 1584 obtem-

95 1639 229 1707 peratum
247 1649 266 1688 a
284 1629 493 1692 recentioribus
513 1629 644 1701 Dukero,
670 1631 719 1706 qui
740 1639 817 1688 reete
840 1629 987 1700 iudicavit,
1009 1631 1156 1706 publice

95 1735 278 1793 scribendum
301 1735 389 1811 esse.)

179 1839 252 1918 Cap.
287 1845 323 1914 9,
361 1844 393 1899 tt
431 1839 494 1916 (ubi
526 1842 774 1900 senatusconsulto
805 1851 920 1898 cautum
953 1849 1088 1898 narratur
1119 1842 1155 1900 de

95 1947 280 2005 iureiurando
320 1950 349 2006 in
391 1946 616 2004 manumissione
649 1947 804 2022 exigendo)
836 1949 977 2006 edebatur
1008 1967 1024 2004 e
1057 1947 1155 2004 codice

95 2051 162 2125 (qni
192 2051 238 2110 bic
269 2052 329 2110 iarn
364 2053 490 2129 incipitl:
519 2061 557 2108 ut
588 2052 767 2122 dictator,
804 2053 946 2124 consul,
978 2053 1154 2122 interrex,

94 2175 246 2228 censor,
267 2168 416 2234 praetor,
446 2159 506 2234 qui
527 2177 620 2216 nunc
645 2169 758 2228 esset,
789 2159 885 2234 apud
906 2178 1028 2217 eorum
1052 2177 1153 2234 quem

80 2272 161 2334 -ato,
182 2281 259 2322 nune
273 2264 416 2335 scribitur,
437 2275 470 2320 ut
485 2263 621 2339 Sigonius
634 2265 721 2322 scribi
742 2263 840 2321 iussit:
863 2265 922 2339 qui
944 2273 1028 2322 tuno
1050 2273 1154 2322 esset.

93 2368 154 2426 Sed
189 2369 230 2426 sic
266 2389 382 2445 quoque
411 2370 586 2427 inobviam
625 2371 719 2427 eundo
750 2369 846 2427 fraudi
882 2389 935 2446 per
966 2371 1063 2447 plures
1096 2371 1153 2426 iam

94 2491 187 2532 annos
209 2475 339 2550 gliscenti
368 2475 545 2551 ineptissime
575 2485 695 2534 cavetur
725 2475 761 2534 de
790 2475 874 2534 unius
904 2475 970 2534 illus
1001 2475 1069 2532 anni
1090 2495 1154 2533 ma-

94 2581 262 2656 gistratibus
295 2589 334 2648 (et
366 2583 409 2639 ita
442 2591 575 2652 cavetur,
613 2591 645 2639 ut
671 2591 886 2653 enumerentur,
923 2581 973 2656 qui
1000 2581 1050 2638 illo
1078 2601 1154 2639 anno

94 2703 153 2744 non
175 2687 300 2758 bierunt,
322 2687 446 2745 dictator
462 2697 490 2745 et
508 2685 657 2762 interrex),
680 2687 710 2744 in
730 2686 858 2744 futurum
880 2687 950 2744 nihil
971 2686 1153 2763 prospicitur.

96 2791 175 2850 Nam
198 2795 275 2868 qnod
299 2794 556 2851 Drakenborchius
577 2792 639 2867 qui
660 2802 744 2848 tunc
766 2803 863 2850 esset
892 2793 933 2851 sie
955 2813 973 2850 u
995 2793 1079 2850 Livio
1102 2812 1155 2870 po·

18 2939 21 2946 .
96 2898 181 2955 situm
210 2908 308 2974 putat,
344 2911 376 2958 ut
410 2899 440 2956 in
469 2900 533 2975 ipso
570 2899 819 2956 senatusconsulto
851 2889 1155 2976 intelligutur'iuisse:

96 3003 158 3077 qui
183 3023 275 3062 nunc
297 3015 351 3062 est
372 3004 681 3080 quiqueposthac
704 3005 785 3076 erit,
820 3005 849 3062 id
879 3005 945 3070 (etsi
979 3005 1055 3063 idern
1083 3005 1156 3062 alios

94 3109 219 3167 sensisse
247 3111 394 3186 suspicor)
422 3118 482 3168 tam
496 3178 500 3186 ,
515 3119 559 3167 est
590 3110 747 3168 absurdum
780 3121 809 3169 et
838 3111 1005 3181 ridiculum,
1033 3121 1066 3168 ut
1085 3110 1157 3169 nibil

94 3215 189 3290 magis
211 3235 273 3274 essa
295 3216 401 3293 possit;
429 3233 496 3273 nam
529 3225 613 3274 tuuc
640 3217 669 3274 in
699 3217 847 3275 narrando
872 3218 921 3275 uui
946 3217 1089 3274 nuncin
1111 3235 1156 3274 se·

95 3323 312 3381 natusconsulto
344 3321 508 3397 respondet.
565 3323 667 3381 Livius
702 3325 732 3382 id
763 3323 858 3398 ipsum
885 3323 1049 3400 scripserat,
1078 3323 1155 3399 quod

95 3425 352 3486 Drakenborcbius
392 3428 484 3486 audiri
526 3429 630 3486 voluit:
670 3429 730 3504 qui
760 3439 842 3486 tuno
874 3440 973 3487 esset
1007 3425 1155 3506 [quique

92 3533 249 3608 posthac
289 3533 435 3591 futurus
481 3532 611 3613 esset];
657 3535 777 3592 alterum
821 3535 960 3592 orationis
995 3536 1154 3593 membrum

92 3637 231 3696 ebidem
255 3641 376 3698 verbum
408 3640 454 3698 bis
481 3641 607 3717 positum
635 3641 760 3711 excidit,
789 3640 895 3698 erroris
923 3659 1028 3717 genere
1058 3642 1087 3700 in
1111 3641 1156 3699 his

92 3743 176 3801 libris
189 3743 396 3822 perir-equenti.
438 3746 486 3804 De
506 3747 618 3822 reliquo
637 3748 703 3805 loeo
718 3757 829 3805 tantum
852 3747 927 3817 dico,
947 3745 1156 3812 iusiurandum,

92 3858 197 3908 conus
216 3869 251 3909 ac
266 3850 420 3910 Creverius
442 3871 565 3928 eumque
586 3853 677 3912 secuti
699 3851 748 3911 alii
762 3850 973 3924 existimarunt,
992 3854 1155 3912 necessario

93 3965 230 4014 exactum
253 3973 317 4014 esse
338 3976 357 4015 a
378 3959 599 4032 manumissore,
621 3978 680 4018 nou
702 3959 740 4018 ab
762 3977 807 4030 ao,
829 3957 878 4034 qui
893 3935 1156 4028 manumittet-etum

94 4079 165 4120 nam
187 4071 216 4119 et
236 4061 273 4120 da
293 4065 513 4124 manumissoris
541 4065 638 4124 auimo
668 4043 838 4124 et'oonsilio
864 4063 927 4142 ipse
953 4064 1048 4124 iurare
1071 4065 1156 4123 debe·

121 4179 399 4222 sturionum-..naa
924 4175 956 4218 ns
