2820 4646
602 285 661 344 585
989 282 1046 334 Lib.
1065 283 1163 342 XLIV,

99 473 115 538 ξ
143 471 177 526 13
198 467 240 534 (in
262 465 376 526 AEmilii
399 465 525 524 consulis
547 465 657 539 verbis)
682 467 833 526 scribitur:
863 467 893 526 N
900 486 942 524 on
974 486 1092 544 operas
1116 469 1164 526 sit

100 575 218 636 stanti
239 591 331 632 nune
352 573 386 630 in
409 572 487 630 acie
509 571 651 644 docere,
676 573 808 648 quibus
837 573 1024 634 decausis
1051 573 1164 632 hodie

101 682 247 758 quiesse
269 677 397 738 melius
418 678 474 736 sit
517 676 687 736 Certissima
708 679 849 738 sermonis
870 679 918 738 lex
940 681 1069 757 postulat
1083 699 1164 758 ope·

100 807 147 846 τω
168 797 214 856 st;
235 787 277 845 sic
298 784 374 842 enim
396 783 568 859 loquuntur,
596 784 645 860 qui
668 783 723 842 sibi
744 793 858 861 tempus
881 785 1030 862 otiumque
1054 786 1164 862 ailquid

101 893 226 952 faciendi
247 891 348 952 dces'se
368 890 467 948 dieunt
489 892 533 964 (ut
559 889 622 966 ipss
644 889 745 948 Livius
779 895 811 963 1,
837 893 896 964 2⁴,
919 895 956 964 6,
979 893 1044 966 IV,
1068 895 1104 964 8,
1130 896 1164 965 3,

102 1000 258 1068 XXXIII,
281 1001 331 1068 20,
359 1000 405 1069 tt,
427 999 512 1069 XLI,
535 997 584 1066 25,
608 997 654 1070 8);
676 996 884 1056 condicionalis
903 998 998 1056 oratio
1020 999 1164 1076 ineptissi-

101 1125 150 1164 ma
181 1115 240 1177 est,
272 1106 356 1180 quasi
377 1115 464 1182 neget
485 1101 596 1164 Paulus
624 1121 701 1161 nunc
722 1121 755 1160 se
778 1104 808 1162 in
830 1105 892 1164 acie
913 1115 1002 1164 stare.
1045 1105 1093 1163 De
1113 1125 1164 1183 gs·

101 1231 171 1270 nere
194 1211 290 1268 mendi
310 1211 371 1268 dixi
390 1211 553 1286 multosque
575 1209 657 1267 locos
678 1210 793 1268 correxi
816 1211 854 1268 ad
877 1209 937 1272 Cic.
961 1211 1027 1270 Fin.
1048 1213 1108 1284 ΠΙ,
1128 1219 1161 1272 tt

100 1337 129 1393 p.
154 1319 233 1387 448,
260 1315 368 1393 Opusc.
391 1319 446 1378 Ac.
472 1317 504 1376 Il
525 1335 554 1393 p.
576 1317 652 1386 2223
689 1317 785 1374 habeo
808 1316 981 1388 etiamnunc,
1014 1337 1087 1394 quos
1112 1321 1163 1378 sd·

100 1419 210 1498 dam.¹)

191 1528 263 1606 Cap.
286 1532 342 1597 37,
367 1529 422 1598 12,
449 1528 499 1585 ubi
523 1527 621 1604 egitur
650 1529 686 1586 de
708 1529 744 1586 L.
774 1527 869 1586 Paulo
892 1527 984 1586 altero
1008 1531 1095 1590 etism
1117 1532 1163 1590 die

99 1654 228 1712 pugnam
251 1635 333 1712 segni
354 1653 439 1692 mors
459 1634 554 1692 vitare
575 1633 672 1692 multis
693 1635 767 1706 viso,
792 1634 846 1692 etsi
867 1633 977 1693 nullum
999 1645 1044 1694 est
1065 1639 1163 1696 autin

99 1741 201 1799 codiee
223 1751 275 1800 aut
294 1742 324 1798 in
346 1741 511 1810 verborum,
534 1759 598 1816 quse
624 1741 733 1818 scripta
754 1749 831 1810 sunt,
853 1739 1047 1816 grammatica
1067 1739 1164 1798 forms

98 1848 196 1906 mendi
218 1848 364 1918 indicium,
385 1857 483 1905 tamen
505 1847 535 1904 id
557 1845 724 1904 certissimis
754 1855 783 1904 et
804 1847 945 1904 cretionis
966 1855 996 1902 et
1016 1845 1163 1906 sententiar

99 1954 277 2030 argumentis
301 1954 489 2013 conuincitur.
543 1951 592 2010 Sic
614 1952 689 2008 enim
711 1953 863 2012 scribitur:
885 1951 1024 2012 Consul
1046 1953 1088 2010 sd
1110 1951 1164 2024 id,

99 2061 198 2135 quod
213 2059 334 2136 pridie
348 2058 642 2136 praetermisisse
661 2059 852 2134 pugnandi
867 2059 1098 2118 occasionem
1113 2061 1163 2118 ri·

98 2167 255 2224 debatur
276 2164 447 2224 stlocum
471 2165 620 2222 dedisse
641 2165 761 2236 hosti,
783 2165 814 2222 si
835 2173 941 2222 nocte
965 2165 1069 2223 abire
1090 2167 1162 2223 vel-

97 2273 165 2344 let,
189 2283 274 2330 tunc
297 2291 440 2348 quoque
462 2291 525 2349 per
544 2271 708 2347 speeiem
731 2269 944 2328 immolandi
965 2279 1091 2328 terere
1114 2273 1162 2330 vi·

98 2379 259 2435 debatur
278 2387 428 2454 tempus,
455 2396 558 2453 quum
590 2377 670 2435 luce
691 2377 811 2454 prima
835 2374 973 2452 signum
997 2379 1162 2453 proposi-

98 2495 170 2541 tum
204 2503 332 2559 pugnae
366 2483 410 2540 ad
446 2485 652 2542 exeundum
683 2485 719 2542 in
752 2484 864 2541 eciem
897 2481 1041 2543 luisset.
1089 2483 1162 2558 Quis

98 2591 199 2648 credat
232 2601 282 2648 eut
311 2590 477 2658 consulem,
513 2599 668 2666 antequam
690 2590 889 2660 immolasset,
922 2607 1026 2665 pugnas
1048 2590 1162 2665 signum

98 2698 285 2774 proposuisse
317 2708 367 2754 aut
401 2697 518 2754 omnino
547 2697 577 2754 id
611 2717 646 2756 co
668 2697 715 2755 die
737 2697 872 2772 aprima
896 2696 960 2754 luce
980 2696 1161 2772 propositum

98 2802 206 2873 finisse,
235 2821 293 2879 quo
315 2815 345 2861 et
365 2803 465 2862 consul
488 2804 561 2880 ipse,
586 2803 672 2860 tertie
691 2805 780 2872 hors,
817 2802 958 2879 significet
990 2805 1025 2875 (c.
1050 2804 1098 2872 38,
1123 2805 1162 2876 7),

98 2909 238 2966 incertum
261 2927 339 2979 esse,
360 2909 500 2966 hodierno
523 2930 559 2967 an
582 2909 708 2968 crastino
730 2909 777 2966 die
800 2911 929 2968 exiturus
951 2911 979 2968 in
1003 2909 1092 2968 aciem
1116 2909 1164 2978 sit,

99 3023 129 3071 ct
151 3013 251 3071 Livius
273 3013 310 3090 (c.
334 3019 383 3084 to,
406 3015 448 3090 3),
470 3025 573 3073 neutro
595 3014 772 3090 imperatore
793 3015 918 3086 volente,
934 3035 1003 3074 casn
1018 3025 1162 3074 certamen

124 3343 149 3414 ι)
166 3349 387 3415 ApudFestumv.
403 3348 595 3400 offendices
613 3357 741 3398 nourects
755 3349 940 3399 Muellerus
958 3363 972 3398 e
988 3349 1161 3399 codiceresti·

171 3429 335 3504 tuitzquuni
350 3443 388 3490 sd
406 3451 545 3492 mentum
564 3449 755 3508 perventum
771 3441 815 3491 sit
829 3442 886 3506 (pro
899 3450 1096 3506 perventum
1109 3442 1161 3506 st),

170 3533 314 3584 offendit
333 3545 484 3594 mentum,
502 3537 645 3598 miramque
666 3533 791 3584 confluxit
808 3534 933 3584 orationis
952 3543 1028 3584 reeta
1052 3543 1078 3584 ct
1096 3535 1163 3584 obli·

171 3639 232 3690 ques
247 3626 433 3684 confusionem.
481 3628 557 3694 Apud
585 3625 710 3676 Senecam
738 3628 812 3692 epist
833 3633 884 3688 92,
918 3633 946 3677 11
980 3627 1055 3678 scribi
1074 3627 1163 3677 debet:

171 3717 376 3784 Qnidcrgo?
421 3723 455 3776 Si
485 3723 644 3772 virtutem
675 3719 758 3770 nibil
788 3720 986 3785 impeditura
1005 3727 1035 3769 st
1054 3719 1088 3784 (s.
1107 3721 1161 3784 sit)

171 3811 254 3861 bons
271 3813 428 3866 valetudo
446 3825 478 3866 st
497 3816 591 3878 quies
611 3813 806 3864 sedatorum
824 3811 968 3870 vacatio,
987 3825 1049 3860 non
1067 3821 1161 3876 petes

171 3903 270 3954 illesi
306 3905 490 3960 Conlunctirns
508 3907 687 3958 vitiosissimus
699 3917 746 3957 est.
795 3903 882 3954 Etiam
912 3905 980 3970 apud
999 3901 1078 3958 Corn.
1097 3903 1162 3969 Nep.

170 3995 295 4062 Thrasyb.
320 4003 330 4046 1
351 3997 525 4050 scribendum:
544 3999 577 4050 Si
597 4013 655 4064 psr
673 4013 704 4049 se
722 4000 831 4048 virtus
851 3999 922 4048 sinc
942 3995 1164 4063 iortuuspon·

170 4091 315 4142 derands
334 4099 362 4140 st
381 4093 437 4156 (pro
456 4091 522 4156 tlt),
544 4092 666 4152 dubito,
685 4106 724 4142 sn
743 4099 792 4146 eet.
