2826 4650
235 1121 661 1217 sunuouuouou
687 1083 1028 1216 annornm

542 1286 612 1344 rius
632 1287 714 1344 ruttlt

104 1430 172 1493 uvi!
192 1429 357 1494 sucorum
378 1429 487 1494 usust
513 1429 681 1492 ruinosum
702 1429 949 1492 sustotuoous
971 1428 1158 1492 contrusus.
1179 1415 1182 1424 ⁵

531 1693 726 1758 cotosmor.

104 1811 211 1944 Quum
235 1863 274 1922 T.
287 1855 365 1918 Livii
386 1861 475 1918 libros
496 1860 563 1918 iude
584 1861 622 1918 ab
644 1859 848 1932 adolescentia,
871 1870 902 1917 ut
916 1880 970 1936 per
986 1871 1049 1918 erat
1065 1862 1159 1919 homi-

104 1971 213 2028 nemin
236 1969 324 2026 rebus
348 1966 541 2041 institutisque
562 1967 761 2024 Romanorum
785 1967 992 2041 cognoscendis
1011 1967 1159 2042 explican-

104 2077 200 2151 disque
222 2074 303 2132 etin
325 2074 465 2129 sermonis
488 2073 586 2129 Latini
614 2072 725 2148 legibus
754 2073 938 2148 exquirendis
963 2067 1159 2130 declarandis-

105 2189 351 2258 queoccupatum
375 2179 502 2236 studiose
513 2179 697 2250 lectitassem,
722 2197 780 2234 non
794 2196 912 2252 paucos,
934 2180 1017 2249 utfit‚
1039 2179 1160 2236 subinde

104 2289 177 2346 locos
198 2288 425 2355 adnotaveram,
457 2285 487 2342 in
509 2283 612 2359 quibus
634 2267 798 2354 meliorem,
832 2303 919 2358 quam
942 2302 1005 2358 quse
1026 2285 1055 2341 in
1077 2287 1160 2344 editis

103 2393 237 2468 exemplis
254 2389 494 2461 circumferretur,
516 2389 687 2464 scripturam
710 2399 760 2446 aut
782 2409 797 2446 e
819 2390 966 2447 codicibus
987 2392 1061 2449 sumi
1075 2409 1162 2467 posse

105 2507 150 2553 aut
170 2497 294 2554 aliorum
318 2506 370 2554 aut
392 2497 515 2572 denique
536 2515 602 2553 mea
623 2496 788 2553 coniectura
809 2505 952 2571 repertam
974 2515 1038 2554 esse
1052 2498 1160 2556 iudica·

104 2602 176 2659 bam.
213 2603 305 2660 Anno
330 2611 426 2660 autem
454 2605 531 2661 1835
554 2611 645 2659 totum
671 2619 743 2677 opus
766 2601 942 2677 pertractavi
966 2603 1161 2678 perlustratis·

105 2728 156 2783 que
176 2708 357 2785 superiorum
374 2707 664 2782 Drakenborchiique
678 2717 707 2763 et
728 2707 753 2763 si
775 2725 839 2782 quse
862 2717 929 2784 post
950 2727 1014 2766 eum
1033 2727 1161 2768 accesse-

104 2823 173 2884 rant
196 2815 290 2890 copiis
311 2816 450 2872 orationis
472 2814 596 2872 formam
618 2813 783 2889 recognovi,
806 2813 886 2870 cuius
907 2815 1112 2890 recognitionis
1134 2825 1163 2872 et

105 2921 132 2976 in
152 2922 367 2978 commentariis
390 2921 460 2978 meis
482 2919 679 2978 Ciceronianis
707 2920 745 2976 ad
775 2918 865 2976 libros
894 2919 930 2977 de
958 2922 1062 2979 finibus
1084 2922 1162 2979 etin

105 3025 221 3094 libellis,
257 3044 330 3098 quos
357 3037 425 3103 post
446 3027 514 3083 illud
536 3035 649 3102 tempus
671 3025 793 3100 scriptos
815 3019 937 3083 alterum
959 3027 1161 3102 opusculorum

106 3151 232 3189 meorum
251 3131 482 3190 academicorum
496 3133 630 3190 volumen
645 3131 779 3203 continet,
801 3132 872 3189 satis
888 3131 978 3188 molta
990 3132 1164 3190 documenta

106 3247 229 3298 exstant.
298 3239 411 3296 Deinde
433 3258 520 3314 quum
548 3238 586 3294 ad
613 3237 685 3294 alias
712 3238 872 3296 studiorum
894 3247 992 3312 partes
1014 3238 1162 3296 traductus

107 3363 210 3414 mem,
241 3363 294 3420 par
315 3353 372 3401 tres
394 3344 481 3402 etiam
503 3362 612 3414 anuos,
644 3363 717 3418 quos
747 3344 776 3401 in
798 3344 883 3418 longe
903 3343 961 3400 alio
983 3344 1163 3420 negotiorum

105 3457 209 3524 genere
230 3450 294 3524 egi,
329 3469 443 3507 omnem
465 3469 582 3527 operam
605 3446 808 3526 philologicam
831 3449 1062 3531 intermisisses,
1084 3461 1164 3527 post·

107 3575 192 3630 quam
224 3575 251 3612 a.
285 3555 360 3613 1852
389 3555 455 3611 vitea
487 3557 659 3614 academicae
685 3566 713 3614 et
739 3556 903 3632 philologiae
936 3555 1064 3613 redditus
1091 3575 1164 3626 sum,

107 3661 230 3735 primum
244 3681 334 3737 prope
347 3678 424 3730 casu,
447 3661 619 3720 academice
637 3663 800 3738 scriptionis
818 3661 988 3720 necessitate
1004 3663 1079 3720 iuter
1092 3663 1165 3720 alias

109 3768 310 3843 occupationes
333 3767 440 3838 oblate,
463 3768 577 3826 Livium
600 3769 697 3844 attigi3
719 3767 807 3844 paulo
825 3776 920 3824 autem
939 3777 1006 3844 post
1025 3768 1065 3842 (a.
1087 3771 1164 3827 1853

107 3881 136 3926 et
159 3873 266 3945 1854),
288 3874 325 3930 ab
347 3872 463 3930 homine
483 3874 591 3945 amico,
613 3874 806 3951 legendario,
827 3884 961 3948 rogatus,
982 3883 1028 3944 ut,
1051 3875 1165 3950 siquid

110 3976 144 4032 ad
167 3977 243 4034 Livii
266 3979 356 4036 libros
383 3989 442 4036 tres
472 3980 580 4054 primos
612 3992 640 4038 et
662 3980 830 4038 vicesimum
858 3979 997 4055 primum,
1034 3981 1166 4039 alterurn.

110 4081 222 4140 tertium
244 4084 413 4142 adnotatum
437 4086 591 4156 haberem,
617 4105 673 4160 quo
697 4085 790 4143 oratio
815 4085 995 4144 emendatior
1014 4085 1079 4146 fieri
1101 4107 1167 4162 pos-

161 4201 265 4240 [anuuit
281 4203 436 4244 Rumina.
956 4199 964 4240 l
