2800 4646
323 279 380 329 ms.
398 279 473 332 xxi.
784 281 844 340 m

283 485 361 524 mum
382 465 513 524 bontincs
535 463 585 520 elii
606 483 694 541 snper
714 464 798 534 elios,
819 464 924 522 deinde
945 463 1033 520 etiam
1046 463 1174 523 iumenta
1194 467 1224 522 in
1243 465 1336 522 homi·

282 591 334 630 nes
361 573 495 630 incidisse
515 571 656 628 dicuntur.
698 569 758 630 Sed
791 571 869 645 qnod
891 569 1143 627 Weissenbomius
1170 570 1338 628 occidere

283 680 317 736 in
349 678 506 753 aliquem
540 677 603 734 vult
623 676 890 742 esseincidere,
923 676 1010 733 ceteri
1042 685 1137 734 autem
1166 676 1338 734 occidere

282 804 336 862 pro
356 783 589 861 praecipitari
619 782 780 859 accipiunt,
807 801 928 859 prorsus
958 781 1162 841 incredibiliter
1189 783 1279 840 verbo
1309 782 1337 838 in

282 891 340 948 alia
361 909 393 948 re
414 890 450 946 de
476 891 578 947 eodem
603 890 797 947 subiectorum
829 907 935 964 genere
963 889 1151 946 usitatissimo
1178 887 1336 946 inauditam

283 995 425 1072 affingunt
447 995 696 1070 significationem.
743 993 844 1052 Livius
865 995 1036 1070 scripserat:
1069 1005 1103 1052 et
1123 995 1283 1052 iumenta
1304 993 1337 1049 in

282 1101 444 1159 homines
466 1101 704 1158 succiderent
726 1099 792 1176 (auf
803 1101 851 1158 die
872 1101 1029 1159 Mensrhen
1051 1101 1336 1168 herunterstttnten).

283 1207 428 1268 Litteras
450 1207 539 1265 semel
562 1206 680 1283 scripta,
711 1227 747 1264 ex
767 1206 1150 1265 hominesncciderent
1175 1216 1270 1263 ortum
1296 1214 1337 1262 est

282 1313 498 1371 occiderent
524 1331 643 1389 prorsus
673 1314 775 1370 eodem
809 1333 917 1382 errore,
942 1331 1007 1387 quo
1041 1312 1152 1380 XXII,
1186 1313 1230 1380 12,
1262 1315 1336 1368 lex

282 1420 447 1478 occultus
483 1419 714 1477 subsistebat
749 1418 858 1476 factum
892 1429 949 1476 cst:
983 1418 1148 1475 occultus
1178 1418 1335 1474 obsiste·

281 1527 358 1597 bet,
389 1537 417 1583 et
443 1525 602 1594 XXXIV,
631 1525 685 1594 29,
713 1529 873 1583 6murus
896 1525 1123 1582 obruebatur
1148 1543 1186 1582 ex
1217 1541 1336 1581 neurus

281 1633 540 1690 subruebatur.
609 1631 668 1690 Sed
705 1642 845 1706 praterea
883 1631 1106 1700 restituendum,
1150 1629 1226 1704 quod
1260 1631 1334 1688 Dre-

281 1738 457 1796 kenborchio
492 1737 521 1794 in
557 1745 680 1793 mentem
717 1737 808 1806 venit,
849 1737 972 1794 affixi.
1023 1737 1080 1811 Qui
1111 1737 1157 1794 vel
1188 1737 1334 1812 paululum

281 1845 468 1913 titubassent,
503 1842 603 1899 Livius
633 1855 720 1918 negat
751 1845 781 1901 in
808 1843 920 1902 lubrice
950 1844 1044 1918 glacie
1074 1843 1170 1901 facere
1198 1842 1334 1918 potuisse,

282 1949 359 2026 qnod
381 1947 518 2023 alioquin,
539 1948 588 2022 qui
604 1947 764 2018 tituburint,
778 1947 875 2006 fecere
889 1949 1011 2020 soleant,
1035 1959 1066 2006 ut·
1080 1949 1202 2023 vestigio
1217 1949 1335 2006 finniter

281 2071 381 2132 presso
403 2053 487 2129 quusi
509 2053 590 2111 affixi
612 2055 749 2124 haereant,
770 2074 807 2112 ne
827 2073 947 2131 prorsus
969 2055 1083 2115 cedent.
1139 2055 1214 2133 Mire
1237 2053 1333 2112 Livius

281 2181 341 2232 eos,
362 2161 411 2236 qui
433 2161 619 2228 titubassent,
645 2171 766 2235 negaret
792 2159 916 2218 afflictos
939 2161 976 2218 ad
999 2171 1106 2218 terram
1134 2161 1228 2217 iacere
1249 2170 1332 2236 potu·

281 2269 351 2338 isse;
373 2269 402 2325 id
424 2267 499 2324 enim
522 2266 626 2342 ipsum,
648 2286 685 2324 ne
706 2265 911 2342 affligerentur,
938 2267 1031 2323 vitare
1054 2261 1276 2339 conabuntur.¹)

365 2373 437 2450 Cep.
461 2375 510 2440 37,
533 2377 565 2429 5:
587 2371 773 2429 Inferiore
802 2373 947 2450 (Alpium)
969 2373 1086 2430 velles
1118 2372 1332 2448 apricosque

282 2480 455 2556 quosdam
476 2478 930 2554 colleshsbentrivosque
945 2497 1057 2555 prope
1077 2478 1192 2535 silvas
1216 2489 1252 2535 et
1269 2479 1331 2535 iam

280 2586 432 2643 humano
455 2584 552 2641 cultu
573 2584 745 2659 digniora
766 2585 859 2642 locu.
902 2584 1086 2642 Probabilius
1107 2582 1331 2642 Weissenborni·

281 2709 315 2748 us
355 2690 488 2766 copulam
529 2690 641 2747 addidit
679 2690 925 2766 (apricosque)
969 2709 1056 2765 qnam
1092 2691 1255 2766 superiores
1287 2687 1334 2766 (et

281 2797 428 2872 apricos
450 2815 515 2852 cum
538 2794 677 2856 Cantebr.
709 2805 738 2854 et
759 2797 832 2854 Lov.
856 2801 900 2867 3);
928 2796 998 2853 mihi
1028 2797 1202 2871 quosdam
1230 2813 1330 2872 prono-

282 2921 345 2958 men
367 2902 396 2958 in
418 2901 547 2958 locorum
569 2907 665 2959 torma
679 2901 813 2959 universe
835 2902 1023 2960 describenda
1041 2912 1101 2958 tam
1123 2902 1331 2960 incommodum

281 3007 403 3077 videtur,
424 3017 456 3064 ut
477 3007 663 3082 cogitandum
685 3007 827 3078 videatur,
849 3007 1032 3084 scripseritne
1054 3005 1154 3064 Livius
1176 3006 1330 3081 apricos·

281 3130 348 3187 que
367 3111 476 3168 etiam
501 3111 625 3168 colles.
669 3111 704 3168 In
724 3114 779 3170 hac
798 3113 934 3171 inferiore
957 3123 1041 3189 parte
1064 3113 1119 3189 ipsi
1146 3111 1232 3168 colles
1255 3114 1331 3180 (con-

280 3217 360 3274 trarii
382 3215 578 3274 cacuminibus
599 3216 655 3273 illis
677 3217 809 3294 summis]
834 3221 925 3296 uprici
947 3229 1022 3279 sunt.
1065 3218 1123 3277 Sed
1151 3217 1255 3275 certius
1283 3225 1331 3280 eet,

281 3341 299 3380 a
320 3323 404 3380 Livio
424 3341 481 3379 non
503 3333 745 3380 commemoratos
768 3343 832 3382 esse
853 3325 955 3384 rivos
976 3343 1091 3402 prope
1112 3323 1241 3388 silvas,
1272 3335 1330 3395 qua

280 3427 482 3506 propinquitas
515 3427 553 3484 ed
585 3446 645 3484 rem
672 3428 742 3485 nihil
769 3431 887 3488 omnino
917 3431 1053 3510 pertinen
1084 3447 1137 3486 uec
1160 3429 1216 3486 rivi
1236 3421 1331 3502 Alpini

279 3553 371 3611 prope
393 3535 482 3592 silvas
503 3533 554 3591 ssd
574 3551 627 3609 per
647 3533 727 3610 ipses
742 3535 831 3593 silves
845 3535 1009 3597 decurrunt.
1054 3537 1148 3593 Recta
1162 3536 1222 3592 haeo
1244 3537 1329 3596 erunt,

280 3639 304 3698 si
325 3639 536 3716 scripserimus:
563 3639 740 3714 rivosque
771 3650 805 3696 et
834 3660 949 3717 prope
983 3639 1108 3703 silvas.
1160 3641 1228 3698 Non
1249 3635 1330 3694 audet

282 3811 477 3820 ——-

298 3891 320 3956 ¹)
348 3895 410 3960 Cap.
430 3900 472 3956 36,
496 3901 509 3948 7
536 3897 605 3961 quod
623 3896 847 3949 Weissenbornius
867 3915 882 3948 u
902 3899 1015 3963 Sauppio
1034 3898 1143 3964 sumpsit
1160 3898 1224 3956 ria,
1248 3889 1327 3958 exptl·

349 3987 451 4036 lendum
471 3997 525 4050 επις
544 4004 594 4038 non
615 3991 700 4053 egitur
716 3991 749 4039 de
773 3991 816 4040 via
833 3990 933 4040 lubrica
951 3991 1034 4055 glacia
1059 3989 1143 4054 (nullu
1160 3990 1225 4038 enim
1244 3989 1268 4037 in
1288 3980 1328 4032 lll-

348 4080 417 4145 pium
437 4081 614 4132 cacuminibus
639 4091 665 4132 ct
690 4082 757 4145 iugis
780 4083 822 4131 rie
849 4083 930 4146 erut),
958 4085 1003 4134 sed
1028 4085 1059 4133 de
1083 4083 1140 4156 ipsa
1158 4081 1239 4143 glucie
1256 4075 1326 4128 tutn-

349 4187 387 4222 οι.
422 4171 526 4222 Littera
544 4181 598 4224 uta
616 4183 678 4224 orta
695 4175 812 4224 videntur
830 4191 863 4225 ex
880 4176 969 4226 vicinis
987 4181 1068 4237 (erut
1086 4174 1235 4237 lubrice).
