2800 4646
563 275 623 331 435
942 272 1001 324 Lib.
1014 271 1156 322 XXXVII.

89 457 193 516 tibus
216 456 342 532 quidem,
365 455 442 531 quod
464 456 558 514 ueoB
580 475 632 515 nee
654 455 1072 530 Drakenborohienihebent,
1094 457 1155 516 fru-

87 573 155 620 stra
176 561 344 622 Gronovius
365 561 520 620 defendere
543 573 665 621 conatus
686 571 739 620 est.
792 562 897 636 Neque
919 570 1016 620 temon
1037 580 1158 638 prorsus

89 677 203 728 eertum
225 678 283 734 est,
306 667 439 738 Livium,
470 677 501 724 ut
523 669 652 726 ultima
673 667 880 743 Hispaniis,
913 668 1078 739 Euboeae,
1115 667 1157 726 sio

91 775 222 833 ultima
252 773 418 832 Orientis
450 794 504 850 pro
537 775 666 832 ultimo
687 772 842 832 Oriente
866 773 991 846 dixisse,
1019 773 1157 849 quonium

92 880 222 938 Orientis
243 899 347 938 nomen
369 881 497 938 nondum
518 881 574 938 hee
595 889 681 936 etate
702 890 802 955 operte
824 888 910 938 oertoe
925 891 1069 938 terrorum
1087 899 1156 958 por·

89 988 131 1045 tis
152 986 389 1064 significationem
413 987 510 1058 hebet,
532 1003 597 1060 quse
618 984 708 1042 dividi
729 984 771 1041 sio
792 985 894 1060 possit.
934 987 994 1044 Pro
1017 985 1158 1046 ultimis

90 1094 123 1152 in
155 1091 274 1149 dimidio
304 1093 366 1151 fere
398 1091 744 1150 Drakenborohionomm
772 1091 904 1148 codicum
934 1103 1019 1168 perte
1046 1094 1088 1171 (V
1089 1111 1159 1166 oss„

92 1200 170 1258 Lov.
196 1203 221 1268 1,
244 1202 273 1268 d,
292 1199 390 1256 Meod.
412 1199 548 1273 utroque)
572 1196 691 1254 ultimi
713 1196 857 1268 scribitur,
879 1197 909 1254 in
930 1199 957 1256 B
979 1209 1090 1258 antemi
1114 1202 1158 1257 sb

91 1303 215 1362 ultimi
239 1304 393 1361 orientis
419 1304 454 1362 in
481 1303 645 1372 omnium,
683 1311 735 1362 eet.
794 1304 830 1360 ln
863 1304 964 1362 esteris
1002 1305 1087 1366 codd.
1120 1305 1155 1366 in

92 1419 147 1468 out
166 1409 310 1466 subletum
334 1427 397 1467 esse
419 1409 533 1467 videtur
558 1421 609 1466 out
627 1428 647 1466 s
668 1408 882 1467 conferentibus
901 1427 960 1468 non
978 1411 1158 1470 adnotatum.

92 1517 130 1574 ln
152 1525 275 1572 mentem
305 1515 374 1574 mihi
395 1515 482 1584 veuit,
509 1514 539 1572 in
565 1533 600 1572 eo
623 1533 775 1590 superesse
797 1515 950 1591 vestigium
971 1534 1048 1572 vene
1069 1515 1160 1592 serip-

90 1633 166 1680 turte
191 1621 364 1690 huiusmodi,
387 1640 451 1694 quae
474 1640 531 1678 unu
551 1621 648 1678 littero
670 1617 713 1698 (s)
735 1622 891 1696 geminato¹
913 1641 972 1680 uno
993 1622 1093 1680 addite
1115 1620 1161 1680 oi-

91 1729 202 1786 ficitur:
234 1729 277 1786 sb
304 1727 422 1784 ultimi
444 1725 610 1784 Orientis
643 1728 729 1784 sinu
761 1747 849 1786 omn.
876 1728 1038 1804 gentium
1070 1745 1159 1784 oon-

90 1835 227 1893 trsotis
249 1833 415 1894 auxiliis
464 1834 512 1893 Sic
535 1853 600 1891 eum
621 1843 734 1908 purtem
758 1833 859 1891 Livius
881 1833 1159 1910 significaretAsiae,

91 1941 144 1998 nbi
180 1941 297 1998 ultimus
325 1949 466 1997 terrerum
499 1940 564 1996 finis
596 1940 633 1998 ed
663 1939 814 1999 Oceanum
850 1940 1022 1999 sinuaretur.
1076 1940 1158 1999 Nihil

90 2061 191 2106 tumen
212 2042 371 2118 offirmo.¹)

178 2151 251 2229 Cep.
275 2155 324 2222 59,
346 2156 363 2209 4
387 2153 429 2228 (in
450 2151 643 2227 descriptione
664 2151 803 2226 triumphi
823 2153 857 2208 L.
872 2151 1044 2228 Scipionis):
1066 2171 1161 2210 num·

92 2276 170 2316 mos
192 2277 325 2316 eureos
347 2258 565 2334 Philippeos
586 2267 729 2316 contum
766 2257 1022 2333 quodraginta
1044 2259 1157 2317 milis.

92 2363 186 2434 Nihil,
210 2364 289 2439 qnod
309 2362 395 2420 ullius
417 2363 555 2420 momenti
576 2372 661 2434 esset,
684 2363 853 2422 Perizonius
875 2361 929 2440 (nd
951 2364 1062 2424 Senetii
1084 2363 1157 2422 Min.

93 2469 152 2540 lv,
174 2471 192 2528 8
213 2489 243 2545 p.
269 2471 360 2544 711),
390 2487 475 2544 quem
497 2469 756 2527 Drakenborohius
778 2479 926 2528 uuotorom
950 2471 1036 2540 uitet,
1066 2467 1163 2528 ottulit

93 2576 134 2634 sd
156 2577 231 2634 hune
252 2575 391 2634 orationis
412 2574 538 2632 formum
573 2573 749 2651 (nummos
781 2586 922 2636 eentum
950 2575 1066 2646 milia)
1089 2593 1160 2633 oon·

96 2693 143 2740 tre
164 2681 346 2740 Gronovium
379 2679 599 2738 defendendum.
658 2681 718 2740 Sed
751 2683 829 2758 quod
861 2683 907 2741 hio
940 2700 1160 2740 nummorum

95 2806 293 2846 aureorum
315 2785 593 2862 Philippeorum
618 2789 720 2864 reponi
741 2789 852 2860 voluit,
883 2807 942 2847 non
978 2788 1072 2846 solum
1093 2788 1158 2847 vio·

62 2963 68 2970 ι
98 2894 192 2952 lenter
214 2894 283 2970 ogit,
306 2893 436 2950 sednon
458 2893 551 2966 magis
574 2911 663 2968 quom
687 2894 774 2952 ceteri
809 2895 946 2953 adalind
969 2895 1065 2952 mendi
1088 2895 1165 2953 indi·

96 3000 175 3058 eiom
199 2999 329 3056 attendit.
384 2997 499 3055 Nimius
532 3009 575 3056 est
611 3000 687 3058 enim
710 3001 930 3077 Philippeorum
951 3019 1110 3072 numerus,
1138 3003 1162 3060 si

97 3115 287 3181 comparetur
308 3114 360 3161 eut
379 3122 445 3161 oum
466 3105 503 3161 T.
520 3103 647 3176 Quinctii
657 3105 814 3164 Flaminini
831 3107 976 3184 triumpho
999 3109 1165 3180 (XXXIV,

102 3211 166 3284 52),
188 3212 217 3268 in
240 3228 299 3285 quo
321 3209 467 3286 Philippei
498 3214 595 3268 14514
618 3211 772 3282 inlisum,
804 3223 855 3270 out
888 3231 952 3272 eum
985 3212 1038 3270 Cn.
1061 3215 1164 3274 llenlii

100 3315 241 3373 Volsonis
264 3316 431 3390 (XXXIX,
448 3319 495 3388 7),
517 3315 545 3372 in
568 3334 626 3390 quo
638 3315 754 3374 fuorunt
767 3317 910 3394 Philippei
932 3321 1044 3388 1632ος
1063 3338 1166 3394 quom·

101 3441 191 3496 quum
213 3421 287 3478 enim
311 3421 397 3478 etium
419 3421 644 3479 tetrachmorum
656 3421 822 3480 Atticorum
838 3432 866 3478 et
886 3423 1115 3499 cistophororum
1137 3425 1166 3482 in

17 3709 32 3728 ·
126 3697 147 3760 ¹)
173 3701 268 3762 §tin
287 3701 340 3750 his:
359 3703 493 3765 pecnnia
511 3717 722 3766 nequaquem
749 3711 842 3750 tonte
866 3717 924 3766 pro
950 3705 1061 3767 spooio
1082 3709 1165 3771 rogii

175 3793 333 3858 triumphi
356 3793 518 3843 subditioinm
537 3808 593 3842 esse
617 3801 728 3854 tento,
754 3793 822 3860 quod
840 3793 866 3842 in
886 3793 955 3844 illum
974 3798 1097 3850 orationis
1115 3799 1168 3850 sor-

177 3899 243 3934 mam
261 3885 358 3934 inoludi
376 3886 448 3936 nullo
474 3888 550 3936 modo
574 3894 672 3951 potest,
700 3885 763 3934 vidit
782 3885 935 3937 Gronovius.
977 3891 1099 3943 Additum
1119 3903 1168 3954 ost,

174 3987 205 4026 ut
230 3979 431 4029 edmonerontur
461 3979 591 4042 legentes,
627 3993 827 4044 nequequam
866 3993 922 4044 pro
959 3983 1065 4045 speeie
1098 3999 1168 4034 esso:

176 4083 377 4135 nequequam
397 4081 494 4128 tanto,
513 4081 635 4136 qusntn
654 4071 853 4124 conveniret
869 4075 1000 4136 speciei.

910 4187 962 4236 28*
