2826 4650
299 243 357 294 nrs.
376 243 409 292 11.
779 247 816 306 tt

261 427 453 506 incolumis
475 427 541 496 sit,
571 426 693 502 quari.
761 425 870 484 Videat
891 445 968 484 nune
991 427 1062 486 mibi
1084 427 1204 500 aliquis,
1240 445 1335 502 quam

261 533 372 590 erudite
393 533 533 591 leviculus
557 551 640 590 error
665 541 822 590 exornatus
843 532 880 588 sit
904 551 922 588 a
944 531 1113 598 Gronovio,
1138 531 1334 590 Drakenbor-

261 639 341 708 chio,
364 639 615 708 Weissenbornio,
639 638 712 694 aliis.
769 639 812 695 At
832 636 967 713 proximo
990 637 1085 713 capite
1107 639 1170 710 (58,
1196 639 1226 710 4)
1249 639 1333 714 quod

261 745 290 800 in
311 744 371 801 his:
403 745 538 802 Eadem
566 745 603 800 in
625 743 762 801 militia
788 743 933 800 servitia
955 743 1082 818 Appii,
1116 762 1191 818 quae
1222 745 1331 814 dorni,

261 867 357 920 esse,
389 850 558 920 liberior,
589 851 684 925 quod
714 849 793 905 sine
815 848 1029 906 tribuniciis
1053 849 1212 907 vinculis
1238 863 1331 920 erat,

261 975 375 1014 comma
405 965 472 1030 post
502 955 672 1012 infinitivum
704 953 870 1010 historicum
894 953 1012 1023 aberat,
1046 954 1201 1012 Mauritius
1223 957 1331 1032 lleup-

259 1062 331 1132 tius,
367 1071 398 1117 at
430 1061 480 1135 qui
511 1061 573 1117 vir!
616 1059 703 1117 scribi
724 1058 831 1115 voluit:
865 1057 974 1128 domi,
1007 1076 1124 1132 eoque
1157 1060 1331 1130 liberior;

260 1167 405 1236 Hertzius,
427 1166 560 1224 restituta
581 1164 820 1240 interpunctione,
842 1173 940 1222 minan
961 1164 1127 1222 coniectura
1148 1185 1207 1224 non
1225 1186 1328 1242 super-

259 1272 342 1332 aedit.

343 1375 416 1450 Cap.
440 1378 495 1446 59,
519 1377 552 1432 3:
589 1384 629 1432 ut
657 1405 694 1417 —
725 1376 818 1432 satis
847 1385 965 1433 tamen
997 1387 1208 1451 appareret,
1241 1380 1328 1454 capi

259 1493 398 1540 tanturn
421 1491 546 1538 castra
567 1481 716 1538 militem
728 1483 927 1538 Romanum
950 1480 1128 1548 noluisse;
1151 1481 1218 1538 alii
1239 1501 1328 1556 gau-

260 1589 344 1646 dere
368 1605 432 1642 sua
453 1586 565 1644 clade.
632 1587 696 1644 Nec
718 1579 783 1642 alii
804 1585 845 1642 illi
868 1585 918 1662 qui
939 1585 997 1642 sint
1017 1605 1070 1642 nec
1093 1585 1162 1659 quid
1186 1587 1233 1643 hic
1255 1599 1330 1663 aget

258 1693 416 1750 infinitivus
437 1691 610 1761 historicus,
632 1691 752 1766 intelligi
774 1701 882 1766 potest3
905 1691 974 1765 quid
996 1691 1137 1747 sententis
1155 1692 1329 1766 postularet,

258 1799 331 1854 vidit
352 1798 427 1867 ianr,
450 1796 550 1870 quiin
572 1795 671 1852 codice
694 1796 890 1854 recentissimo
916 1797 1060 1872 (Portug.)
1083 1796 1252 1870 alioquin
1275 1817 1327 1855 su-

258 1923 313 1980 pra
341 1903 473 1978 scripsit,
512 1900 645 1956 viderunt
672 1901 775 1957 deinde
808 1910 874 1975 post
902 1902 1086 1958 Perizoniunr
1122 1903 1268 1978 Hauptius
1297 1915 1329 1962 et

257 2007 529 2076 Weissenbornius;
567 2007 619 2064 sed
640 2025 692 2063 nec
715 2006 838 2076 aliter,
872 2007 950 2080 quod
979 2007 1026 2064 ille
1055 2017 1160 2077 tentat,
1197 2009 1326 2067 aLivio

257 2117 299 2174 sic
320 2115 423 2172 dicitur
444 2123 643 2190 praetereaque
663 2111 777 2186 longius
799 2131 815 2167 a
839 2112 986 2169 codicibus
1009 2112 1145 2184 discedit,
1176 2123 1204 2170 et
1230 2115 1325 2172 alibi

257 2222 415 2299 gaudere
437 2239 501 2276 sua
522 2219 626 2276 clade
647 2237 701 2292 pro
726 2216 867 2290 alioqui
891 2217 944 2291 (X,
963 2219 1012 2286 35,
1034 2218 1064 2292 7)
1087 2219 1245 2277 barbarum
1267 2233 1323 2278 est.

259 2327 373 2402 (Longa
394 2327 540 2383 diversum
563 2333 619 2393 est,
645 2323 723 2397 quod
745 2323 803 2390 Ill,
830 2327 875 2392 14,
899 2327 916 2380 6
938 2323 1072 2381 iuventus
1093 2323 1197 2382 dicitur
1218 2326 1324 2396 alibi,

257 2434 313 2489 boc
334 2441 392 2502 est,
429 2432 458 2487 in
487 2429 550 2485 eliis
581 2428 666 2484 rebus
695 2427 892 2502 popularis
920 2427 1060 2504 fuisse.)
1130 2431 1199 2490 Una
1224 2431 1325 2490 littera

258 2537 396 2594 mutanda
418 2544 462 2592 est
482 2533 739 2606 scribendumque:
762 2535 842 2608 capi
864 2543 999 2591 tantum
1022 2545 1144 2592 castra
1169 2536 1322 2595 militem

256 2645 455 2700 Romanum
478 2639 656 2708 noluisse,
679 2640 758 2700 alla
778 2641 942 2714 gaudere
964 2657 1032 2696 sua
1053 2639 1168 2711 clade,
1189 2641 1246 2699 hoe
1267 2653 1324 2712 est,

256 2749 369 2823 reliqua
389 2765 443 2804 sua
465 2746 563 2814 clade,
591 2753 714 2819 excepta
738 2755 899 2802 castrorum
926 2746 1155 2820 expugnatione,
1185 2746 1322 2821 frequen·

255 2854 366 2911 tissimo
406 2852 483 2927 apud
517 2851 632 2907 Livium
672 2849 751 2906 vocis
788 2850 885 2907 alius
917 2869 985 2916 usu,
1025 2851 1105 2909 cuius
1143 2853 1191 2908 vel
1225 2852 1325 2910 lexico

256 2957 452 3034 exemplorum
476 2956 546 3012 satis
569 2955 763 3030 suppeditant.

339 3061 436 3137 *Cap
451 3064 500 3132 65,
519 3065 535 3119 5
559 3081 647 3136 quum
669 3061 698 3118 in
720 3060 867 3118 codicibus
890 3069 940 3129 t-
959 3079 1028 3118 nam
1050 3061 1172 3118 duorum
1195 3063 1323 3120 triumve

255 3170 419 3226 infimorum
440 3167 516 3224 ratio
538 3167 674 3224 habenda
695 3185 753 3222 non
775 3175 820 3224 est
842 3169 895 3242 -)
918 3166 1077 3223 scribatur:
1108 3167 1260 3239 deinde,
1283 3181 1323 3226 ut

256 3275 462 3334 obtinentes
488 3271 605 3328 locum
633 3271 731 3328 vires
760 3271 945 3341 ferebant,
979 3274 1115 3331 audent
1143 3273 1241 3330 ultro
1268 3267 1321 3330 in·

255 3381 354 3438 ferre
375 3378 535 3454 gradum,
558 3385 587 3432 et
602 3394 690 3450 quum
703 3376 837 3447 Romani,
860 3377 959 3452 quiin
981 3378 1075 3436 locum
1097 3378 1226 3452 iniquum
1251 3380 1320 3436 aub-

255 3495 354 3544 euntes
392 3484 457 3542 telis
494 3481 620 3539 hostium
662 3481 785 3557 desuper
813 3482 896 3540 iactis
929 3485 1039 3543 turbati
1073 3484 1176 3560 pedem
1210 3482 1322 3541 referre

254 3599 423 3666 coeperant,
457 3587 560 3645 deinde
582 3595 696 3658 autam,
729 3589 863 3646 hortante
885 3589 1018 3660 consula,
1040 3589 1192 3648 obstinatis
1214 3588 1321 3646 animis

254 3697 434 3764 restiterant,
457 3693 607 3768 aptissime
628 3694 761 3750 dicantur
782 3694 897 3750 locum
921 3695 1106 3764 obtinere,
1135 3704 1258 3769 apparet
1282 3695 1321 3751 de

254 3799 363 3856 viribus
393 3799 497 3855 stando
525 3800 563 3855 ad
593 3817 701 3855 novum
732 3807 867 3856 conatum
896 3798 988 3873 captis
1019 3798 1067 3873 agi
1091 3799 1321 3874 mendosumque

254 3923 317 3962 esse
338 3903 524 3973 ferebant,
548 3903 684 3978 quoniam
706 3923 799 3980 neque
820 3904 920 3961 vires
942 3902 1039 3960 ferre
1060 3904 1182 3974 dicatur,
1205 3905 1251 3962 cui
1272 3925 1322 3963 re-

253 4019 413 4079 novantur,
449 4027 542 4083 neque
568 4009 644 4065 vires
675 4027 849 4083 quemquam
876 4017 1000 4066 stantem
1033 4008 1167 4068 ferunt.
1217 4011 1321 4069 Perlu-
