2800 4646
597 284 656 338 419
962 277 1161 334 Liaxxxvl.

179 461 405 534 interclusit,
512 464 618 540 cepit.
672 465 783 522 Parum
813 473 898 540 aptus
932 473 976 522 est
1005 463 1162 522 infinitivus

101 567 258 640 historicus,
288 569 337 643 qui
370 569 513 645 significat
547 569 695 628 consulem
718 568 872 626 identidem
895 569 1026 627 homines
1048 569 1162 628 mittere

101 673 226 748 coepisse
258 681 287 732 et
312 672 341 729 in
364 691 400 731 eo
424 673 604 748 aliquamdiu
627 675 802 750 perstitisse,
834 675 881 732 cui
910 693 998 732 uuum
1024 683 1161 733 conatum

100 777 166 834 setis
188 777 277 834 fuisse
300 777 451 854 probabile
473 788 524 836 est.
581 779 640 838 Sed
675 781 824 838 mittere
854 799 870 836 e
904 779 966 836 solo
989 781 1021 838 M
1043 789 1099 851 est3
1132 781 1161 838 in

99 882 197 940 ceteris
221 883 272 957 (B)
296 893 340 942 est
361 884 478 956 missi,
508 885 587 960 quod
616 885 666 942 vix
699 904 737 942 ex
767 885 817 943 illo
842 893 937 942 ortum
960 895 1019 948 est,
1051 887 1103 944 sed
1125 907 1162 945 ex

100 987 208 1049 misit.

180 1091 252 1170 Cap.
276 1095 325 1165 20,
348 1095 365 1151 2
390 1093 439 1170 (de
461 1093 512 1154 M!
535 1093 663 1171 Aciliot:
696 1094 857 1154 Consule
880 1113 943 1170 per
963 1096 1161 1154 Phocidem

16 1225 17 1229 ¹
99 1198 336 1257 etBoeotiem
362 1200 562 1258 exercituin
586 1199 750 1272 ducente,
766 1199 921 1258 consciae
937 1200 1161 1260 deiectionis

99 1303 272 1362 civitates
313 1323 390 1363 cum
429 1305 650 1363 velamentis
698 1317 782 1365 ante
826 1315 956 1383 portas
999 1306 1161 1378 stabant,

98 1417 205 1482 metu,
248 1429 291 1466 ne
339 1410 530 1472 hostiliter
569 1411 829 1487 diriperentur.
894 1409 1064 1468 Ceterum
1099 1431 1163 1488 per

98 1535 218 1572 omnes
251 1517 329 1574 dies
362 1515 455 1572 haud
488 1534 593 1573 secus
626 1535 730 1591 quem
762 1517 796 1572 in
817 1525 950 1592 pacato
973 1534 1061 1590 agro
1084 1517 1162 1576 sine

97 1620 304 1679 violatione
337 1621 449 1678 ullius
486 1621 541 1678 rei
578 1639 702 1697 agmen
739 1620 938 1696 processit,
978 1621 1093 1680 donec
1127 1623 1162 1680 in

97 1743 220 1800 agrum
243 1725 455 1784 Coronarum
478 1737 629 1784 ventum
652 1733 717 1782 est.
765 1725 1162 1806 CoroneeaThermopylis,

97 1831 172 1888 unde
195 1831 306 1889 Acilius
332 1831 479 1908 profect-us
508 1840 561 1902 est,
593 1831 644 1888 vix
668 1831 905 1906 geographorum
935 1851 1072 1892 mensure
1094 1844 1160 1892 octo

96 1935 231 1993 milliaria
259 1937 360 2007 distnt3
390 1937 489 2012 itaque
518 1955 576 1994 non
607 1935 691 1994 multi
717 1936 834 1994 luerunt
862 1955 985 1995 omnes
1013 1937 1055 1995 illi
1086 1937 1162 2009 dies;

95 2059 148 2098 nec
170 2041 276 2098 Latine
303 2043 407 2100 dicitur
429 2061 496 2118 per
517 2060 642 2100 omues
675 2041 754 2098 dies
786 2041 884 2099 facere
914 2043 1022 2118 aliquid
1048 2044 1103 2101 nisi
1127 2044 1163 2101 de

95 2146 177 2203 linito
217 2165 337 2204 numero
372 2149 447 2223 (per
492 2165 614 2205 omnes
650 2147 813 2221 quinque
847 2147 953 2216 dies);
986 2148 1163 2224 omninoque

94 2252 235 2327 temporis
256 2251 428 2327 significatio
450 2251 516 2309 hinc
539 2250 634 2308 aliena
655 2259 709 2321 est,
739 2251 797 2322 ubi,
829 2252 907 2326 quod
929 2252 959 2308 in
981 2252 1083 2310 ceter-is
1104 2271 1160 2328 po-

94 2355 172 2432 pulis
194 2375 352 2432 eorumque
374 2355 452 2431 agn‘s
474 2364 621 2414 servatum
645 2363 730 2426 esset,
759 2356 790 2412 in
811 2373 869 2413 uno
894 2364 1036 2414 mutatum
1060 2375 1162 2414 nerra·

94 2469 151 2520 tur.
212 2461 375 2536 Scripseret
411 2460 528 2518 Livius:
566 2459 734 2518 Ceterum
772 2481 835 2537 per
865 2479 987 2518 omnes
1024 2461 1163 2536 (reliquos

94 2565 235 2640 populos)
265 2567 361 2624 haud
391 2583 494 2623 secus
527 2583 634 2640 quam
663 2565 698 2621 in
728 2575 862 2641 pacato
893 2583 985 2640 egro
1107 2584 1164 2642 ag·

96 2687 175 2726 men
205 2670 406 2746 prooessit,
443 2670 555 2727 donec
586 2677 638 2730 cet.
701 2670 789 2728 Dies
811 2689 935 2746 pravum
958 2671 1164 2746 estinterpre·

94 2773 187 2832 tantis
209 2775 435 2833 additamentum
462 2775 589 2833 eiusdem
619 2793 740 2851 prorsus
761 2775 890 2851 generis,
920 2777 1000 2834 cuius
1033 2775 1164 2834 additum

95 2879 125 2935 in
149 2880 183 2937 M
206 2880 313 2950 XXX,
336 2884 364 2951 t,
388 2881 532 2956 3agros
561 2881 598 2936 ad
620 2880 717 2938 inter
738 2875 942 2958 pacatos.¹)

183 2982 257 3060 Cap.
280 2986 330 3053 22,
355 2989 370 3042 7
405 2985 441 3042 de
462 2984 560 3042 Acilio
582 2985 700 3042 consule
719 2985 895 3042 Heracleam
918 2994 1057 3060 quattuor
1077 2987 1166 3044 simul

94 3085 171 3144 locis
193 3087 379 3161 aggrediente
399 3089 429 3146 in
450 3089 476 3146 B
500 3098 530 3146 et
559 3089 728 3164 vulgaribus
760 3089 907 3148 codicibus
941 3088 982 3146 sic
1016 3089 1165 3147 scribitur:

95 3212 117 3248 e
143 3191 299 3249 flumine
320 3195 442 3252 Asoro
466 3191 556 3268 (recte
576 3195 740 3251 restitutum
752 3191 901 3268 Asopo),
924 3210 994 3267 que
1017 3202 1051 3251 et
1070 3212 1166 3270 gym-

95 3296 241 3353 nasium
265 3307 333 3367 est,
364 3299 399 3355 L.
426 3298 616 3356 Valerium
647 3296 825 3375 operibus
847 3305 959 3370 etque
980 3315 1166 3372 oppugne-

95 3400 197 3456 tioui
229 3403 431 3477 preposuit
456 3401 689 3477 frequentius
725 3417 839 3476 prope
872 3417 976 3472 quam
1009 3401 1044 3457 in
1080 3402 1167 3458 urbe

95 3504 356 3578 habitabatur,
386 3507 437 3567 Ti.
461 3507 678 3584 Sempronio
721 3505 847 3578 Longo
887 3504 1166 3580 oppugnandam

96 3673 301 3682 ψ

116 3775 143 3838 ¹)
169 3777 235 3842 Cap.
258 3783 298 3837 19,
320 3783 351 3826 10
371 3779 436 3828 mire
453 3777 620 3841 negligentis,
639 3777 682 3839 qui
702 3776 765 3825 alibi
785 3775 933 3824 accusativo
947 3789 1008 3824 casu
1021 3781 1169 3823 constanter

174 3878 356 3932 sequentes
375 3869 498 3929 scribunt,
520 3870 611 3919 edunt:
638 3881 784 3932 magnam
811 3875 936 3930 partem
955 3866 1094 3929 agminis
1114 3873 1169 3913 sut

175 3963 383 4012 lassitudine
402 3962 620 4011 subsistentis
645 3968 700 4008 aut
717 3972 830 4008 errore
852 3993 886 4010 ..
913 3959 1098 4021 dissipatos
1118 3970 1170 4020 op-

175 4061 374 4116 presserunt.

918 4137 971 4188 27*
