2800 4646
594 273 653 328 433
938 271 995 320 Lib.
1014 269 1154 320 XXXVII.

88 463 164 510 turn
187 465 255 528 est,
282 465 317 511 et
346 453 558 511 nominatim
590 453 815 529 Magnesiam
848 455 891 512 ad
914 455 1078 532 Sipylum
1102 465 1154 514 cet.

88 559 128 614 In
150 557 194 616 his
218 558 283 616 dues
305 569 372 617 sunt
392 559 488 617 mendi
519 559 697 636 suspiciones
728 577 895 636 pergraves,
923 561 1016 618 altera
1036 561 1154 618 iam'ab

88 664 167 735 aliis,
191 665 324 722 alterae
345 665 494 723 nullodum
524 675 614 724 moto.
671 666 750 723 Nem
780 664 924 740 genitivus
954 666 1002 723 ille
1028 665 1155 743 -Lydiae

89 770 301 846 Ioniaeque,
334 772 383 848 qui
417 772 544 847 pendere
575 772 662 830 debet
691 791 728 828 ex
760 771 877 829 notione
907 771 1018 830 inclusa
1045 773 1074 829 iu
1097 771 1155 830 his:

89 885 198 934 extro
220 897 261 935 ea
281 877 417 954 oppida
444 877 581 954 (Lydiae
602 877 788 951 Ioniaeque
821 877 965 952 reliqua
986 887 1092 935 extra
1115 894 1156 934 ea

90 983 201 1058 opp).
234 983 292 1040 iem
324 983 475 1041 Dukerum
506 994 535 1042 et
568 983 735 1042 Creverium
770 985 912 1049 advertit;
945 984 1015 1040 mihi
1040 983 1154 1058 quidem

92 1090 150 1146 hoc
170 1088 306 1163 loquendi
332 1107 423 1166 genus
445 1091 489 1148 ita
510 1091 624 1148 videtur
645 1089 822 1158 incredibile,
849 1099 881 1148 ut
901 1089 1155 1167 transpositionem

89 1195 199 1252 lectam
231 1205 329 1270 putem
358 1196 612 1271 scribendumque:
654 1195 777 1272 Lydiae
808 1196 993 1272 Ioniaeque
1022 1197 1156 1272 oppida

90 1309 275 1370 extruere,
298 1319 372 1375 qua
400 1311 454 1360 oet.
513 1299 628 1359 Certius
653 1311 751 1360 tamen
783 1301 903 1360 altemm
935 1302 1070 1358 mendum
1093 1320 1156 1358 esse

89 1407 180 1464 credo
202 1407 230 1463 in
253 1407 323 1464 illis:
347 1408 514 1483 Mysiam,
536 1409 659 1482 regias
690 1407 822 1473 silves,
845 1408 875 1464 in
900 1408 1003 1482 quibus
1031 1407 1154 1482 primum

89 1520 257 1588 suspectum
279 1521 332 1580 est,
364 1513 443 1587 quod
466 1513 571 1590 Mysia,
609 1513 689 1571 nullo
711 1513 811 1570 addito
833 1515 906 1583 fine,
939 1521 1000 1569 tote
1032 1513 1156 1570 Eumeni

90 1620 194 1686 datum
224 1637 292 1675 nam
315 1635 353 1674 ex
375 1618 467 1675 altero
493 1619 569 1678 Livii
598 1621 662 1678 loco
685 1621 721 1678 de
744 1629 830 1678 aucto
853 1621 992 1678 Eumenis
1014 1637 1104 1694 reguo
1125 1619 1154 1676 iu

90 1725 166 1782 libro
190 1723 377 1794 XXXVIII,
405 1725 442 1780 39
469 1735 555 1784 etex
577 1727 709 1804 Polybii‚
742 1745 828 1800 quern
854 1725 894 1783 ihi
918 1725 1019 1782 Livius
1041 1735 1156 1784 secutus

89 1840 146 1896 ost,
168 1831 242 1888 libro
264 1829 370 1900 xxll,
394 1832 443 1900 27,
464 1836 509 1900 10,
530 1851 708 1908 quamquam
725 1851 783 1890 uon
808 1831 909 1890 eodem
925 1834 1013 1891 modo
1028 1834 1155 1891 scribunt

89 1938 166 2005 (ille:
208 1937 375 2012 Mysiam,
416 1957 520 2013 quem
557 1938 711 1996 Prusias
752 1957 815 1996 rex
855 1939 1059 2010 ademerat,
1093 1940 1154 1998 hic:

94 2033 248 2114 Μυσούς,
272 2033 331 2111 οὓς
347 2033 515 2123 πρότερον
530 2033 634 2112 oriro'c
648 2034 937 2124 παρεσκευάσατο,
948 2045 984 2102 de
1001 2046 1155 2118 Eumene),

90 2161 190 2207 tamen
212 2147 332 2218 intelligi
354 2150 476 2219 videtur,
498 2162 609 2208 tentum
632 2162 745 2227 partem
760 2151 888 2227 aliquem
907 2151 1010 2226 Mysia
1031 2151 1154 2208 Eumeni

93 2261 208 2322 datam:
230 2256 281 2314 sed
296 2257 352 2313 hoc
363 2255 441 2323 leve;
464 2275 502 2315 ne
521 2258 591 2316 illud
608 2257 725 2334 quidem
741 2258 839 2333 magni
853 2277 906 2333 per
920 2275 952 2314 se
976 2257 1113 2314 momenti
1129 2269 1155 2314 et

91 2374 191 2420 temen
204 2362 394 2438 suspiciosum
407 2373 458 2434 est,
471 2365 549 2440 quod
562 2365 637 2423 iuter
647 2375 743 2423 cetere
756 2363 893 2440 copulata
904 2363 960 2420 hoc
969 2350 1157 2430 αόυνδέτως

91 2469 286 2543 interponitur
318 2475 368 2534 (et
389 2471 558 2547 Mysiam,
589 2471 714 2546 regies
736 2470 855 2527 silvas
878 2479 911 2527 et
933 2467 1056 2544 Lydia
1077 2465 1155 2543 cet).

91 2573 153 2630 Sed
176 2591 307 2648 quanam
330 2586 397 2633 sunt
418 2575 467 2634 ille
488 2576 597 2651 regies
627 2575 744 2646 ailvae,
778 2593 842 2651 quae
871 2575 932 2633 sine
961 2573 1022 2631 ulla
1048 2573 1105 2630 loci
1128 2583 1157 2630 et

91 2677 220 2754 regionis
241 2679 450 2754 significatione
472 2681 547 2739 inter
574 2681 789 2758 provinciarum
817 2691 1018 2755 terrarumque
1038 2678 1157 2737 uomina

94 2785 314 2850 interiiciontur,
332 2795 473 2860 tauquam
491 2787 552 2846 haec
567 2788 632 2864 ipsa
647 2788 747 2864 aliqua
762 2805 798 2845 ex
814 2787 849 2844 iis
864 2786 920 2844 sit?
945 2785 1031 2859 Quod
1043 2785 1156 2842 Illarum

93 2901 146 2947 aut
167 2890 260 2948 altero
284 2890 358 2948 Livii
374 2891 439 2948 loco
463 2901 514 2949 aut
535 2895 613 2970 opud
634 2894 789 2970 Polybium
811 2892 963 2969 vestigium
986 2891 1049 2951 est?
1071 2891 1156 2966 (211ae-

92 3013 161 3053 nam
186 2997 215 3054 in
240 2997 315 3055 Asis
344 2997 385 3056 cis
415 2999 546 3058 Taurum
578 2999 743 3057 huiusmodi
774 2997 855 3056 silva
885 3009 1157 3068 commemorentur,

92 3121 159 3178 quse
181 3097 338 3178 separatim
361 3105 435 3161 inter
456 3103 621 3180 provincias
636 3117 776 3181 tanquam
799 3105 934 3162 notabilis
955 3106 1038 3180 regni
1060 3124 1157 3164 acces·

92 3207 138 3264 sio
160 3209 224 3266 dari
245 3209 413 3285 potuerint?
452 3211 641 3288 Perspicuum
664 3229 727 3269 esse
749 3212 884 3281 arbitror,
906 3213 997 3269 errori
1019 3211 1158 3269 silvarum

94 3332 200 3371 nomen
223 3315 335 3384 deberi3
368 3317 418 3374 sed
442 3317 511 3392 quid
534 3318 636 3383 subsit,
664 3317 781 3376 difficile
802 3327 846 3375 est
868 3317 1006 3374 iuvenire.
1062 3317 1157 3375 Valde

91 3433 192 3478 tamen
214 3421 332 3479 inclinet
354 3422 477 3491 animus,
499 3431 531 3480 ut
545 3439 599 3497 pro
621 3422 741 3479 siluas
763 3419 900 3498 scriptum
917 3442 935 3479 a
950 3421 1035 3480 Livio
1058 3433 1156 3498 putem

93 3526 153 3600 (et)
176 3525 314 3602 Milyas
334 3527 505 3604 (Mimas),
528 3528 688 3586 incolarum
702 3527 818 3586 nomine
835 3547 889 3604 pro
912 3527 1031 3603 regione
1052 3527 1158 3603 posito.

94 3632 173 3690 Nam
197 3631 361 3710 Milyada
391 3635 503 3710 etipse
526 3635 626 3692 Livius
648 3634 677 3692 in
701 3635 776 3693 libro
801 3632 978 3692 XXXVIII
1005 3651 1070 3690 cum
1092 3633 1157 3690 reli·

93 3739 169 3813 quis,
192 3757 265 3813 quas
287 3739 334 3796 hic
359 3751 523 3810 enumerat,
556 3741 723 3818 regionibus
754 3739 855 3798 eodem
877 3739 942 3796 loco
964 3737 1047 3816 (ente
1069 3739 1157 3816 Lydi-

92 3848 157 3914 am)
180 3845 311 3904 nominat
334 3855 362 3902 et
383 3845 534 3922 Polybius.
578 3846 712 3922 Regias
735 3845 803 3920 quid
826 3844 958 3914 occultet,
979 3845 1086 3918 nescio,
1107 3847 1157 3904 scd

93 3951 186 4008 latere
208 3949 318 4026 aliquid
340 3950 465 4022 videtur,
488 3953 566 4027 quod
588 3952 733 4029 pertineat
753 3951 792 4010 ed
813 3951 916 4028 Mysia
936 3963 1048 4027 partem
1071 3953 1158 4029 signi-

92 4055 240 4114 ficandam
273 4057 439 4134 (Mysiam
475 4058 616 4134 regiam
658 4067 692 4115 et
731 4055 911 4135 Milyasl).
965 4057 1060 4117 Paulo
1094 4069 1159 4135 post

121 4175 229 4213 nausson
238 4177 332 4213 linus-n.
342 4175 398 4213 lm.
926 4167 958 4212 28
