2800 4646
609 225 668 282 423
972 221 1030 272 Lib.
1041 223 1168 272 xxxvl.

105 406 272 466 Behherum
305 407 457 479 moriteet,
481 407 592 466 nescire
612 396 779 496 faterentur.
848 408 888 466 Et
909 415 1005 466 temen
1028 424 1075 464 res
1108 425 1171 464 mu·

106 512 215 570 nileete
236 521 281 569 est
301 521 491 588 moveretque
513 532 559 571 me
582 514 711 572 nondum
727 513 844 588 cognito
860 511 984 570 Bekkeri
995 512 1167 588 suspicione.

106 619 238 678 Primum
275 619 349 676 enim
376 619 529 694 perspicue
552 619 679 688 tollitur,
708 618 764 676 illis
787 617 923 687 adiectis,
945 617 1170 694 comparationis

105 724 274 799 aequnlites,
303 742 368 799 quer
396 725 494 799 posito
516 734 560 782 est
585 723 615 781 in
636 725 748 782 duobus
769 723 873 791 rebus,
894 722 1062 780 AEtolorum
1082 741 1168 798 opum

105 829 302 888 deminutione
324 838 353 887 et
373 829 501 905 Philippi
522 829 714 892 incrementis.
761 827 876 886 Deinde
902 828 964 884 hec
993 847 1070 886 nove
1091 847 1169 886 com·

103 935 222 1010 perolio
242 936 425 1010 proemiorum
448 934 536 993 Acilii
557 933 737 1008 militumque
758 935 957 991 Romanorum
990 941 1020 988 et
1054 952 1091 990 ex
1127 933 1169 990 el·

104 1050 169 1098 tere
191 1051 274 1116 purte
296 1040 424 1115 PhiIIppi
444 1039 524 1097 nullo
546 1040 634 1097 modo
655 1039 696 1096 ite
715 1057 779 1096 cum
791 1039 960 1097 AEtolorum
975 1038 1170 1096 deminutione

105 1146 244 1221 componi
265 1153 375 1221 potest,
397 1154 429 1202 ut
451 1163 509 1202 non
531 1153 643 1202 tuntum
666 1145 804 1202 interesse
825 1145 1027 1202 Romanorum
1047 1145 1169 1216 dicotur,

103 1249 273 1309 AEtolorum
282 1251 360 1308 vires
368 1250 466 1321 minui,
475 1258 680 1324 quantumnon
688 1249 786 1324 inique
796 1247 929 1305 distribui
938 1248 1168 1308 interRomnnoe

102 1355 330 1432 Philippumque
351 1355 479 1414 victorie
499 1355 634 1430 prmmie3
656 1355 717 1412 hrec
739 1353 814 1412 enim
824 1353 988 1411 distributio
1009 1355 1080 1412 nihil
1101 1373 1166 1412 cum

101 1460 154 1534 illa
177 1461 373 1519 deminutione
395 1460 539 1518 coniuncti
559 1460 656 1518 hebet.
710 1461 864 1517 Postremo
893 1477 930 1516 ne
960 1460 997 1517 nd
1018 1477 1168 1535 grommo-

101 1568 191 1624 ticem
216 1567 331 1642 quidem
359 1565 454 1623 oratio
475 1575 552 1623 recte
577 1565 725 1641 procedit,
754 1564 927 1640 pravissime
948 1583 985 1621 ex
1013 1565 1072 1622 his:
1096 1584 1167 1622 non

102 1691 216 1749 snpra
241 1672 378 1729 modum
400 1669 610 1747 Philippum
634 1687 800 1727 crescere
828 1669 983 1744 negatione
1003 1678 1168 1746 propagato

103 1777 141 1833 ed
162 1776 284 1834 ultorum
307 1777 484 1850 membrum;
506 1777 548 1834 sIc
568 1775 643 1832 enim
654 1773 774 1850 intelligi
788 1782 917 1849 oportet:
940 1786 974 1831 et
995 1785 1166 1849 quantum

102 1882 269 1952 interest,
291 1901 358 1938 non
381 1881 549 1940 victorie
569 1879 753 1955 proemium
775 1889 885 1940 tecet.
909 1877 1062 1955 (quantum
1079 1882 1167 1938 inter·

102 1995 164 2056 est,
186 2005 243 2043 non
264 1987 307 2044 ito
328 1987 426 2062 inique
456 1986 545 2044 dividi
567 1985 714 2062 praemiol;
739 1985 863 2044 debebat
886 1985 987 2044 soltem
1010 1986 1082 2044 diei:
1103 2004 1167 2044 nec

101 2091 271 2148 victorie
295 2101 362 2150 ture
383 2101 435 2150 ctc.
491 2092 533 2152 Ut
554 2109 629 2148 nunc
651 2091 803 2157 scribitur,
831 2091 935 2148 dicitur
966 2093 1165 2150 Romanorum

101 2197 249 2269 iuteresse,
270 2199 312 2254 sic
343 2196 433 2254 dividi
463 2197 592 2273 premis.
642 2199 748 2273 Itaque
770 2203 879 2254 certum
902 2203 946 2252 est
967 2197 1043 2254 hunc
1064 2197 1100 2253 de
1122 2215 1167 2266 eo,

100 2300 179 2375 quod
211 2303 409 2360 Romanorum
437 2303 564 2372 intersit,
596 2302 768 2360 sententiam
802 2301 846 2358 his
881 2301 978 2358 verbis
1005 2303 1166 2360 terminari:

100 2406 216 2480 Atqui
234 2426 262 2463 n.
284 2417 304 2468 t.
327 2408 346 2468 i.
369 2427 411 2478 n.,
433 2408 641 2466 AEtolorum
663 2426 750 2484 opes
782 2451 811 2466 ..
838 2405 966 2477 miuui,
994 2415 1165 2480 quantum

99 2527 170 2568 non
192 2529 305 2589 snpra
326 2512 464 2570 modum
481 2513 541 2570 Ph.
566 2529 740 2570 crescere.
787 2511 898 2568 Verum
920 2511 984 2590 ille,
1007 2529 1071 2586 quae
1092 2529 1165 2587 prm-

100 2627 180 2674 tereu
202 2617 358 2688 adherent,
379 2615 564 2675 nullomodo
586 2617 623 2674 eb
645 2617 845 2692 interpretanti
867 2617 967 2675 uddite
986 2617 1083 2693 putori
1097 2635 1165 2694 pos·

100 2729 176 2790 eunt,
198 2722 333 2797 quoniam
357 2741 410 2780 nec
432 2722 573 2780 eiusmodi
594 2723 703 2780 hubent
724 2721 864 2780 orationis
886 2721 1020 2788 formum,
1041 2723 1092 2779 sed
1113 2742 1166 2798 per

99 2843 131 2882 se
154 2835 264 2884 rectem
287 2837 316 2885 et
338 2827 507 2899 Limaeam,
540 2845 593 2886 nee
620 2827 774 2902 quicquum
800 2835 861 2896 est,
891 2829 970 2902 quod
992 2829 1048 2886 illie
1069 2829 1165 2888 verbis

99 2949 237 2989 enarrare
271 2933 405 3008 cuiquem
435 2935 465 2991 in
497 2941 620 2992 mentem
647 2931 746 2989 venire
776 2932 917 3006 potuerit;
946 2952 1066 3010 prorsus
1088 2955 1165 2994 nova

99 3053 145 3092 ree
167 3037 196 3094 in
219 3038 254 3094 iis
276 3050 527 3098 commemoretur.
571 3037 648 3112 Quid
670 3037 758 3112 igitur
782 3038 983 3098 censebimus?
1015 3041 1165 3100 Accidisee

98 3141 241 3200 hocloco
262 3146 429 3219 putabimus
450 3147 480 3203 in
503 3145 602 3204 codice
624 3153 789 3200 nostrorum
812 3145 958 3224 principe,
986 3145 1063 3220 quod
1086 3155 1115 3202 et
1134 3145 1165 3202 ln

97 3245 199 3321 primee
230 3259 258 3306 et
292 3249 321 3306 in
349 3250 440 3308 tertIae
471 3250 587 3308 decadis
619 3248 766 3308 codicibus
799 3259 965 3308 nostrorum
1001 3252 1164 3327 archetypis

98 3351 251 3426 abqnotiee
271 3355 410 3413 accidisse
442 3353 638 3414 demonstravi
672 3354 721 3428 (ed
747 3354 837 3425 VIII,
881 3359 934 3426 lt),
965 3359 999 3413 12
1022 3365 1051 3411 et
1079 3357 1112 3412 13
1134 3375 1164 3431 p.

103 3459 169 3528 lot,
190 3459 227 3515 od
249 3459 357 3528 XXII,
384 3463 429 3530 lll,
455 3462 472 3516 3
495 3480 524 3538 p.
552 3463 621 3531 236,
644 3459 682 3516 od
704 3458 812 3528 XXX,
838 3463 902 3530 5,t
925 3481 954 3538 p.
978 3462 1056 3534 320)
1086 3469 1115 3518 et
1133 3461 1164 3518 in

98 3563 153 3618 heo
182 3561 292 3622 decede
312 3565 415 3622 iterum
438 3565 577 3624 eccidisse
599 3565 805 3623 demonstrabo
826 3566 856 3622 in
878 3565 947 3638 XL,
975 3569 1021 3638 tu,
1048 3571 1057 3624 1
1085 3577 1114 3624 et
1135 3567 1164 3638 2,

96 3676 129 3722 nt
149 3683 237 3726 voces
260 3669 380 3744 aliquot,
401 3670 526 3746 prImum
548 3689 645 3730 errore
667 3671 800 3738 omisere,
823 3670 935 3743 deiude,
957 3689 1045 3747 quum
1067 3685 1164 3730 essent

97 3771 126 3828 in
149 3773 281 3849 margine
293 3775 447 3846 adnotate,
469 3776 564 3834 alieno
588 3776 653 3834 loeo
678 3776 802 3835 orationi
824 3775 1026 3836 Insererentur.
1057 3777 1164 3838 Omnia

97 3879 171 3936 onim
193 3879 353 3938 rectissime
374 3881 539 3953 habebunt,
570 3883 613 3950 ei,
651 3882 696 3940 his
724 3881 821 3940 verbis
854 3881 916 3940 sine
939 3884 1023 3943 ullius
1045 3885 1164 3962 syllubre

97 3993 147 4040 ent
168 3983 271 4042 littere
287 3985 454 4044 mutatione
475 3987 568 4062 (quod
588 3986 684 4063 ipsum
707 3988 838 4046 veritatis
860 3989 996 4048 indicium
1020 3993 1075 4066 eet)
1097 4000 1163 4048 ente
