2826 4650
295 263 352 312 Lib.
371 263 390 312 1.
770 268 808 322 46

260 451 350 506 hastae
372 447 486 505 ferratoe
508 447 653 506 contraria
675 457 831 524 poneret-ur
851 448 1018 524 sanguinea,
1040 447 1102 506 sive
1123 467 1167 518 ea,
1189 449 1268 522 quod
1288 457 1319 506 et
1402 529 1403 532 Ἰ

260 531 306 611 res
329 553 394 629 ipsa
410 554 558 627 postulare
580 554 694 611 videtur
714 563 743 610 et
757 553 906 611 Ammiani
921 553 1082 611 Marcellini
1102 554 1229 611 eiusdem
1246 555 1319 612 ritus
1402 539 1403 546 ἵ

259 659 431 735 significatio
453 659 557 732 (XIX,
586 663 614 716 l:
635 661 741 716 hasta
763 659 940 734 sanguine
960 659 1113 733 infecta3
1144 679 1211 716 nem
1235 649 1318 739 δόρυ

260 761 451 844 αἱματῶδες
478 765 554 840 apud
592 765 716 822 Dionem
750 763 882 823 Cassium
913 765 1035 836 LXXI,
1075 767 1112 822 33
1149 765 1317 841 ambiguum

260 873 326 950 est),
348 881 466 930 cruenta
487 870 667 945 intelligitur,
703 871 850 945 quomodo
881 871 1102 945 sanguineus
1131 873 1209 948 apud
1238 873 1318 940 solos

259 987 361 1056 poetas
383 978 491 1034 dictum
522 977 649 1052 reperio,
685 976 747 1034 sive
768 976 918 1051 sanguinei
948 976 1053 1034 coloris
1084 977 1317 1054 (blutfarbig,
1403 1013 1404 1024 κ

259 1106 317 1144 non
338 1083 596 1159 blutgefbrbt);
628 1101 695 1140 nam
718 1082 861 1138 cruentari
884 1082 1018 1138 colorare
1039 1082 1115 1139 infici
1142 1102 1199 1140 non
1222 1085 1317 1144 miuus

259 1193 598 1266 ferratahastapoterat.
620 1191 696 1247 Tum
709 1189 770 1245 sive
791 1188 1026 1262 sanguineam
1048 1198 1241 1264 praeustam
1259 1211 1318 1250 una

258 1298 375 1355 notione
400 1297 641 1372 comprehendas,
667 1295 779 1365 nescio,
811 1295 879 1368 quid
901 1305 1027 1370 praeusta
1048 1297 1134 1354 hasta
1163 1315 1318 1355 commune
1396 1287 1400 1297 ’

258 1406 366 1462 habeat
386 1422 451 1462 oum
472 1401 639 1478 sanguinea,
660 1401 732 1476 sive,
760 1401 838 1475 quod
860 1403 1054 1459 membrorum
1076 1403 1227 1476 aequalitas
1248 1421 1317 1462 sua·

258 1512 307 1568 det
328 1520 356 1568 et
374 1511 465 1585 cogit,
485 1515 649 1584 proeustae
670 1507 827 1583 appellatio
843 1508 880 1564 ad
893 1515 1044 1582 utramque
1056 1509 1168 1566 hastam
1184 1519 1213 1566 et
1224 1509 1317 1568 ferra·

258 1629 318 1674 tam
341 1627 369 1674 et
390 1613 579 1690 sanguineam
600 1613 737 1686 pertinet,
769 1613 877 1670 frustra
901 1632 1029 1688 quaeras,
1062 1615 1130 1689 quid
1161 1615 1198 1671 sit
1231 1617 1318 1674 hasta

258 1725 367 1782 ferrata
391 1729 529 1798 praeusta3
559 1737 627 1774 nam
649 1717 720 1792 ligni
742 1720 797 1776 hoc
821 1721 970 1795 proprium
995 1731 1047 1780 est.
1102 1721 1206 1779 Laudo
1227 1723 1319 1797 igitur

258 1831 396 1888 hactenus
418 1846 478 1898 eos,
500 1844 573 1900 quos
589 1825 742 1882 Turnebus
764 1827 955 1901 reprehendit,
977 1827 1027 1901 qui
1043 1826 1110 1884 olim
1128 1828 1203 1884 hunc
1218 1828 1316 1886 locum

257 1943 418 2004 tentarunt,
440 1932 518 2007 quod
540 1930 736 1988 difficultatem
760 1941 923 2000 senserunt,
952 1950 1040 2006 quam
1062 1934 1234 1992 recentiores
1255 1953 1317 1992 non

258 2041 423 2116 attigerunt.
465 2039 538 2096 Mihi
559 2038 660 2095 Livius
689 2037 828 2094 hastam
856 2035 1030 2095 ferratam
1053 2048 1115 2096 aut
1137 2040 1198 2097 sine
1219 2039 1316 2098 ferreo

257 2147 367 2222 spiculo
389 2153 501 2202 tantum
523 2152 715 2220 praeustam
748 2161 989 2202 commemorasse
1010 2145 1137 2214 videtur,
1169 2146 1317 2221 credoque

257 2253 286 2309 in
308 2261 405 2310 vetere
433 2249 488 2308 ritu
518 2250 670 2306 obscuram
704 2247 880 2324 superfuisse
909 2251 1079 2308 memoriam
1110 2252 1171 2309 eius
1202 2262 1317 2328 tempo-

257 2359 312 2428 ris,
344 2375 432 2433 quum
464 2375 519 2431 pro
551 2354 651 2412 ferreis
678 2354 741 2410 telis
771 2355 858 2412 etiarn
887 2357 1019 2431 praeustis
1041 2357 1132 2414 hastis
1165 2359 1317 2429 (sudibus)

256 2473 415 2537 uterentur,
448 2461 527 2537 quod
556 2462 605 2519 teli
628 2479 718 2537 genus
740 2469 769 2517 et
790 2461 930 2536 Virgilius
951 2462 980 2518 in
1003 2462 1129 2536 antiquis
1150 2465 1319 2540 pastoribus

258 2579 287 2628 et
309 2569 408 2628 Caesar
433 2569 462 2626 in
483 2568 624 2626 Romanis
647 2577 744 2625 castra
765 2567 982 2626 defendentibus
1005 2577 1033 2626 et
1054 2569 1175 2626 Tacitus
1197 2570 1226 2626 in
1247 2571 1317 2628 bar-

256 2675 335 2734 baris
369 2683 585 2736 commemorat,
633 2673 789 2748 Sanguinis
822 2674 929 2730 mentio
958 2682 1054 2732 utrum
1076 2694 1095 2732 a
1117 2675 1203 2734 Livio
1236 2675 1318 2734 facta

257 2782 294 2838 sit
320 2782 387 2852 (hoe
406 2780 560 2836 verborum
584 2779 697 2836 ordine:
728 2778 902 2836 ferratam
933 2790 995 2838 aut
1024 2791 1216 2856 prmustam
1237 2800 1316 2840 san-

256 2887 439 2962 guineam,
468 2893 500 2941 ut
527 2884 760 2959 sanguineam
788 2885 825 2941 ad
857 2893 1009 2961 utramque
1037 2887 1196 2962 pertineat)
1232 2907 1267 2945 an
1297 2909 1317 2946 a

255 2993 363 3049 lectore
387 2991 485 3065 aliquo
506 2991 593 3060 ritus,
625 2999 656 3046 ut
677 3009 714 3046 ex
735 2990 839 3048 Dionis
867 2999 895 3048 et
918 2992 1067 3049 Ammiani
1090 2993 1161 3050 locis
1184 3004 1316 3069 apparet,

256 3098 305 3154 diu
327 3097 435 3154 servati
456 3115 548 3172 gnaro
578 3097 687 3166 addita,
710 3115 768 3154 non
791 3097 910 3166 defini03
936 3097 1027 3155 multo
1049 3107 1146 3156 tamen
1169 3100 1262 3175 magis
1284 3101 1315 3158 in

255 3206 331 3262 hano
352 3211 464 3280 partem
485 3202 591 3260 inclino
613 3221 700 3276 quum
723 3213 843 3278 propter
862 3203 978 3260 dubiam
1002 3205 1137 3262 vocabuli
1170 3207 1314 3281 sangui·

255 3329 342 3368 neus
365 3309 617 3384 significationem,
653 3319 714 3366 tum
737 3309 815 3384 quod
838 3309 933 3366 miuus
953 3311 1133 3384 probabilem
1155 3313 1315 3388 transposi-

255 3417 362 3474 tionem
375 3415 481 3472 indico.
516 3413 621 3488 Itaque
641 3415 697 3472 hoc
718 3415 793 3473 inter
815 3415 921 3474 codicis
943 3417 1093 3493 archetypi
1115 3418 1315 3476 additamenta

255 3541 348 3598 pon03
370 3521 441 3590 (vid.
463 3539 591 3596 prooem.
615 3541 645 3596 p.
670 3523 706 3578 14
729 3525 797 3596 sq.).

338 3627 412 3704 Cap.
436 3629 491 3699 35,
513 3629 542 3688 3.
586 3629 715 3684 Parrum
743 3637 801 3700 est,
834 3628 913 3703 quod
942 3628 1104 3702 adnotabo,
1138 3651 1192 3689 nec
1216 3640 1313 3690 tamen

256 3735 461 3804 omittendum,
496 3734 634 3809 quoniam
670 3734 708 3790 ad
739 3743 849 3792 rectam
878 3733 1018 3792 orationis
1046 3736 1157 3794 Latinae
1187 3737 1313 3796 formam

256 3841 364 3902 attinet.
407 3842 486 3898 Nam
516 3840 566 3898 ubi
594 3841 636 3898 sic
667 3840 773 3898 editur:
809 3841 943 3917 quippe
973 3842 1033 3915 qui
1059 3861 1129 3899 non
1161 3844 1313 3920 primus,

256 3947 350 4021 quod
371 3947 561 4022 quisquam
589 3946 774 4022 indignari
796 3946 967 4005 mirarive
991 3957 1131 4022 posset,
1162 3950 1224 4006 sed
1245 3959 1314 4008 ter·

255 4051 328 4108 tius
359 4053 476 4110 Romae
506 4053 715 4128 peregrinus
745 4071 892 4130 regnum
924 4053 1091 4127 affectet,
1130 4055 1314 4114 scribendum
