2822 4648
278 275 334 324 Lib.
354 275 427 323 vltt
751 275 806 332 158

245 458 349 534 tinoslt
376 459 441 518 Sin
470 467 591 515 autem
621 457 764 514 tandem
787 455 981 514 libertatis
1003 453 1229 512 desiderium
1249 473 1307 511 re·

244 566 387 624 mordet
410 563 570 630 animos,
602 562 633 618 si
654 561 784 620 foedus
807 569 878 627 est,
908 559 938 615 si
959 559 1126 616 societas
1149 559 1308 634 requetio

244 672 339 730 iuris
361 679 432 738 est,
466 669 497 726 si
519 666 815 742 consanguineos
849 684 915 722 nos
938 667 1186 723 Romanorum
1217 683 1308 734 esse,

247 777 348 852 quod
369 775 454 833 olim
477 773 658 848 pudebat,
680 790 775 828 nunc
808 771 967 845 gloriari
998 771 1103 842 licet,
1126 772 1157 828 si
1187 772 1308 829 socia·

244 883 291 940 lis
323 881 399 938 illis
432 877 618 938 exercitus
644 877 675 934 is
702 887 770 946 est,
810 895 879 950 qno
912 875 1088 932 adiuncto
1119 875 1312 950 duplicent

244 988 343 1044 vires
365 1001 467 1052 suas,
500 1001 605 1057 quem
638 999 836 1038 secernere
874 981 917 1038 ab
953 999 990 1037 se
1018 981 1195 1038 consules
1225 982 1311 1040 bel-

245 1093 292 1149 lis
315 1089 479 1167 propriis
500 1086 682 1163 ponendis
703 1086 961 1160 sumendisque
988 1085 1123 1158 nolint,
1156 1105 1218 1144 eur
1239 1107 1311 1144 non

245 1197 365 1255 omnia
394 1201 598 1269 aequantur,
624 1211 687 1249 cnr
711 1212 780 1250 non
802 1191 898 1250 alter
928 1192 971 1248 ab
999 1191 1143 1249 Latinis
1176 1193 1312 1250 consul

246 1303 368 1371 datur,
391 1299 453 1357 nbi
473 1316 560 1374 pars
581 1297 789 1366 virium,ibi
812 1305 846 1354 et
867 1297 1011 1372 imperii
1029 1316 1117 1372 pars
1139 1297 1212 1355 est?
1239 1299 1312 1355 Duo

244 1409 275 1465 in
286 1408 330 1466 his
342 1406 449 1462 menda
468 1413 543 1464 sunt.
586 1403 673 1462 Prius
693 1403 789 1478 arguit
810 1403 869 1460 iam
889 1403 1313 1480 dissensnsinterpretantinm3

246 1533 315 1571 nam
326 1513 376 1570 alii
397 1512 448 1580 sic,
473 1519 567 1584 utego
589 1507 738 1583 descripsi,
750 1509 841 1566 verba
862 1507 1081 1583 inter-pungunt:
1096 1509 1126 1565 si
1148 1509 1312 1566 societas

246 1618 404 1696 aquatio
428 1615 519 1673 iuris
541 1623 605 1684 est,
630 1613 785 1673 manifesto
807 1625 899 1684 recte;
920 1633 987 1670 nam
1009 1614 1039 1672 id
1062 1615 1157 1690 ipsum
1180 1615 1227 1689 agi
1244 1617 1314 1672 An-

248 1727 313 1782 nius
336 1723 415 1790 dicit,
435 1719 540 1778 foedus
562 1731 591 1778 et
611 1719 756 1792 societas,
778 1739 866 1794 quam
889 1738 954 1776 cnm
976 1721 1117 1778 Romanis
1139 1719 1237 1778 Latini
1256 1722 1313 1778 ha·

246 1833 345 1898 beant,
366 1829 440 1884 sit-m
461 1844 575 1901 reapse,
597 1827 676 1900 quod
700 1827 725 1882 is
746 1825 885 1902 postulat,
907 1825 978 1882 iuris
999 1827 1136 1901 aquatio,
1158 1835 1189 1884 nt
1212 1825 1315 1884 Latini

247 1933 432 2008 Romanique
453 1951 537 2007 aequo
558 1933 621 1990 inre
642 1931 708 1989 sint.
742 1931 836 2006 Atqui
846 1941 908 1988 tum
929 1951 1049 2007 prorsus
1068 1951 1159 2008 prave
1180 1931 1314 1990 foedus

247 2051 277 2098 et
300 2039 462 2096 societas
489 2037 665 2094 divelluntur
692 2046 720 2093 et
745 2055 799 2112 per
830 2055 862 2094 se
891 2039 947 2096 hoe
969 2039 1102 2114 ponitur:
1132 2039 1161 2096 si
1180 2038 1314 2096 foedus

248 2155 318 2216 est,
343 2143 428 2219 quasi
449 2145 505 2200 hoc
529 2143 565 2202 de
586 2143 704 2202 foedere
729 2143 847 2200 omnino
870 2143 990 2202 dubium
1011 2145 1065 2214 sit,
1096 2154 1198 2202 cenna
1219 2145 1315 2202 socie·

247 2250 316 2308 tatis
338 2259 450 2306 tantum
472 2249 517 2306 vis
539 2259 568 2306 et
588 2247 761 2324 significatio
783 2259 938 2323 queratur.
981 2249 1042 2307 Alii
1057 2259 1152 2308 autem
1169 2251 1210 2307 sie
1223 2250 1315 2307 inter·

249 2363 394 2432 pungunt:
416 2353 597 2412 siloedus
618 2361 682 2423 est,
703 2353 733 2410 si
757 2353 929 2424 societas,
946 2355 1105 2429 aquatio
1127 2355 1219 2413 iuris
1242 2365 1315 2425 est;

248 2461 279 2518 in
314 2479 373 2536 quo
402 2459 527 2535 primum
559 2459 725 2516 necessario
747 2459 838 2534 repeti
859 2459 889 2516 si
922 2460 1086 2517 coniunctio
1116 2461 1202 2518 etiam
1224 2461 1315 2520 tertio

251 2568 317 2626 loco
338 2568 464 2624 debebat
492 2577 522 2624 et
543 2575 663 2642 propter
691 2567 786 2641 ipsam
809 2567 967 2640 anaphora
990 2567 1113 2641 liguriam
1135 2577 1164 2622 et
1185 2565 1316 2624 vitandae

247 2691 368 2731 summa
390 2671 587 2748 ambiguitatis
609 2672 657 2728 vel
676 2673 774 2748 potius
784 2671 983 2748 perversitatis
998 2689 1101 2740 causa3
1121 2670 1224 2728 dmnde
1245 2688 1316 2728 eum

248 2777 367 2836 foedere
388 2787 417 2832 et
437 2779 585 2848 societate,
607 2797 672 2854 quae
693 2778 847 2836 constabat
868 2795 940 2862 esse,
962 2778 1014 2834 sed
1036 2778 1072 2834 de
1094 2795 1217 2851 quorum
1239 2795 1317 2836 vera

248 2891 355 2940 natura
375 2883 541 2940 certabatur
562 2887 612 2956 (ex
634 2902 692 2958 quo
714 2886 756 2952 fit
778 2894 810 2941 ut
832 2893 861 2940 et
883 2882 912 2940 in
935 2884 990 2940 hac
1012 2883 1080 2940 etin
1099 2883 1249 2958 superiore
1267 2883 1316 2940 in-

249 2987 448 3064 terpunctione
469 3007 637 3064 perversum
659 2991 697 3046 sit
717 2989 801 3046 illud:
830 2989 859 3046 si
887 2987 1016 3046 foedus
1040 2989 1128 3061 est),
1162 3005 1226 3046 cum
1255 2983 1316 3058 his,

249 3093 379 3168 inquam,
400 3113 458 3151 non
468 3103 583 3169 poterat
605 3103 743 3168 tanquam
766 3093 882 3150 tertium
904 3093 933 3150 id
947 3093 1092 3170 coniungi,
1114 3095 1193 3170 qnod
1204 3095 1315 3170 ipsum,

250 3200 453 3274 quaerebatur,
475 3199 619 3256 inessetne
647 3199 677 3255 in
707 3199 757 3256 illo
779 3199 905 3257 foederis
927 3201 1043 3257 nomine
1064 3219 1163 3260 necne.
1206 3201 1316 3275 ltaque

250 3323 309 3362 una
325 3304 456 3362 detracta
476 3305 598 3374 vocula,
627 3323 692 3379 quoe
714 3305 815 3363 addita
836 3315 893 3367 est.
920 3325 956 3362 ne
983 3307 1014 3365 si
1035 3307 1199 3365 coniunctio
1221 3307 1315 3364 verbo

250 3420 362 3468 careret
383 3410 505 3480 scilicet,
536 3410 720 3468 scribendum
752 3422 810 3469 ast:
844 3413 875 3470 si
902 3411 1046 3482 foedus,
1082 3412 1112 3470 ei
1147 3411 1315 3470 societas

250 3517 408 3592 aequatio
429 3515 520 3574 iuris
542 3526 608 3576 est.
658 3515 841 3590 (Gronovius
863 3517 1143 3593 argumentationem
1153 3515 1244 3574 Annii
1253 3535 1315 3574 non

249 3621 411 3700 perspexit3
432 3621 462 3679 in
484 3621 543 3689 itta,
564 3640 653 3696 quam
673 3623 698 3680 is
714 3622 829 3682 efficere
849 3623 982 3694 volebat,
1016 3621 1159 3680 sententia
1184 3619 1317 3679 seriben-

250 3727 318 3784 dum
341 3737 417 3786 erat:
444 3727 476 3785 si
497 3727 588 3802 aqui
613 3727 706 3786 iuris
728 3727 858 3787 foedus
888 3747 928 3786 ac
960 3727 1123 3786 societas
1153 3737 1220 3798 est,
1252 3745 1315 3785 non

249 3833 410 3909 aquati.)
478 3835 573 3892 Paulo
602 3835 742 3892 occultius
763 3835 922 3910 scriptura,
952 3835 1019 3911 ipsa
1049 3853 1081 3892 re
1102 3853 1195 3912 prope
1216 3835 1316 3892 mani·

250 3937 351 3996 festius
384 3947 427 3996 est
449 3937 571 3998 alterum
594 3941 741 4000 mendum.
796 3939 863 4014 Quo
896 3943 972 4000 enim
999 3950 1113 4018 spectat
1135 3939 1187 3998 illa
1208 3959 1317 4000 oonsu-

250 4043 308 4100 lnm
332 4043 448 4116 mentio,
470 4045 654 4122 superposita
677 4045 734 4123 ipsi
747 4047 948 4106 Romanorum
969 4047 1108 4104 mentioni
1130 4045 1172 4119 (si
1194 4047 1317 4105 socie-

251 4145 298 4204 lis
320 4147 397 4204 illis
420 4150 607 4208 exercitus
643 4151 673 4208 is
708 4147 797 4230 est)?
845 4151 944 4210 Saline
966 4151 1108 4226 eonsules,
1130 4171 1188 4209 non
1211 4170 1317 4210 omnes
