2800 4646
606 283 642 336 41
654 282 662 338 l
977 276 1035 328 Isih.
1055 275 1167 328 XXXV.

107 461 230 520 ultorum
254 460 394 538 populum
414 459 570 536 prudenter
581 469 658 520 eeeet
671 461 842 522 institutum.
870 463 960 520 Recte
980 463 1068 539 igitur
1088 463 1170 522 Bek-

106 568 195 626 herue
216 566 348 626 codicum
370 565 541 643 scripturam
569 561 701 637 teuuit.¹)

191 671 266 750 Cep.
289 675 340 744 31,
365 675 397 730 l:
424 673 514 730 Dum
534 672 630 730 inter
650 674 805 732 Acheros
827 681 862 731 et
883 683 1075 751 tyranuum
1097 674 1168 732 bel-

106 779 179 838 lum
213 787 307 845 eret,
342 777 458 854 legeti
485 779 729 836 Romanorum
760 779 952 838 circumire
985 782 1168 840 sociorum

107 885 232 956 urbes,
267 881 439 953 solliciti,
469 901 513 940 ue
548 884 666 942 AEtoli
695 885 813 961 portio
839 885 1000 945 elicuiue
1032 888 1169 952 unimoe

107 989 152 1048 ed
174 989 397 1048 Antiochum
421 989 656 1050 evertissent.
713 991 760 1048 Ne
790 991 846 1048 hoc
877 991 992 1067 quidem
1014 992 1080 1052 loco
1109 993 1170 1054 ulle

107 1103 153 1152 eet
172 1093 303 1172 repetitu
333 1096 438 1176 empiue
471 1115 524 1172 per
554 1095 673 1170 aliquod
704 1105 818 1172 tempus
852 1096 974 1154 actionis
1004 1109 1055 1184 out
1076 1109 1168 1158 etetue

107 1200 230 1259 elicuiue
252 1203 347 1280 coepti
368 1213 397 1260 et
419 1202 596 1277 aliquamdiu
618 1202 760 1260 mouentis
790 1202 977 1278 significatio,
1011 1224 1075 1280 quae
1106 1205 1170 1264 inii·

106 1306 191 1366 nih'vi
224 1307 354 1366 historici
384 1309 506 1386 propriu
538 1317 591 1378 eet,
623 1308 674 1366 sed
710 1308 753 1366 rei
783 1307 872 1366 eemel
908 1307 992 1368 iectae
1028 1311 1167 1374 uerrutio.

108 1413 214 1489 Ituque
232 1414 375 1490 sequitur:
406 1415 589 1473 Minimum
623 1433 741 1490 operer
766 1416 802 1472 in
823 1415 967 1474 Aeneis
988 1417 1169 1474 adeundis

108 1531 428 1596 consumpserunt.
487 1519 677 1582 Scribendum
708 1520 796 1596 igitur
834 1539 891 1578 une
927 1519 1011 1578 litere
1042 1521 1167 1580 ediecte:

108 1625 341 1698 circumiere,
366 1627 610 1704 quemadmodum
631 1626 690 1684 ium
710 1627 740 1684 in
760 1626 823 1684 cod.
846 1627 919 1689 Lov.
947 1628 963 1683 3
987 1637 1016 1684 et
1037 1627 1169 1686 editioni·

108 1731 164 1788 bue
195 1731 342 1792 veteribus
372 1734 510 1810 scriptum
541 1742 593 1790 eet.
656 1732 826 1792 Contrariue
848 1751 930 1791 error
951 1732 1095 1792 tollendus
1117 1735 1171 1793 erit

108 1836 280 1908 XXXVII,
303 1840 352 1910 31,
376 1844 410 1909 7;
431 1839 484 1898 cir.
502 1839 540 1896 ed
562 1838 669 1910 XXII,
692 1843 741 1910 47,
765 1843 782 1898 6
805 1859 833 1916 p.
858 1841 927 1898 252.

193 1940 266 2022 Cep.
290 1947 339 2016 32,
361 1950 379 2002 4
403 1945 468 2014 (ubi
489 1945 591 2003 Thoee
612 1954 641 2002 ct
663 1943 819 2020 Menippus
837 1945 975 2004 Antiochi
995 1964 1066 2022 opee
1087 1957 1170 2004 extu·

107 2047 178 2105 lieee
199 2051 453 2108 commemorando
474 2047 643 2128 narrentur)
664 2049 847 2108 scribendum
868 2061 912 2110 eet
931 2071 968 2109 ex
982 2053 1029 2110 M:
1051 2053 1171 2128 ingen·

108 2165 179 2211 tem
200 2154 272 2213 vim
288 2156 447 2233 peditum
473 2156 706 2232 equitumque
729 2156 869 2226 venire3
899 2176 940 2214 ex
962 2157 1069 2216 India
1093 2158 1171 2216 ele·

108 2259 273 2336 pheutoe
307 2262 463 2332 recitem
499 2271 583 2320 ente
618 2263 738 2320 omnie
864 2271 1005 2320 tontum
1039 2263 1170 2322 advehi

109 2363 199 2436 euri,
221 2374 259 2422 ut
279 2365 381 2442 ipeoe
403 2387 519 2426 emere
540 2370 723 2427 Romanos
744 2366 874 2444 poeeit.
923 2367 1030 2443 Vulgo,
1050 2386 1171 2428 eueeore

109 2468 274 2542 Gronovio,
295 2473 322 2530 B
344 2483 373 2532 et
391 2473 565 2532 deteriorum
590 2472 761 2530 auctoritate
783 2472 923 2530 omittitur
937 2473 1096 2544 eccitoe;
1117 2475 1169 2532 eed

108 2575 157 2634 hic
180 2595 297 2652 quoque
328 2579 486 2638 omittendo
515 2579 647 2636 vitiatum
681 2577 770 2636 iuieee
791 2579 919 2638 codicem
941 2579 1044 2636 horum
1066 2597 1170 2655 peren·

111 2762 309 2770 φῄς-..-

129 2861 153 2926 ¹)
180 2863 243 2930 Cep.
266 2870 341 2930 ¹⁷2²
367 2880 419 2914 uou
443 2873 510 2914 recte
531 2864 758 2915 Drehcuhorchiue
782 2873 808 2915 et
827 2868 979 2917 recentioree
997 2882 1011 2916 e
1030 2867 1087 2920 cod.
1112 2867 1171 2917 hdo·

180 2959 291 3022 guntino
306 2960 461 3024 scripserunt
478 2973 562 3007 nuuc
581 2958 746 3022 querelor,
765 2973 847 3008 nuuc
866 2959 1170 3024 expostulationem

179 3061 248 3103 recte
284 3053 361 3103 ceteri
398 3052 499 3101 codices
530 3051 784 3116 postulationem
819 3066 879 3100 uem
915 3053 1014 3103 diverse
1049 3055 1170 3119 compoui

181 3147 294 3196 oeteudit
311 3145 438 3211 pertIcole
465 3145 561 3208 (nuuc
581 3169 613 3180 -·
632 3143 741 3206 nuuc);
769 3143 878 3209 querele
903 3153 928 3193 et
953 3146 1170 3210 expostulationes

179 3237 295 3288 einedem
314 3239 414 3302 generis
432 3243 497 3287 eunt
541 3235 625 3296 Quem
643 3235 886 3288 Drecheuborehiue
910 3253 943 3287 cx
970 3237 1054 3298 XLIl,
1073 3245 1107 3288 tu
1126 3240 1171 3288 ud·

179 3339 256 3382 vocet
274 3331 374 3390 locum,
403 3331 456 3395 ipee
475 3343 532 3379 eum
551 3343 670 3380 revocare
698 3329 828 3380 debueret
867 3329 906 3380 De
924 3345 946 3384 c.
968 3336 1010 3390 20,
1031 3335 1060 3382 11
1081 3341 1107 3382 et
1128 3337 1169 3393 21,

182 3428 194 3472 l
214 3424 267 3474 dixi
285 3439 311 3490 p.
326 3429 358 3474 52
374 3424 407 3473 ed
418 3422 439 3482 1,
457 3427 499 3472 46.
536 3421 600 3488 Cep.
620 3425 662 3482 27,
681 3429 696 3472 8
716 3423 848 3474 Bekkcrue
869 3431 936 3472 recte
955 3425 1041 3485 eeueit,
1061 3433 1170 3474 temen

180 3517 332 3582 porticulum
352 3517 465 3582 Ineptum
484 3530 546 3575 rese,
565 3529 643 3579 quum
663 3529 745 3564 rerum
770 3515 838 3564 cludi
856 3515 988 3566 homiuum
1006 3515 1169 3578 adinngeeur.

180 3607 267 3670 Quum
286 3611 314 3660 M
345 3610 438 3659 hebeat
465 3618 571 3660 temen
600 3623 638 3658 ex
663 3616 723 3656 tem
751 3609 892 3674 ancipiti
920 3619 1011 3674 poete
1040 3607 1073 3674 (ei
1103 3619 1170 3659 recte

180 3703 306 3768 ecripture
337 3705 460 3752 eduntote
487 3701 552 3766 eet),
585 3701 607 3750 B
634 3715 673 3750 ex
703 3709 765 3749 tum
792 3701 932 3766 ancipiti
961 3710 1063 3766 peete,
1093 3702 1170 3752 ceteri

180 3805 286 3845 temen
307 3795 449 3860 unelpiti
468 3805 573 3860 pecte,
593 3795 710 3858 coepicor
727 3793 827 3843 Livium
845 3793 992 3858 ecrr'peieee:
1010 3794 1169 3860 perpeuci

179 3895 243 3937 tem
271 3903 310 3937 ex
335 3887 480 3954 euoipiti
500 3895 608 3954 poete.
637 3887 669 3936 de
687 3903 738 3952 quo
757 3887 846 3938 ordlne
864 3887 918 3936 dixi
935 3888 969 3936 ed
988 3885 1043 3937 Cic.
1061 3887 1117 3938 rin.
1136 3887 1170 3946 V,

181 3985 241 4047 tp.
263 3985 322 4042 tout
349 3981 416 4032 eddo
435 3981 490 4031 Lir.
509 3979 585 4040 VIII,
615 3985 655 4041 18,
674 3985 724 4030 tle
751 3981 923 4031 udmodum
949 3995 965 4030 e
989 3981 1102 4046 peucie
1121 3997 1170 4047 po-

179 4073 267 4138 pulie
285 4083 311 4124 et
326 4073 454 4135 XXXVI,
474 4079 516 4134 ³0,
537 4079 566 4124 5:
585 4089 680 4138 quem
699 4087 765 4124 oum
784 4075 883 4124 inerti
902 4075 1004 4128 horte.
