2826 4650
745 277 777 330 to

228 457 359 528 medio,
380 457 583 531 contrarioque
606 473 719 526 erroro,
748 455 846 512 addito
868 475 910 524 ιι,
932 455 995 525 ΙΙΙ,
1020 458 1074 526 36,
1098 463 1114 516 5
1137 469 1232 516 ortom
1254 459 1289 516 in

229 572 357 620 senatu
379 564 500 620 autin
527 559 696 638 populum
718 560 879 620 misisset
906 561 996 639 (quod
1019 571 1078 622 tres
1100 561 1142 620 illi
1164 563 1289 622 editores

228 669 408 744 tennerunt),
441 669 496 726 nisi
526 667 603 743 quod
630 666 668 723 ibi
696 666 794 724 nocuit
816 666 904 726 etiam
933 688 960 731 n
981 667 1076 728 littera
1097 687 1220 744 sequeus
1244 674 1290 742 (ut

229 772 268 843 V,
291 775 339 844 32,
362 777 389 847 3,
412 777 449 833 de
470 794 528 850 quo
549 775 614 831 loco
639 768 789 845 dicam)¹).
836 773 957 844 Verum,
978 784 1010 830 ut
1027 773 1096 844 dixi,
1117 776 1174 833 hoc
1190 776 1287 834 mendi

226 898 331 955 genere
352 882 493 939 sententia
519 879 581 938 fere
601 897 659 936 non
681 879 865 949 obscuratum
886 881 1004 954 gravius
1027 881 1149 940 alterum
1172 891 1217 940 est
1237 901 1287 958 ge·

227 1004 298 1056 nus,
333 989 410 1062 quod
433 988 463 1044 in
486 987 562 1044 Livii
585 984 715 1042 codicum
738 985 909 1060 archetypo,
942 985 1026 1042 utin
1048 985 1111 1046 eliis
1139 988 1287 1048 codicibus

229 1094 353 1168 antiquis
367 1091 470 1169 (etiem
484 1090 608 1167 Grecis)
628 1089 686 1148 lete
705 1090 833 1166 patuisse
854 1090 1022 1165 significavi,
1046 1101 1078 1152 ut
1098 1111 1186 1152 voces
1207 1112 1288 1164 essu,

226 1218 340 1274 genere,
362 1218 482 1258 numero
504 1215 595 1274 prave
618 1196 905 1254 accommodarentur
928 1198 965 1254 ed
987 1199 1114 1270 vicinas,
1137 1202 1215 1275 quod
1236 1211 1288 1262 eut

226 1303 360 1362 librarius
381 1323 434 1362 *cas
461 1324 526 1363 cum
557 1303 612 1360 illis
640 1302 807 1360 coniunctas
831 1311 946 1376 putaret
966 1312 1017 1360 aut
1040 1305 1140 1362 saltem
1165 1307 1288 1366 obscure

226 1411 254 1467 In
278 1411 374 1470 animo
396 1411 539 1470 calumum
562 1408 672 1484 regenti
693 1409 814 1466 hereret
831 1407 932 1467 forma
944 1411 1141 1485 grammatices
1154 1413 1287 1486 proxime

224 1517 411 1592 precedentis
427 1516 568 1576 memoria
580 1515 750 1591 proximare
762 1516 907 1589 sequentis
925 1516 1063 1590 cogitatio
1074 1518 1287 1593 praeciperetur.

225 1622 320 1679 Huius
331 1623 444 1698 generis
456 1645 471 1680 e
483 1625 556 1681 libro
568 1623 653 1679 tertio
666 1629 804 1696 etquarto
814 1621 947 1696 exempla
958 1623 1018 1680 haec
1029 1632 1102 1682 sunt:
1114 1624 1172 1694 ΙΠ,
1180 1627 1207 1696 6,
1217 1627 1234 1682 3
1246 1645 1287 1682 ea

226 1728 438 1786 colluvione
458 1731 523 1805 [pro
546 1727 708 1785 collusio
727 1737 846 1803 propter
860 1738 1011 1801 sequentes
1030 1729 1195 1806 ablativos),
1209 1733 1236 1802 9,
1250 1735 1285 1788 10

225 1851 293 1890 non
314 1835 404 1890 illud
424 1835 620 1892 consulere
640 1834 829 1909 imperium
841 1828 1059 1912 (millum),
1080 1839 1125 1908 13,
1140 1839 1158 1896 8
1175 1837 1286 1896 vades

225 1941 395 2016 publicos
423 1941 523 1998 dedit
555 1940 713 2016 (publico
742 1949 819 1997 recte
845 1938 1013 1998 Gronovius
1042 1943 1155 2000 restitui
1181 1943 1286 2009 voluit3

224 2047 364 2124 publici
384 2047 507 2104 'vades
537 2055 632 2103 essent
653 2066 671 2102 a
698 2047 805 2122 populo
827 2047 902 2114 dati,
932 2065 988 2103 non
1010 2045 1149 2126 populo),
1185 2055 1236 2120 ta,
1266 2052 1285 2108 3

225 2153 442 2211 demerendo
466 2151 651 2209 beneficio
675 2152 921 2222 (demerendi),
945 2155 993 2222 34,
1017 2157 1034 2211 6
1057 2156 1285 2216 adnumeres

225 2260 404 2318 hominum
427 2259 466 2314 de
488 2275 712 2332 unoquoque
733 2258 850 2332 legum
873 2259 995 2334 capite
1022 2261 1121 2318 edito
1152 2264 1283 2336 (editos

224 2365 364 2423 Dukerus
390 2364 501 2422 restitui
534 2364 595 2422 iure
622 2363 728 2434 voluit3
763 2363 861 2422 nocuit
889 2363 1013 2424 fortasse
1041 2367 1126 2425 etiarn
1159 2387 1283 2444 sequens

225 2472 321 2528 littera
343 2467 388 2548 s).
421 2474 475 2540 40,
502 2475 516 2526 7
550 2487 787 2544 quoscunque
815 2469 1053 2544 magistratus
1086 2475 1284 2548 (quodcun-

224 2597 305 2653 que,
327 2577 363 2633 de
385 2595 443 2650 quo
464 2575 528 2632 loco
550 2593 679 2633 seorsum
705 2575 831 2650 dicam),
853 2577 911 2632 ibd.
941 2582 973 2636 ll
1001 2579 1042 2636 de
1063 2599 1102 2636 eo
1125 2599 1193 2654 quo
1216 2581 1283 2638 Va·

223 2686 339 2743 lenius
361 2683 614 2756 Horatiusque
637 2713 674 2724 -
696 2681 907 2739 insimulent
934 2683 987 2759 (de
1009 2704 1064 2754 eo,
1085 2688 1193 2761 qnod3
1215 2705 1283 2762 pra·

224 2812 291 2850 vum
316 2786 535 2856 Alschefskios‚
556 2787 819 2858 Weissenbornius‚
841 2789 976 2847 Hertzius
997 2793 1088 2848 secuti
1109 2793 1206 2867 sunt),
1234 2797 1282 2860 50,

230 2905 258 2956 ll
283 2895 524 2972 profligatam
545 2893 613 2950 iam
637 2911 709 2949 rem
732 2927 768 2938 -
785 2895 902 2993 Romae
924 2914 1004 2953 esse
1024 2897 1283 2974 insecutosque

242 3153 267 3220 ¹)
292 3157 332 3206 Dc
356 3157 445 3205 codem
475 3157 567 3205 erroris
600 3171 692 3220 genero
729 3159 754 3206 in
785 3159 872 3206 codicc
901 3157 1011 3207 Puteani
1035 3168 1059 3208 et
1088 3160 1162 3208 tertia
1186 3161 1281 3208 decade

295 3249 379 3297 dicam
397 3249 507 3296 breviter
525 3250 558 3298 ad
576 3249 676 3309 XXIII,
695 3257 719 3309 3,
739 3257 762 3301 3.
810 3251 868 3300 Non
886 3265 954 3314 nego
971 3251 1025 3300 ficri
1043 3254 1170 3316 potuisse,
1191 3261 1219 3300 ut
1238 3253 1281 3301 Li-

293 3343 333 3390 vio
352 3341 429 3390 semel
448 3342 571 3392 iterumve
589 3345 636 3393 sub
655 3359 762 3393 acumen
781 3345 831 3393 stili
851 3323 948 3393 sentiit
966 3345 1000 3393 in
1018 3351 1225 3409 potestatem,
1248 3345 1281 3393 ln

292 3435 474 3484 amicitiam
501 3437 645 3486 alicuius
672 3451 753 3496 esem
786 3447 811 3486 et
838 3423 923 3486 tamen
947 3437 1002 3487 hee
1025 3438 1107 3487 multo
1131 3439 1223 3487 rectius
1248 3452 1281 3486 ex

292 3528 403 3590 antIquis
415 3528 545 3577 codicibus
563 3531 679 3578 adnotari
698 3545 773 3594 quam
793 3531 818 3578 in
837 3539 980 3580 nostrorum
1000 3532 1139 3580 editionum
1159 3539 1280 3580 contexto

293 3636 344 3669 uno
362 3629 387 3668 et
405 3621 486 3670 altero
505 3622 562 3670 loco
581 3624 640 3687 poni
660 3633 734 3687 puto,
755 3623 960 3685 qnandoquidem
982 3625 1008 3672 in
1026 3625 1140 3687 pluribus
1158 3623 1223 3673 locis
1241 3638 1281 3672 re·

292 3715 402 3763 tinemus
426 3713 457 3761 in
481 3721 656 3778 potestate.
712 3715 801 3766 Codex
819 3717 920 3778 quidem
940 3717 1072 3766 Medieeus
1093 3718 1169 3779 longe
1188 3716 1280 3780 saepius

291 3822 368 3872 qnam
387 3807 477 3864 ceteri,
505 3808 572 3869 quod
592 3809 692 3870 quidem
712 3817 823 3882 constet,
855 3825 876 3862 ιιι
896 3825 973 3872 prave
990 3811 1104 3860 additum
1128 3811 1220 3872 habet,
1248 3824 1281 3858 ex

291 3913 342 3962 quo
371 3913 420 3946 uno
447 3912 503 3962 ques
522 3908 635 3949 monstra
654 3899 832 3950 Alschefskius
857 3901 882 3949 in
910 3901 977 3950 Livii
1003 3903 1143 3951 orationem
1166 3902 1281 3951 intulerit

292 3991 376 4055 (velut
402 3990 481 4050 VIII,
515 3997 559 4050 12,
578 3996 592 4040 b
613 3995 755 4056 partium
782 3993 814 4040 io
839 3994 1073 4059 rempublicam
1100 3993 1279 4058 memores).

290 4085 370 4150 pudet
390 4083 482 4132 dicere.
