<?xml version="1.0" encoding="UTF-8"?>
<!DOCTYPE html PUBLIC "-//W3C//DTD XHTML 1.0 Transitional//EN"
    "http://www.w3.org/TR/xhtml1/DTD/xhtml1-transitional.dtd">
<html xmlns="http://www.w3.org/1999/xhtml" xml:lang="en" lang="en">
 <head>
  <title>
</title>
<meta http-equiv="Content-Type" content="text/html;charset=utf-8" />
  <meta name='ocr-system' content='tesseract 3.04.00' />
  <meta name='ocr-capabilities' content='ocr_page ocr_carea ocr_par ocr_line ocrx_word'/>
</head>
<body>
  <div class='ocr_page' id='page_1' title='image "./emendationesliv02madvgoog_0567.png"; bbox 0 0 2826 4640; ppageno 0'>
   <div class='ocr_carea' id='block_1_1' title="bbox 246 243 804 301">
    <p class='ocr_par' dir='ltr' id='par_1_1' title="bbox 246 243 804 301">
     <span class='ocr_line' id='line_1_1' title="bbox 246 243 804 301; baseline 0.014 -8"><span class='ocrx_word' id='word_1_1' title='bbox 246 244 303 293; x_wconf 82' lang='lat' dir='ltr'><strong>Lib.</strong></span> <span class='ocrx_word' id='word_1_2' title='bbox 317 243 416 292; x_wconf 78' lang='lat' dir='ltr'><strong>mv.</strong></span> <span class='ocrx_word' id='word_1_3' title='bbox 744 244 804 301; x_wconf 78' lang='grc'><strong>558</strong></span> 
     </span>
    </p>
   </div>
   <div class='ocr_carea' id='block_1_2' title="bbox 244 424 1316 817">
    <p class='ocr_par' dir='ltr' id='par_1_2' title="bbox 244 424 1316 817">
     <span class='ocr_line' id='line_1_2' title="bbox 248 424 1313 501; baseline -0.006 -15"><span class='ocrx_word' id='word_1_4' title='bbox 248 427 338 486; x_wconf 87' lang='lat' dir='ltr'><strong>homo</strong></span> <span class='ocrx_word' id='word_1_5' title='bbox 359 424 489 501; x_wconf 68' lang='lat' dir='ltr'><strong>moquirr</strong></span> <span class='ocrx_word' id='word_1_6' title='bbox 510 426 644 501; x_wconf 73' lang='lat' dir='ltr'><strong>ignotus,</strong></span> <span class='ocrx_word' id='word_1_7' title='bbox 669 426 850 484; x_wconf 82' lang='lat' dir='ltr'><strong>hebnieee</strong></span> <span class='ocrx_word' id='word_1_8' title='bbox 875 425 991 484; x_wconf 75' lang='lat' dir='ltr'><strong>dieitur.</strong></span> <span class='ocrx_word' id='word_1_9' title='bbox 1039 424 1135 482; x_wconf 88' lang='lat' dir='ltr'><strong>Peulo</strong></span> <span class='ocrx_word' id='word_1_10' title='bbox 1161 433 1231 499; x_wconf 83' lang='lat' dir='ltr'><strong>poet</strong></span> <span class='ocrx_word' id='word_1_11' title='bbox 1257 441 1313 498; x_wconf 90' lang='lat' dir='ltr'><strong>pro</strong></span> 
     </span>
     <span class='ocr_line' id='line_1_3' title="bbox 244 527 1315 610; baseline -0.005 -20"><span class='ocrx_word' id='word_1_12' title='bbox 244 543 355 610; x_wconf 77' lang='lat' dir='ltr'><strong>geute</strong></span> <span class='ocrx_word' id='word_1_13' title='bbox 374 533 462 608; x_wconf 77' lang='lat' dir='ltr'><strong>louge</strong></span> <span class='ocrx_word' id='word_1_14' title='bbox 488 530 596 588; x_wconf 81' lang='lat' dir='ltr'><strong>reotiuu</strong></span> <span class='ocrx_word' id='word_1_15' title='bbox 621 531 728 588; x_wconf 83' lang='lat' dir='ltr'><strong>oehore</strong></span> <span class='ocrx_word' id='word_1_16' title='bbox 760 531 933 608; x_wconf 73' lang='lat' dir='ltr'><strong>appelletur.</strong></span> <span class='ocrx_word' id='word_1_17' title='bbox 986 531 1049 588; x_wconf 80' lang='lat' dir='ltr'><strong>Aut</strong></span> <span class='ocrx_word' id='word_1_18' title='bbox 1079 530 1134 587; x_wconf 83' lang='lat' dir='ltr'><strong>eub</strong></span> <span class='ocrx_word' id='word_1_19' title='bbox 1165 528 1233 604; x_wconf 86' lang='lat' dir='ltr'><strong>ipeo</strong></span> <span class='ocrx_word' id='word_1_20' title='bbox 1263 527 1315 585; x_wconf 91' lang='lat' dir='ltr'><strong>illo</strong></span> 
     </span>
     <span class='ocr_line' id='line_1_4' title="bbox 246 633 1316 712; baseline -0.007 -16"><span class='ocrx_word' id='word_1_21' title='bbox 246 639 363 696; x_wconf 90' lang='lat' dir='ltr'><strong>nomine</strong></span> <span class='ocrx_word' id='word_1_22' title='bbox 383 654 520 694; x_wconf 76' lang='lat' dir='ltr'><strong>uumerus</strong></span> <span class='ocrx_word' id='word_1_23' title='bbox 540 635 633 693; x_wconf 76' lang='lat' dir='ltr'><strong>intere</strong></span> <span class='ocrx_word' id='word_1_24' title='bbox 654 635 770 694; x_wconf 83' lang='lat' dir='ltr'><strong>videtur</strong></span> <span class='ocrx_word' id='word_1_25' title='bbox 798 636 1049 712; x_wconf 74' lang='lat' dir='ltr'><strong>(Epirotarum</strong></span> <span class='ocrx_word' id='word_1_26' title='bbox 1070 633 1316 710; x_wconf 81' lang='lat' dir='ltr'><strong>quingentoe)</strong></span> 
     </span>
     <span class='ocr_line' id='line_1_5' title="bbox 245 739 1263 817; baseline -0.002 -14"><span class='ocrx_word' id='word_1_27' title='bbox 245 752 296 802; x_wconf 81' lang='lat' dir='ltr'><strong>eut</strong></span> <span class='ocrx_word' id='word_1_28' title='bbox 319 743 462 802; x_wconf 69' lang='lat' dir='ltr'><strong>exoidim</strong></span> <span class='ocrx_word' id='word_1_29' title='bbox 484 741 561 816; x_wconf 86' lang='lat' dir='ltr'><strong>(qui</strong></span> <span class='ocrx_word' id='word_1_30' title='bbox 584 773 596 798; x_wconf 79' lang='grc'><strong>.</strong></span> <span class='ocrx_word' id='word_1_31' title='bbox 618 759 662 798; x_wconf 82' lang='lat' dir='ltr'><strong>ex</strong></span> <span class='ocrx_word' id='word_1_32' title='bbox 684 739 923 816; x_wconf 81' lang='lat' dir='ltr'><strong>Epiroternm</strong></span> <span class='ocrx_word' id='word_1_33' title='bbox 949 749 1057 817; x_wconf 84' lang='lat' dir='ltr'><strong>gente</strong></span> <span class='ocrx_word' id='word_1_34' title='bbox 1076 739 1263 812; x_wconf 81' lang='lat' dir='ltr'><strong>hebebet).</strong></span> 
     </span>
    </p>
   </div>
   <div class='ocr_carea' id='block_1_3' title="bbox 657 1165 895 1239">
    <p class='ocr_par' dir='ltr' id='par_1_3' title="bbox 657 1165 895 1239">
     <span class='ocr_line' id='line_1_6' title="bbox 657 1165 895 1239; baseline 0 -1"><span class='ocrx_word' id='word_1_35' title='bbox 657 1165 736 1238; x_wconf 93' lang='lat' dir='ltr'><strong>Lib.</strong></span> <span class='ocrx_word' id='word_1_36' title='bbox 757 1165 895 1239; x_wconf 86' lang='lat' dir='ltr'>XLIV.</span> 
     </span>
    </p>
   </div>
   <div class='ocr_carea' id='block_1_4' title="bbox 246 1367 1316 3234">
    <p class='ocr_par' dir='ltr' id='par_1_4' title="bbox 246 1367 1316 3234">
     <span class='ocr_line' id='line_1_7' title="bbox 329 1367 1316 1446; baseline -0.001 -17"><span class='ocrx_word' id='word_1_37' title='bbox 329 1367 403 1446; x_wconf 85' lang='lat' dir='ltr'><strong>Cep.</strong></span> <span class='ocrx_word' id='word_1_38' title='bbox 426 1372 455 1440; x_wconf 77' lang='lat'><strong>2,</strong></span> <span class='ocrx_word' id='word_1_39' title='bbox 478 1375 510 1428; x_wconf 79' lang='lat'><strong>⁴:</strong></span> <span class='ocrx_word' id='word_1_40' title='bbox 544 1369 706 1428; x_wconf 70' lang='lat' dir='ltr'><strong>Pretore</strong></span> <span class='ocrx_word' id='word_1_41' title='bbox 741 1369 789 1444; x_wconf 86' lang='lat'><strong>(0.</strong></span> <span class='ocrx_word' id='word_1_42' title='bbox 819 1369 943 1442; x_wconf 66' lang='lat' dir='ltr'><strong>Marcio,</strong></span> <span class='ocrx_word' id='word_1_43' title='bbox 975 1369 1026 1444; x_wconf 86' lang='lat' dir='ltr'><strong>qui</strong></span> <span class='ocrx_word' id='word_1_44' title='bbox 1056 1387 1075 1426; x_wconf 86' lang='lat' dir='ltr'><strong>e</strong></span> <span class='ocrx_word' id='word_1_45' title='bbox 1106 1367 1251 1428; x_wconf 75' lang='lat' dir='ltr'><strong>Chuldde</strong></span> <span class='ocrx_word' id='word_1_46' title='bbox 1284 1370 1316 1427; x_wconf 93' lang='lat' dir='ltr'><strong>in</strong></span> 
     </span>
     <span class='ocr_line' id='line_1_8' title="bbox 247 1473 1315 1550; baseline -0.001 -18"><span class='ocrx_word' id='word_1_47' title='bbox 247 1475 431 1532; x_wconf 73' lang='lat' dir='ltr'><strong>Theeeelium</strong></span> <span class='ocrx_word' id='word_1_48' title='bbox 453 1485 584 1546; x_wconf 80' lang='lat' dir='ltr'><strong>venerut,</strong></span> <span class='ocrx_word' id='word_1_49' title='bbox 605 1485 637 1532; x_wconf 90' lang='lat' dir='ltr'><strong>ut</strong></span> <span class='ocrx_word' id='word_1_50' title='bbox 661 1475 783 1533; x_wconf 73' lang='lat' dir='ltr'><strong>oonsilio</strong></span> <span class='ocrx_word' id='word_1_51' title='bbox 815 1477 852 1533; x_wconf 87' lang='lat' dir='ltr'><strong>de</strong></span> <span class='ocrx_word' id='word_1_52' title='bbox 881 1475 959 1534; x_wconf 86' lang='lat' dir='ltr'><strong>bello</strong></span> <span class='ocrx_word' id='word_1_53' title='bbox 989 1474 1116 1550; x_wconf 82' lang='lat' dir='ltr'><strong>gerendo</strong></span> <span class='ocrx_word' id='word_1_54' title='bbox 1146 1473 1315 1549; x_wconf 68' lang='lat' dir='ltr'><strong>interesset)</strong></span> 
     </span>
     <span class='ocr_line' id='line_1_9' title="bbox 246 1579 1314 1657; baseline 0 -21"><span class='ocrx_word' id='word_1_55' title='bbox 246 1579 417 1650; x_wconf 75' lang='lat' dir='ltr'><strong>dimisso,</strong></span> <span class='ocrx_word' id='word_1_56' title='bbox 459 1581 590 1638; x_wconf 85' lang='lat' dir='ltr'><strong>uoueul</strong></span> <span class='ocrx_word' id='word_1_57' title='bbox 629 1579 681 1654; x_wconf 85' lang='lat' dir='ltr'><strong>(Q.</strong></span> <span class='ocrx_word' id='word_1_58' title='bbox 714 1581 845 1639; x_wconf 83' lang='lat' dir='ltr'><strong>Meruiue</strong></span> <span class='ocrx_word' id='word_1_59' title='bbox 876 1581 1052 1657; x_wconf 70' lang='lat' dir='ltr'><strong>Philippus),</strong></span> <span class='ocrx_word' id='word_1_60' title='bbox 1087 1589 1314 1637; x_wconf 80' lang='lat' dir='ltr'><strong>menstruum</strong></span> 
     </span>
     <span class='ocr_line' id='line_1_10' title="bbox 246 1685 1313 1762; baseline 0.001 -21"><span class='ocrx_word' id='word_1_61' title='bbox 246 1685 347 1742; x_wconf 88' lang='lat' dir='ltr'><strong>iueeo</strong></span> <span class='ocrx_word' id='word_1_62' title='bbox 375 1685 496 1743; x_wconf 90' lang='lat' dir='ltr'><strong>milite</strong></span> <span class='ocrx_word' id='word_1_63' title='bbox 527 1703 647 1744; x_wconf 86' lang='lat' dir='ltr'><strong>eeoum</strong></span> <span class='ocrx_word' id='word_1_64' title='bbox 678 1685 793 1756; x_wconf 80' lang='lat' dir='ltr'><strong>ferre,</strong></span> <span class='ocrx_word' id='word_1_65' title='bbox 832 1685 1024 1762; x_wconf 79' lang='lat' dir='ltr'><strong>profectus</strong></span> <span class='ocrx_word' id='word_1_66' title='bbox 1054 1685 1195 1743; x_wconf 84' lang='lat' dir='ltr'><strong>deoimo</strong></span> <span class='ocrx_word' id='word_1_67' title='bbox 1228 1697 1313 1760; x_wconf 82' lang='lat' dir='ltr'><strong>poet</strong></span> 
     </span>
     <span class='ocr_line' id='line_1_11' title="bbox 246 1789 1313 1867; baseline -0.004 -19"><span class='ocrx_word' id='word_1_68' title='bbox 246 1790 319 1862; x_wconf 82' lang='lat' dir='ltr'><strong>die,</strong></span> <span class='ocrx_word' id='word_1_69' title='bbox 341 1809 448 1865; x_wconf 88' lang='lat' dir='ltr'><strong>quem</strong></span> <span class='ocrx_word' id='word_1_70' title='bbox 469 1791 675 1849; x_wconf 83' lang='lat' dir='ltr'><strong>exereitum</strong></span> <span class='ocrx_word' id='word_1_71' title='bbox 698 1799 908 1867; x_wconf 78' lang='lat' dir='ltr'><strong>acceperut,</strong></span> <span class='ocrx_word' id='word_1_72' title='bbox 935 1799 1061 1848; x_wconf 82' lang='lat' dir='ltr'><strong>eostre</strong></span> <span class='ocrx_word' id='word_1_73' title='bbox 1091 1789 1217 1849; x_wconf 83' lang='lat' dir='ltr'><strong>movit.</strong></span> <span class='ocrx_word' id='word_1_74' title='bbox 1262 1789 1313 1847; x_wconf 77' lang='lat' dir='ltr'><strong>Ad</strong></span> 
     </span>
     <span class='ocr_line' id='line_1_12' title="bbox 248 1894 1313 1970; baseline -0.001 -18"><span class='ocrx_word' id='word_1_75' title='bbox 248 1905 467 1953; x_wconf 86' lang='lat' dir='ltr'><strong>menstruum</strong></span> <span class='ocrx_word' id='word_1_76' title='bbox 489 1897 627 1956; x_wconf 80' lang='lat' dir='ltr'><strong>Dukerun</strong></span> <span class='ocrx_word' id='word_1_77' title='bbox 647 1897 786 1956; x_wconf 77' lang='lat' dir='ltr'><strong>oduei-ibit</strong></span> <span class='ocrx_word' id='word_1_78' title='bbox 809 1895 1044 1954; x_wconf 76' lang='lat' dir='ltr'><strong>”frumentum</strong></span> <span class='ocrx_word' id='word_1_79' title='bbox 1064 1894 1206 1965; x_wconf 83' lang='lat' dir='ltr'><strong>eoilioet”‚</strong></span> <span class='ocrx_word' id='word_1_80' title='bbox 1241 1894 1313 1970; x_wconf 89' lang='lat' dir='ltr'><strong>Lip-</strong></span> 
     </span>
     <span class='ocr_line' id='line_1_13' title="bbox 246 1999 1312 2076; baseline 0 -20"><span class='ocrx_word' id='word_1_81' title='bbox 246 1999 321 2057; x_wconf 85' lang='lat' dir='ltr'><strong>eium</strong></span> <span class='ocrx_word' id='word_1_82' title='bbox 345 2009 375 2057; x_wconf 88' lang='lat' dir='ltr'><strong>et</strong></span> <span class='ocrx_word' id='word_1_83' title='bbox 385 2000 548 2060; x_wconf 85' lang='lat' dir='ltr'><strong>Suheelium</strong></span> <span class='ocrx_word' id='word_1_84' title='bbox 566 2013 700 2060; x_wconf 88' lang='lat' dir='ltr'><strong>enotoroe</strong></span> <span class='ocrx_word' id='word_1_85' title='bbox 720 2003 822 2074; x_wconf 76' lang='lat' dir='ltr'><strong>oileus,</strong></span> <span class='ocrx_word' id='word_1_86' title='bbox 836 2002 868 2060; x_wconf 88' lang='lat' dir='ltr'><strong>id</strong></span> <span class='ocrx_word' id='word_1_87' title='bbox 883 2001 1011 2076; x_wconf 70' lang='lat' dir='ltr'><strong>intelligi</strong></span> <span class='ocrx_word' id='word_1_88' title='bbox 1046 2001 1111 2060; x_wconf 86' lang='lat' dir='ltr'><strong>Neo</strong></span> <span class='ocrx_word' id='word_1_89' title='bbox 1127 1999 1264 2076; x_wconf 85' lang='lat' dir='ltr'><strong>proleoto</strong></span> <span class='ocrx_word' id='word_1_90' title='bbox 1281 1999 1312 2056; x_wconf 85' lang='lat' dir='ltr'><strong>id</strong></span> 
     </span>
     <span class='ocr_line' id='line_1_14' title="bbox 247 2104 1312 2184; baseline 0 -22"><span class='ocrx_word' id='word_1_91' title='bbox 247 2104 366 2164; x_wconf 89' lang='lat' dir='ltr'><strong>dubium</strong></span> <span class='ocrx_word' id='word_1_92' title='bbox 388 2115 449 2176; x_wconf 84' lang='lat' dir='ltr'><strong>eet;</strong></span> <span class='ocrx_word' id='word_1_93' title='bbox 478 2108 530 2165; x_wconf 82' lang='lat' dir='ltr'><strong>eod</strong></span> <span class='ocrx_word' id='word_1_94' title='bbox 552 2127 730 2184; x_wconf 82' lang='lat' dir='ltr'><strong>quemquem</strong></span> <span class='ocrx_word' id='word_1_95' title='bbox 751 2107 888 2184; x_wconf 65' lang='lat' dir='ltr'><strong>nequent</strong></span> <span class='ocrx_word' id='word_1_96' title='bbox 907 2116 952 2164; x_wconf 86' lang='lat' dir='ltr'><strong>eet</strong></span> <span class='ocrx_word' id='word_1_97' title='bbox 972 2115 1002 2163; x_wconf 84' lang='lat' dir='ltr'><strong>et</strong></span> <span class='ocrx_word' id='word_1_98' title='bbox 1022 2105 1160 2164; x_wconf 85' lang='lat' dir='ltr'><strong>fiumeuti</strong></span> <span class='ocrx_word' id='word_1_99' title='bbox 1180 2115 1211 2162; x_wconf 90' lang='lat' dir='ltr'><strong>et</strong></span> <span class='ocrx_word' id='word_1_100' title='bbox 1231 2105 1312 2163; x_wconf 71' lang='lat' dir='ltr'><strong>orbu-</strong></span> 
     </span>
     <span class='ocr_line' id='line_1_15' title="bbox 248 2210 1312 2290; baseline 0 -22"><span class='ocrx_word' id='word_1_101' title='bbox 248 2211 356 2268; x_wconf 82' lang='lat' dir='ltr'><strong>rioruur</strong></span> <span class='ocrx_word' id='word_1_102' title='bbox 388 2231 407 2268; x_wconf 82' lang='lat' dir='ltr'><strong>o</strong></span> <span class='ocrx_word' id='word_1_103' title='bbox 436 2211 575 2270; x_wconf 77' lang='lat' dir='ltr'><strong>militibus</strong></span> <span class='ocrx_word' id='word_1_104' title='bbox 596 2223 779 2290; x_wconf 73' lang='lat' dir='ltr'><strong>portatorum</strong></span> <span class='ocrx_word' id='word_1_105' title='bbox 801 2212 918 2282; x_wconf 85' lang='lat' dir='ltr'><strong>mentio,</strong></span> <span class='ocrx_word' id='word_1_106' title='bbox 950 2210 1060 2268; x_wconf 79' lang='lat' dir='ltr'><strong>frmtre</strong></span> <span class='ocrx_word' id='word_1_107' title='bbox 1080 2221 1179 2268; x_wconf 78' lang='lat' dir='ltr'><strong>temen</strong></span> <span class='ocrx_word' id='word_1_108' title='bbox 1201 2229 1312 2286; x_wconf 70' lang='lat' dir='ltr'><strong>quero,</strong></span> 
     </span>
     <span class='ocr_line' id='line_1_16' title="bbox 248 2315 1313 2390; baseline 0 -19"><span class='ocrx_word' id='word_1_109' title='bbox 248 2315 299 2390; x_wconf 91' lang='lat' dir='ltr'><strong>qui</strong></span> <span class='ocrx_word' id='word_1_110' title='bbox 322 2315 364 2372; x_wconf 80' lang='lat' dir='ltr'><strong>sio</strong></span> <span class='ocrx_word' id='word_1_111' title='bbox 393 2327 618 2375; x_wconf 77' lang='lat' dir='ltr'><strong>menstruum</strong></span> <span class='ocrx_word' id='word_1_112' title='bbox 649 2317 756 2376; x_wconf 82' lang='lat' dir='ltr'><strong>dixerit</strong></span> <span class='ocrx_word' id='word_1_113' title='bbox 781 2317 843 2374; x_wconf 85' lang='lat' dir='ltr'><strong>eine</strong></span> <span class='ocrx_word' id='word_1_114' title='bbox 871 2315 1064 2376; x_wconf 84' lang='lat' dir='ltr'><strong>eubetentivo.</strong></span> <span class='ocrx_word' id='word_1_115' title='bbox 1120 2315 1313 2390; x_wconf 90' lang='lat' dir='ltr'><strong>(Diurnum</strong></span> 
     </span>
     <span class='ocr_line' id='line_1_17' title="bbox 248 2420 1314 2499; baseline 0.001 -22"><span class='ocrx_word' id='word_1_116' title='bbox 248 2421 417 2496; x_wconf 82' lang='lat' dir='ltr'><strong>occipere</strong></span> <span class='ocrx_word' id='word_1_117' title='bbox 438 2422 475 2480; x_wconf 88' lang='lat' dir='ltr'><strong>de</strong></span> <span class='ocrx_word' id='word_1_118' title='bbox 499 2422 609 2493; x_wconf 70' lang='lat' dir='ltr'><strong>oemio,</strong></span> <span class='ocrx_word' id='word_1_119' title='bbox 638 2423 758 2499; x_wconf 92' lang='lat' dir='ltr'><strong>proprio</strong></span> <span class='ocrx_word' id='word_1_120' title='bbox 788 2422 888 2480; x_wconf 74' lang='lat' dir='ltr'><strong>addito</strong></span> <span class='ocrx_word' id='word_1_121' title='bbox 917 2423 1019 2493; x_wconf 79' lang='lat' dir='ltr'><strong>verbo,</strong></span> <span class='ocrx_word' id='word_1_122' title='bbox 1051 2421 1195 2482; x_wconf 82' lang='lat' dir='ltr'><strong>Senooem</strong></span> <span class='ocrx_word' id='word_1_123' title='bbox 1217 2420 1314 2479; x_wconf 85' lang='lat' dir='ltr'><strong>dioere</strong></span> 
     </span>
     <span class='ocr_line' id='line_1_18' title="bbox 247 2523 1313 2603; baseline -0.001 -20"><span class='ocrx_word' id='word_1_124' title='bbox 247 2524 330 2602; x_wconf 80' lang='lat' dir='ltr'><strong>seio.)</strong></span> <span class='ocrx_word' id='word_1_125' title='bbox 372 2526 478 2602; x_wconf 73' lang='lat' dir='ltr'><strong>Itaque</strong></span> <span class='ocrx_word' id='word_1_126' title='bbox 499 2545 559 2584; x_wconf 90' lang='lat' dir='ltr'><strong>uon</strong></span> <span class='ocrx_word' id='word_1_127' title='bbox 583 2527 694 2596; x_wconf 82' lang='lat' dir='ltr'><strong>dubito,</strong></span> <span class='ocrx_word' id='word_1_128' title='bbox 725 2527 795 2603; x_wconf 88' lang='lat' dir='ltr'><strong>quin</strong></span> <span class='ocrx_word' id='word_1_129' title='bbox 816 2527 912 2603; x_wconf 88' lang='lat' dir='ltr'><strong>ipeum</strong></span> <span class='ocrx_word' id='word_1_130' title='bbox 936 2526 1007 2585; x_wconf 83' lang='lat' dir='ltr'><strong>illud</strong></span> <span class='ocrx_word' id='word_1_131' title='bbox 1027 2527 1203 2586; x_wconf 84' lang='lat' dir='ltr'><strong>veoebulum</strong></span> <span class='ocrx_word' id='word_1_132' title='bbox 1225 2523 1313 2602; x_wconf 80' lang='lat' dir='ltr'><strong>(fru-</strong></span> 
     </span>
     <span class='ocr_line' id='line_1_19' title="bbox 248 2631 1314 2707; baseline 0 -19"><span class='ocrx_word' id='word_1_133' title='bbox 248 2633 415 2706; x_wconf 78' lang='lat' dir='ltr'><strong>mentum)</strong></span> <span class='ocrx_word' id='word_1_134' title='bbox 437 2641 505 2707; x_wconf 83' lang='lat' dir='ltr'><strong>poet</strong></span> <span class='ocrx_word' id='word_1_135' title='bbox 526 2641 749 2690; x_wconf 81' lang='lat' dir='ltr'><strong>menstruum</strong></span> <span class='ocrx_word' id='word_1_136' title='bbox 772 2632 911 2690; x_wconf 84' lang='lat' dir='ltr'><strong>exciderit</strong></span> <span class='ocrx_word' id='word_1_137' title='bbox 931 2633 970 2690; x_wconf 92' lang='lat' dir='ltr'><strong>ob</strong></span> <span class='ocrx_word' id='word_1_138' title='bbox 984 2631 1200 2690; x_wconf 82' lang='lat' dir='ltr'><strong>similitudinem</strong></span> <span class='ocrx_word' id='word_1_139' title='bbox 1222 2631 1314 2707; x_wconf 78' lang='lat' dir='ltr'><strong>sylle-</strong></span> 
     </span>
     <span class='ocr_line' id='line_1_20' title="bbox 249 2736 1314 2814; baseline 0.002 -20"><span class='ocrx_word' id='word_1_140' title='bbox 249 2736 352 2794; x_wconf 83' lang='lat' dir='ltr'><strong>berum</strong></span> <span class='ocrx_word' id='word_1_141' title='bbox 373 2745 539 2795; x_wconf 88' lang='lat' dir='ltr'><strong>mentum.</strong></span> <span class='ocrx_word' id='word_1_142' title='bbox 581 2737 659 2796; x_wconf 86' lang='lat' dir='ltr'><strong>Illud</strong></span> <span class='ocrx_word' id='word_1_143' title='bbox 679 2757 766 2796; x_wconf 87' lang='lat' dir='ltr'><strong>nemo</strong></span> <span class='ocrx_word' id='word_1_144' title='bbox 788 2737 893 2814; x_wconf 76' lang='lat' dir='ltr'><strong>attigit,</strong></span> <span class='ocrx_word' id='word_1_145' title='bbox 917 2737 988 2812; x_wconf 87' lang='lat' dir='ltr'><strong>quid</strong></span> <span class='ocrx_word' id='word_1_146' title='bbox 1008 2746 1094 2808; x_wconf 84' lang='lat' dir='ltr'><strong>eeeet,</strong></span> <span class='ocrx_word' id='word_1_147' title='bbox 1115 2739 1196 2812; x_wconf 87' lang='lat' dir='ltr'><strong>quod</strong></span> <span class='ocrx_word' id='word_1_148' title='bbox 1211 2738 1314 2796; x_wconf 86' lang='lat' dir='ltr'><strong>ooneul</strong></span> 
     </span>
     <span class='ocr_line' id='line_1_21' title="bbox 248 2841 1313 2918; baseline 0.001 -18"><span class='ocrx_word' id='word_1_149' title='bbox 248 2841 373 2917; x_wconf 84' lang='lat' dir='ltr'><strong>primum</strong></span> <span class='ocrx_word' id='word_1_150' title='bbox 403 2841 613 2918; x_wconf 81' lang='lat' dir='ltr'><strong>proiectus,</strong></span> <span class='ocrx_word' id='word_1_151' title='bbox 644 2843 748 2901; x_wconf 86' lang='lat' dir='ltr'><strong>deiude</strong></span> <span class='ocrx_word' id='word_1_152' title='bbox 773 2843 886 2900; x_wconf 81' lang='lat' dir='ltr'><strong>decimo</strong></span> <span class='ocrx_word' id='word_1_153' title='bbox 913 2843 960 2900; x_wconf 86' lang='lat' dir='ltr'><strong>dio</strong></span> <span class='ocrx_word' id='word_1_154' title='bbox 989 2851 1114 2901; x_wconf 87' lang='lat' dir='ltr'><strong>ouetre</strong></span> <span class='ocrx_word' id='word_1_155' title='bbox 1147 2845 1313 2902; x_wconf 82' lang='lat' dir='ltr'><strong>movieee</strong></span> 
     </span>
     <span class='ocr_line' id='line_1_22' title="bbox 250 2945 1314 3022; baseline 0.004 -20"><span class='ocrx_word' id='word_1_156' title='bbox 250 2945 408 3016; x_wconf 77' lang='lat' dir='ltr'><strong>diceretnr3</strong></span> <span class='ocrx_word' id='word_1_157' title='bbox 431 2965 486 3022; x_wconf 82' lang='lat' dir='ltr'><strong>ego</strong></span> <span class='ocrx_word' id='word_1_158' title='bbox 507 2965 601 3022; x_wconf 81' lang='lat' dir='ltr'><strong>unges</strong></span> <span class='ocrx_word' id='word_1_159' title='bbox 623 2966 687 3006; x_wconf 80' lang='lat' dir='ltr'><strong>eene</strong></span> <span class='ocrx_word' id='word_1_160' title='bbox 711 2948 791 3018; x_wconf 85' lang='lat' dir='ltr'><strong>dio03</strong></span> <span class='ocrx_word' id='word_1_161' title='bbox 813 2967 901 3006; x_wconf 79' lang='lat' dir='ltr'><strong>unum</strong></span> <span class='ocrx_word' id='word_1_162' title='bbox 916 2949 992 3006; x_wconf 88' lang='lat' dir='ltr'><strong>euim</strong></span> <span class='ocrx_word' id='word_1_163' title='bbox 1003 2968 1065 3006; x_wconf 90' lang='lat' dir='ltr'><strong>rem</strong></span> <span class='ocrx_word' id='word_1_164' title='bbox 1076 2966 1150 3007; x_wconf 76' lang='lat' dir='ltr'><strong>eene.</strong></span> <span class='ocrx_word' id='word_1_165' title='bbox 1181 2949 1314 3006; x_wconf 76' lang='lat' dir='ltr'><strong>Tenetur</strong></span> 
     </span>
     <span class='ocr_line' id='line_1_23' title="bbox 248 3049 1313 3130; baseline 0.002 -22"><span class='ocrx_word' id='word_1_166' title='bbox 248 3049 515 3110; x_wconf 74' lang='lat' dir='ltr'><strong>manifestissimum</strong></span> <span class='ocrx_word' id='word_1_167' title='bbox 530 3051 816 3128; x_wconf 79' lang='lat' dir='ltr'><strong>interpretamentum</strong></span> <span class='ocrx_word' id='word_1_168' title='bbox 838 3053 1057 3130; x_wconf 82' lang='lat' dir='ltr'><strong>(profectus)</strong></span> <span class='ocrx_word' id='word_1_169' title='bbox 1076 3053 1257 3128; x_wconf 70' lang='lat' dir='ltr'><strong>adsumptum</strong></span> <span class='ocrx_word' id='word_1_170' title='bbox 1276 3053 1313 3110; x_wconf 84' lang='lat' dir='ltr'><strong>ed</strong></span> 
     </span>
     <span class='ocr_line' id='line_1_24' title="bbox 250 3154 1313 3234; baseline 0.003 -21"><span class='ocrx_word' id='word_1_171' title='bbox 250 3155 392 3214; x_wconf 81' lang='lat' dir='ltr'><strong>decimo</strong></span> <span class='ocrx_word' id='word_1_172' title='bbox 406 3157 861 3234; x_wconf 84' lang='lat' dir='ltr'><strong>die,uouenimedvereo‚eequi</strong></span> <span class='ocrx_word' id='word_1_173' title='bbox 877 3167 1004 3217; x_wconf 79' lang='lat' dir='ltr'><strong>oestro</strong></span> <span class='ocrx_word' id='word_1_174' title='bbox 1022 3154 1176 3234; x_wconf 80' lang='lat' dir='ltr'><strong>movit¹)</strong></span> <span class='ocrx_word' id='word_1_175' title='bbox 1199 3157 1313 3216; x_wconf 82' lang='lat' dir='ltr'><strong>Eodem</strong></span> 
     </span>
    </p>
   </div>
   <div class='ocr_carea' id='block_1_5' title="bbox 249 3354 448 3365">
    <p class='ocr_par' dir='ltr' id='par_1_5' title="bbox 249 3354 448 3365">
     <span class='ocr_line' id='line_1_25' title="bbox 249 3354 448 3365; baseline 0.01 -3"><span class='ocrx_word' id='word_1_176' title='bbox 249 3354 448 3365; x_wconf 75' lang='lat'>...—</span> 
     </span>
    </p>
   </div>
   <div class='ocr_carea' id='block_1_6' title="bbox 268 3471 1314 4097">
    <p class='ocr_par' dir='ltr' id='par_1_6' title="bbox 268 3471 1314 4097">
     <span class='ocr_line' id='line_1_26' title="bbox 268 3471 1314 3545; baseline 0.002 -19"><span class='ocrx_word' id='word_1_177' title='bbox 268 3471 291 3540; x_wconf 75' lang='grc' dir='ltr'><strong>ι)</strong></span> <span class='ocrx_word' id='word_1_178' title='bbox 318 3475 370 3526; x_wconf 87' lang='lat' dir='ltr'><strong>Pro</strong></span> <span class='ocrx_word' id='word_1_179' title='bbox 387 3491 434 3538; x_wconf 86' lang='lat' dir='ltr'><strong>eo,</strong></span> <span class='ocrx_word' id='word_1_180' title='bbox 462 3478 532 3542; x_wconf 81' lang='lat' dir='ltr'><strong>qood</strong></span> <span class='ocrx_word' id='word_1_181' title='bbox 557 3480 674 3542; x_wconf 86' lang='lat' dir='ltr'><strong>requitur</strong></span> <span class='ocrx_word' id='word_1_182' title='bbox 698 3479 725 3542; x_wconf 67' lang='grc' dir='ltr'><strong>(ς</strong></span> <span class='ocrx_word' id='word_1_183' title='bbox 743 3478 783 3544; x_wconf 80' lang='lat'><strong>⁶)=</strong></span> <span class='ocrx_word' id='word_1_184' title='bbox 817 3493 925 3543; x_wconf 84' lang='lat' dir='ltr'><strong>quum,</strong></span> <span class='ocrx_word' id='word_1_185' title='bbox 952 3486 1163 3545; x_wconf 84' lang='lat' dir='ltr'><strong>exponerent</strong></span> <span class='ocrx_word' id='word_1_186' title='bbox 1185 3480 1219 3528; x_wconf 90' lang='lat' dir='ltr'><strong>iu</strong></span> <span class='ocrx_word' id='word_1_187' title='bbox 1238 3493 1314 3528; x_wconf 86' lang='lat' dir='ltr'><strong>oon·</strong></span> 
     </span>
     <span class='ocr_line' id='line_1_27' title="bbox 320 3567 1312 3636; baseline 0.004 -20"><span class='ocrx_word' id='word_1_188' title='bbox 320 3567 412 3629; x_wconf 79' lang='lat' dir='ltr'><strong>uilio,</strong></span> <span class='ocrx_word' id='word_1_189' title='bbox 429 3570 602 3635; x_wconf 81' lang='lat' dir='ltr'><strong>iueeieeet,</strong></span> <span class='ocrx_word' id='word_1_190' title='bbox 621 3573 764 3622; x_wconf 74' lang='lat' dir='ltr'><strong>rectissime</strong></span> <span class='ocrx_word' id='word_1_191' title='bbox 783 3570 927 3623; x_wconf 80' lang='lat' dir='ltr'><strong>Gronoviue</strong></span> <span class='ocrx_word' id='word_1_192' title='bbox 946 3581 972 3620; x_wconf 89' lang='lat' dir='ltr'><strong>et</strong></span> <span class='ocrx_word' id='word_1_193' title='bbox 991 3569 1126 3622; x_wconf 78' lang='lat' dir='ltr'><strong>creverim</strong></span> <span class='ocrx_word' id='word_1_194' title='bbox 1143 3585 1312 3636; x_wconf 83' lang='lat' dir='ltr'><strong>exponere</strong></span> 
     </span>
     <span class='ocr_line' id='line_1_28' title="bbox 319 3660 1312 3728; baseline 0.002 -19"><span class='ocrx_word' id='word_1_195' title='bbox 319 3660 370 3722; x_wconf 72' lang='lat' dir='ltr'><strong>legi</strong></span> <span class='ocrx_word' id='word_1_196' title='bbox 381 3661 524 3713; x_wconf 82' lang='lat' dir='ltr'><strong>voluerunt.</strong></span> <span class='ocrx_word' id='word_1_197' title='bbox 550 3662 676 3726; x_wconf 74' lang='lat' dir='ltr'><strong>Nequeiu</strong></span> <span class='ocrx_word' id='word_1_198' title='bbox 688 3664 732 3713; x_wconf 82' lang='lat' dir='ltr'><strong>teli</strong></span> <span class='ocrx_word' id='word_1_199' title='bbox 743 3679 771 3713; x_wconf 90' lang='lat' dir='ltr'><strong>re</strong></span> <span class='ocrx_word' id='word_1_200' title='bbox 783 3665 839 3728; x_wconf 91' lang='lat' dir='ltr'><strong>(ubi</strong></span> <span class='ocrx_word' id='word_1_201' title='bbox 857 3680 909 3716; x_wconf 90' lang='lat' dir='ltr'><strong>nou</strong></span> <span class='ocrx_word' id='word_1_202' title='bbox 924 3665 956 3714; x_wconf 87' lang='lat' dir='ltr'><strong>de</strong></span> <span class='ocrx_word' id='word_1_203' title='bbox 971 3665 1076 3714; x_wconf 78' lang='lat' dir='ltr'><strong>decreto</strong></span> <span class='ocrx_word' id='word_1_204' title='bbox 1092 3661 1190 3726; x_wconf 77' lang='lat' dir='ltr'><strong>egitur)</strong></span> <span class='ocrx_word' id='word_1_205' title='bbox 1210 3663 1312 3714; x_wconf 78' lang='lat' dir='ltr'><strong>Liviur:</strong></span> 
     </span>
     <span class='ocr_line' id='line_1_29' title="bbox 319 3751 1314 3821; baseline 0.003 -20"><span class='ocrx_word' id='word_1_206' title='bbox 319 3753 417 3802; x_wconf 88' lang='lat' dir='ltr'><strong>iubeo</strong></span> <span class='ocrx_word' id='word_1_207' title='bbox 435 3751 542 3804; x_wconf 81' lang='lat' dir='ltr'><strong>leniet</strong></span> <span class='ocrx_word' id='word_1_208' title='bbox 559 3757 630 3820; x_wconf 85' lang='lat' dir='ltr'><strong>quie</strong></span> <span class='ocrx_word' id='word_1_209' title='bbox 649 3756 712 3805; x_wconf 87' lang='lat' dir='ltr'><strong>dicit</strong></span> <span class='ocrx_word' id='word_1_210' title='bbox 733 3769 824 3821; x_wconf 88' lang='lat' dir='ltr'><strong>neque,</strong></span> <span class='ocrx_word' id='word_1_211' title='bbox 848 3757 869 3806; x_wconf 85' lang='lat' dir='ltr'><strong>ei</strong></span> <span class='ocrx_word' id='word_1_212' title='bbox 888 3757 925 3807; x_wconf 85' lang='lat' dir='ltr'><strong>ite</strong></span> <span class='ocrx_word' id='word_1_213' title='bbox 943 3757 1048 3818; x_wconf 82' lang='lat' dir='ltr'><strong>diceret,</strong></span> <span class='ocrx_word' id='word_1_214' title='bbox 1066 3755 1112 3805; x_wconf 89' lang='lat' dir='ltr'><strong>illo</strong></span> <span class='ocrx_word' id='word_1_215' title='bbox 1128 3755 1218 3805; x_wconf 84' lang='lat' dir='ltr'><strong>ordine</strong></span> <span class='ocrx_word' id='word_1_216' title='bbox 1235 3756 1314 3805; x_wconf 83' lang='lat' dir='ltr'><strong>verbe</strong></span> 
     </span>
     <span class='ocr_line' id='line_1_30' title="bbox 319 3845 1314 3914; baseline 0.003 -21"><span class='ocrx_word' id='word_1_217' title='bbox 319 3845 455 3908; x_wconf 73' lang='lat' dir='ltr'><strong>poeniteret,</strong></span> <span class='ocrx_word' id='word_1_218' title='bbox 466 3855 502 3908; x_wconf 88' lang='lat' dir='ltr'><strong>ut,</strong></span> <span class='ocrx_word' id='word_1_219' title='bbox 511 3849 590 3898; x_wconf 80' lang='lat' dir='ltr'><strong>verbo</strong></span> <span class='ocrx_word' id='word_1_220' title='bbox 603 3855 810 3914; x_wconf 86' lang='lat' dir='ltr'><strong>exponerent</strong></span> <span class='ocrx_word' id='word_1_221' title='bbox 829 3849 946 3899; x_wconf 85' lang='lat' dir='ltr'><strong>eubieoto</strong></span> <span class='ocrx_word' id='word_1_222' title='bbox 957 3849 1090 3914; x_wconf 77' lang='lat' dir='ltr'><strong>particule</strong></span> <span class='ocrx_word' id='word_1_223' title='bbox 1102 3861 1204 3914; x_wconf 80' lang='lat' dir='ltr'><strong>quum,</strong></span> <span class='ocrx_word' id='word_1_224' title='bbox 1214 3862 1314 3898; x_wconf 75' lang='lat' dir='ltr'><strong>eumme</strong></span> 
     </span>
     <span class='ocr_line' id='line_1_31' title="bbox 320 3939 1312 4004; baseline 0.007 -21"><span class='ocrx_word' id='word_1_225' title='bbox 320 3943 435 3984; x_wconf 86' lang='lat' dir='ltr'><strong>oreretur</strong></span> <span class='ocrx_word' id='word_1_226' title='bbox 457 3939 621 4001; x_wconf 71' lang='lat' dir='ltr'><strong>ambiguitas.</strong></span> <span class='ocrx_word' id='word_1_227' title='bbox 667 3941 708 3991; x_wconf 91' lang='lat' dir='ltr'><strong>De</strong></span> <span class='ocrx_word' id='word_1_228' title='bbox 734 3940 863 4004; x_wconf 78' lang='lat' dir='ltr'><strong>frequenti</strong></span> <span class='ocrx_word' id='word_1_229' title='bbox 886 3941 913 3990; x_wconf 87' lang='lat' dir='ltr'><strong>in</strong></span> <span class='ocrx_word' id='word_1_230' title='bbox 931 3939 983 3990; x_wconf 72' lang='lat' dir='ltr'><strong>hoo</strong></span> <span class='ocrx_word' id='word_1_231' title='bbox 1001 3939 1090 3989; x_wconf 84' lang='lat' dir='ltr'><strong>oodioe</strong></span> <span class='ocrx_word' id='word_1_232' title='bbox 1108 3941 1201 3990; x_wconf 75' lang='lat' dir='ltr'><strong>errori·</strong></span> <span class='ocrx_word' id='word_1_233' title='bbox 1219 3953 1312 4004; x_wconf 73' lang='lat' dir='ltr'><strong>genere</strong></span> 
     </span>
     <span class='ocr_line' id='line_1_32' title="bbox 321 4025 1310 4097; baseline 0.008 -24"><span class='ocrx_word' id='word_1_234' title='bbox 321 4025 374 4073; x_wconf 81' lang='lat' dir='ltr'><strong>uixi</strong></span> <span class='ocrx_word' id='word_1_235' title='bbox 392 4028 425 4075; x_wconf 82' lang='lat' dir='ltr'><strong>ed</strong></span> <span class='ocrx_word' id='word_1_236' title='bbox 443 4027 527 4088; x_wconf 80' lang='lat' dir='ltr'>XLII,</span> <span class='ocrx_word' id='word_1_237' title='bbox 547 4035 580 4078; x_wconf 64' lang='grc' dir='ltr'><strong><em>Μ</em></strong></span> <span class='ocrx_word' id='word_1_238' title='bbox 598 4045 624 4094; x_wconf 91' lang='lat' dir='ltr'><strong>p.</strong></span> <span class='ocrx_word' id='word_1_239' title='bbox 645 4035 712 4092; x_wconf 72' lang='lat'><strong>5193</strong></span> <span class='ocrx_word' id='word_1_240' title='bbox 737 4033 779 4081; x_wconf 85' lang='lat' dir='ltr'><strong>hic</strong></span> <span class='ocrx_word' id='word_1_241' title='bbox 798 4033 901 4095; x_wconf 84' lang='lat' dir='ltr'><strong>quidem</strong></span> <span class='ocrx_word' id='word_1_242' title='bbox 921 4032 1017 4097; x_wconf 85' lang='lat' dir='ltr'><strong>duplex</strong></span> <span class='ocrx_word' id='word_1_243' title='bbox 1037 4033 1138 4083; x_wconf 69' lang='lat' dir='ltr'><strong>errandi</strong></span> <span class='ocrx_word' id='word_1_244' title='bbox 1156 4047 1236 4083; x_wconf 75' lang='lat' dir='ltr'><strong>oenoe</strong></span> <span class='ocrx_word' id='word_1_245' title='bbox 1255 4034 1310 4094; x_wconf 81' lang='lat' dir='ltr'><strong>luit,</strong></span> 
     </span>
    </p>
   </div>
   <div class='ocr_carea' id='block_1_7' title="bbox 0 0 1418 4640">
    <p class='ocr_par' dir='ltr' id='par_1_7' title="bbox 0 0 1418 4640">
     <span class='ocr_line' id='line_1_33' title="bbox 0 0 1418 4640; baseline 0 0"><span class='ocrx_word' id='word_1_246' title='bbox 0 0 1418 4640; x_wconf 95' lang='lat' dir='ltr'><strong> </strong></span> 
     </span>
    </p>
   </div>
  </div>
 </body>
</html>
