2822 4648
578 259 631 314 177
973 256 1028 303 nn.
1048 255 1098 306 rx,

65 435 169 494 formis
201 447 341 511 tanquam
365 435 487 493 diversis
509 435 659 492 vocabulis
681 435 849 504 coniunctis,
880 456 983 513 parurn
1007 457 1077 496 eene
1099 459 1134 496 eo

66 540 241 610 defenditur,
263 542 340 615 qnod
365 542 445 618 opud
467 540 631 598 Cornelium
652 543 798 616 Nepotem
820 543 965 620 Thrasyb.
991 549 1002 601 l
1028 545 1135 602 editur:

67 647 109 702 ed
131 647 233 704 vires
254 647 401 721 vimque
415 646 653 724 pugnantium
677 665 742 704 cum
753 646 1134 724 inanissimatautologia1).

68 751 138 808 vini
159 751 278 825 cibique
299 748 506 824 capacissimos
527 769 622 826 neque
643 753 787 810 viribus
809 772 903 828 neque
923 754 958 811 vi
981 757 1134 831 quisquam

68 859 112 921 tit:
133 857 187 914 sed
211 857 345 924 inderet,
367 853 468 910 Livius
484 865 590 926 tamen,
609 876 786 932 quamquem
803 857 832 914 in
854 858 1015 917 clarissimo
1035 862 1136 938 populi

69 963 197 1020 Romani
218 962 395 1037 imperatore
424 959 512 1018 etiam
535 963 664 1038 eorporis
691 964 720 1020 in
746 963 824 1020 omni
845 981 950 1039 genere
971 968 1136 1026 firmitatem

68 1067 150 1124 lama
173 1067 349 1124 celebratam
373 1069 657 1126 commemorandam
672 1079 797 1144 putaret,
819 1069 951 1145 profecto
973 1091 1030 1130 non
1052 1075 1137 1132 dobi-

70 1181 171 1241 tasset,
204 1191 241 1229 en
270 1171 382 1228 multa
404 1173 677 1231 exercitatione
708 1175 767 1231 vini
796 1175 910 1250 cibique
931 1179 1137 1254 capacissimos

70 1279 228 1340 evenisset:
261 1296 357 1352 neque
386 1278 460 1334 enirn
483 1286 543 1334 tem
574 1278 662 1336 foeda
691 1281 859 1338 exercitatio
888 1283 917 1338 in
940 1293 1063 1341 mentem
1089 1305 1138 1342 ve-

70 1384 170 1442 niaset.
221 1385 342 1440 Poterat
376 1383 502 1440 editores
531 1385 688 1444 admonere
717 1387 822 1444 citatus
854 1407 873 1444 a
896 1387 1138 1447 Drakenborehio

72 1491 216 1546 Zonaras.
243 1489 293 1562 qui
316 1489 387 1556 vll,
410 1491 448 1546 26
472 1489 622 1562 Papirium
654 1489 809 1550 Cursorem
833 1493 1009 1568 appellatum
1041 1495 1140 1552 scribit

73 1585 128 1656 dni
157 1616 195 1655 τε
231 1587 292 1672 τήν
323 1595 392 1664 ἕξιν
423 1581 482 1670 (ἦν
510 1584 575 1674 γάρ
605 1587 868 1674 ὃρομικώτατος)
899 1594 953 1658 καὶ
989 1589 1043 1657 dui
1074 1589 1139 1677 ιηίι

72 1695 221 1780 ιῖιικησιν
241 1695 303 1760 τοῦ
334 1695 475 1778 δρυμοῦ.
523 1700 629 1774 Itaque
651 1702 710 1760 Dio
733 1703 867 1774 Cassius,
897 1724 981 1780 quern
1009 1705 1141 1762 Zonaras

73 1806 217 1880 sequitur,
239 1804 362 1880 primum
378 1804 454 1862 Livii
470 1805 559 1862 verba
582 1806 623 1862 sie
645 1807 780 1866 distincta
799 1811 924 1886 legeret:
947 1809 1140 1867 victorem·

75 1931 144 1986 qne
180 1928 289 1968 cursu
322 1909 480 1967 omniurn
516 1911 636 1968 aetatie
669 1931 739 1970 num
771 1914 886 1972 fuisse
920 1913 1043 1972 ferunt
1080 1934 1140 1972 eeu

75 2019 161 2086 (nont
185 2016 310 2087 etaeu)
329 2015 463 2072 virium
486 2015 522 2072 vi
545 2035 606 2074 eeu
629 2019 902 2077 exercitatione
926 2022 1047 2091 multa,
1071 2022 1142 2079 eibi

75 2122 232 2196 vinique
267 2120 418 2178 eundern
449 2121 742 2196 capacissimum.
797 2125 917 2199 (Neque
937 2125 1078 2200 prolecto,
1111 2139 1143 2184 ut

74 2229 131 2286 hoc
157 2227 282 2298 eddam,
314 2226 413 2284 Livius
443 2245 602 2302 pronomen
636 2229 799 2301 eundem,
830 2248 888 2303 qno
918 2247 1002 2287 novae
1024 2232 1065 2288 rei
1090 2233 1141 2288 ad-

75 2335 185 2390 iunctio
218 2332 413 2406 significatur,
452 2332 481 2389 in
512 2332 653 2390 decimum
682 2334 777 2391 locum
806 2332 978 2412 reiecisset.)
1030 2337 1142 2394 Deinde

74 2458 134 2496 non
173 2437 307 2494 virium
343 2439 377 2494 vi
416 2437 496 2494 illam
534 2438 709 2496 celeritatem
743 2457 843 2496 eureus
879 2437 1011 2496 effectam
1043 2441 1143 2498 Livius

75 2551 212 2620 putaret,
234 2543 285 2599 sed
307 2561 462 2599 crurum.
513 2545 547 2600 In
578 2564 677 2602 eorum
709 2545 738 2602 vi
774 2555 802 2602 et
835 2547 941 2603 robore
972 2547 1067 2623 posite
1100 2557 1144 2603 est

76 2651 144 2720 ἕξις
166 2649 222 2705 viri
244 2637 509 2728 δρομικωτάιοιι.

166 2751 240 2829 Cep.
269 2757 321 2823 18,
358 2759 387 2811 ll
416 2755 457 2826 (in
480 2754 699 2828 comparatione
721 2755 884 2814 Alexandri
911 2765 939 2813 et
959 2757 1060 2832 populi
1081 2759 1144 2817 Ro·

76 2859 176 2929 mani,
204 2859 253 2916 ubi
275 2859 310 2915 de
332 2859 474 2917 varietate
503 2858 625 2917 fort—onae
647 2861 770 2936 agitur):
804 2861 897 2934 Quin
931 2871 966 2918 tu
989 2863 1144 2922 hominis

78 2981 158 3022 cum
179 2964 323 3021 bomine
357 2973 390 3020 et
419 2965 520 3022 duci·
551 2983 626 3022 oum
657 2967 745 3024 duee
767 2967 951 3024 fortunam
972 2987 1046 3026 enm
1069 2969 1145 3027 for·

78 3080 169 3126 tuna
199 3067 368 3126 confers?
415 3069 522 3126 ltlirum
552 3081 613 3140 eet,
644 3091 730 3146 quarn
760 3072 861 3128 inenee
894 3074 1049 3132 verborum
1083 3077 1146 3132 noni

77 3175 224 3232 interdum
258 3193 344 3232 eures
374 3186 547 3252 praetereant
582 3186 633 3233 aut
662 3177 759 3253 potius
793 3177 895 3234 litterae
928 3179 1028 3236 oculos
1063 3183 1146 3255 quoei

78 3280 224 3337 sententie
245 3280 321 3338 insit
377 3281 545 3338 Hominis
573 3280 756 3338 fortunam
789 3300 865 3339 curn
887 3283 1044 3341 hominis
1068 3286 1147 3343 for·

80 3397 175 3444 tuna
199 3379 371 3443 conferre
393 3387 463 3461 quid
487 3387 533 3454 sit,
565 3405 665 3444 omnes
687 3393 808 3454 norunt,
829 3403 942 3460 proque
965 3409 999 3446 eo
1022 3391 1147 3448 naturali

80 3489 211 3566 quodem
245 3491 385 3549 orationis
422 3492 565 3549 brevitate
599 3503 628 3549 et
656 3492 728 3568 iugo
757 3490 875 3566 genitivi
905 3493 974 3548 nudi
1010 3497 1147 3570 praeposi·

79 3595 156 3654 tioni
177 3595 299 3654 subiecti
321 3597 469 3654 substitui:
500 3598 657 3656 hominia
685 3597 871 3655 fortunam
903 3616 984 3656 cum
1006 3601 1149 3658 homine

79 3699 268 3770 conferre,
290 3701 392 3770 seiont,
416 3701 464 3776 qui
489 3701 591 3758 Latine
613 3712 642 3759 et
664 3702 768 3760 Graece
790 3702 963 3774 didicerunt3
988 3705 1057 3780 qnid
1079 3725 1149 3763 vero

81 3867 284 3880 ——-—-—-

99 3949 125 4018 ¹)
160 3951 459 4004 Scribendomvidetur=
485 3952 523 3999 ed
553 3953 637 4000 vires
666 3967 825 4016 urumque
843 3957 1076 4016 pugnantium
1104 3958 1152 4006 etri

155 4059 204 4110 pro
222 4045 319 4094 incerto
337 4043 422 4092 locum
442 4042 585 4106 relinquere
603 4051 716 4108 prettat.

111 4150 223 4190 mvtolt
237 4151 332 4188 llum.
342 4149 397 4186 lm.
922 4143 951 4187 12
