2826 4650
595 264 633 320 73
983 260 1040 310 ms.
1060 259 1110 308 111.

161 445 265 523 *Cap
290 449 340 518 23,
361 452 387 504 7.
431 447 574 504 Extrema
595 446 679 504 huius
705 445 808 520 cepitis
830 462 900 520 pars
930 445 971 501 sie
1000 425 1147 518 interpun-

63 552 174 625 gends
215 561 273 610 est:
316 553 451 610 Eodem
490 571 582 610 anno
623 551 787 608 descisse
822 550 1010 616 Antiates,
1054 549 1146 623 apud

64 657 279 732 plerosque
302 669 472 716 auctores
493 657 654 726 inveni03
678 654 934 714 L.Cornelium
957 656 992 713 id
1013 655 1145 712 bellum

63 763 243 838 gessisse
264 765 511 840 oppidumque
534 762 686 838 cepisse.
731 759 876 818 Certum
899 760 1091 817 affirmare
1107 791 1147 801 -

65 885 147 924 non
170 870 298 926 ausim.
342 869 449 928 Omnia
470 869 532 926 hoee
553 869 631 944 apud
652 867 807 944 plerosque
829 869 896 933 (hoe
917 874 969 932 est
991 874 1023 921 ut
1048 865 1147 922 Livius

65 973 134 1028 hoe
156 975 305 1032 vocabulo
326 975 431 1044 utitur,
452 994 511 1032 non
532 977 656 1050 paucos)
679 982 812 1031 auctores
834 972 997 1038 inveneram
1027 970 1063 1026 de
1085 989 1147 1026 onr-

66 1079 164 1136 nibus
191 1089 301 1136 certam
323 1079 546 1136 affirmationem
569 1077 698 1147 cohibet,
726 1079 803 1152 quod
827 1077 876 1134 alii
897 1077 1052 1151 scriptores
1074 1095 1168 1151 pne·v

66 1185 290 1244 termittebant.
343 1183 441 1258 Vulgo
463 1184 505 1240 sie
527 1183 670 1254 scribitur,
693 1194 831 1259 tanquam
855 1181 1044 1240 desectionem
1069 1182 1147 1257 apud

69 1301 215 1348 auctores
239 1299 498 1347 commemoratam
521 1289 677 1360 invenerit,
707 1290 743 1346 de
767 1290 802 1349 L.
826 1287 961 1348 Cornelio
990 1297 1018 1344 et
1039 1289 1147 1363 oppido

69 1406 166 1471 capto
190 1403 271 1470 (quse
291 1395 341 1452 nbi
362 1392 547 1471 invenerat?)
570 1394 718 1452 affirmare
739 1413 798 1451 non
817 1395 931 1451 endeat
967 1396 1026 1452 Res
1042 1394 1148 1469 pusilla

69 1513 135 1572 est3
158 1502 212 1558 sed
235 1502 372 1575 quoniam
391 1500 462 1558 talia
483 1501 567 1558 nobis
589 1501 762 1578 corrigenda
772 1500 877 1558 'relicte
891 1509 967 1569 sunt,
988 1519 1025 1556 ne
1040 1499 1070 1556 in
1084 1499 1147 1556 aliis

70 1608 196 1681 quidem
225 1608 298 1664 loeis
329 1607 428 1682 magni
455 1607 593 1681 ponderis
622 1625 685 1664 esse
712 1608 814 1677 debet,
847 1605 924 1680 quod
946 1624 1030 1664 nemo
1053 1605 1147 1662 adhuc

69 1708 243 1784 offendit¹).

162 1817 238 1894 Cep.
251 1820 301 1884 27,
317 1821 341 1886 l,
363 1817 419 1873 nisi
438 1817 502 1891 quis
524 1817 775 1887 demonstraverit,
798 1816 923 1882 Livium,
946 1817 982 1872 de
995 1816 1146 1890 Quinctiis,

73 1925 196 1990 Fabiis,
220 1923 352 1992 Maudio,
379 1922 475 1980 Furiis
498 1931 679 1993 narrantem,
700 1923 852 1998 patriciam
875 1921 1015 1996 originem
1038 1921 1147 1980 bellicae

73 2029 180 2085 virtuti
201 2028 378 2085 contrariam
397 2036 524 2102 putasse,
547 2030 661 2103 negabo
679 2047 744 2084 eum
768 2028 810 2084 ita
827 2027 990 2102 scripsisse:
1014 2029 1048 2087 L.
1060 2029 1146 2085 Tar·

74 2135 252 2210 quitinm‚
286 2133 452 2208 patricia
478 2133 613 2207 gentis,
644 2131 704 2190 sed
728 2133 803 2206 qui,
836 2150 944 2206 quum
962 2133 1147 2208 stipendia

75 2240 236 2316 pedibus
257 2247 411 2314 propter
431 2247 688 2314 paupertatem
710 2237 877 2306 fecisset,
910 2238 1007 2295 bello
1027 2251 1146 2297 tamen

74 2345 219 2418 primus
248 2345 355 2419 longe
377 2347 544 2402 Romanas
574 2344 778 2400 iuventutis
810 2343 958 2400 habitus
980 2354 1091 2414 esset,
1120 2355 1147 2402 et

75 2449 151 2506 illud
172 2449 355 2524 gentisset
377 2449 430 2521 (sic
452 2449 527 2506 enim
549 2449 578 2504 in
601 2449 700 2506 codiee
721 2449 879 2523 archetype
901 2450 1093 2524 scribebatur)
1110 2469 1147 2506 ex

74 2553 202 2628 gentis
225 2563 259 2611 et
280 2555 382 2612 littera
403 2575 417 2612 a
441 2554 635 2629 geminatione
652 2564 748 2611 ortum
762 2555 866 2624 dicam,
889 2556 967 2630 quod
986 2555 1014 2611 in
1026 2555 1140 2610 Voss!

77 2659 201 2734 legitur,
235 2671 312 2716 reete
338 2660 531 2716 emendatum.
589 2660 700 2730 Video,
734 2679 792 2735 quo
814 2670 932 2718 utantur
947 2659 1088 2726 artificio,
1117 2668 1148 2715 nt

77 2765 143 2822 sed
166 2765 274 2822 dictum
298 2775 415 2838 putetur
435 2775 556 2840 propter
575 2765 746 2840 interposita
767 2765 818 2822 illa
834 2767 870 2822 de
888 2765 1013 2841 pedestri
1031 2764 1147 2833 militia3

77 2871 131 2926 sed
144 2889 239 2945 neque
254 2872 283 2928 id
298 2871 326 2928 in
342 2871 552 2928 honorationis
568 2871 663 2928 forma
674 2869 752 2944 (sed
774 2871 850 2945 qui,
873 2889 976 2944 quum
994 2903 1040 2940 -‚
1059 2871 1146 2945 pede-

77 2977 148 3032 stris
180 2977 289 3034 militiae
319 2977 464 3034 mentione
494 2987 561 3050 post
588 2977 703 3033 demum
736 2977 928 3050 interposita}
960 2976 1090 3051 procedit
1119 2987 1147 3033 et-

78 3081 180 3138 omnia
202 3081 242 3138 ab
263 3081 344 3138 initio
373 3082 517 3156 pertinent
539 3083 576 3138 ed
598 3081 818 3151 declarandum,
852 3081 921 3156 quid
943 3081 971 3138 in
992 3081 1146 3156 Tarquitio

77 3189 199 3263 dignum
223 3197 304 3244 tanto
326 3189 437 3244 honere
458 3187 552 3258 fuerit,
575 3207 639 3244 non·
652 3188 690 3244 ad
705 3187 743 3257 id,
764 3187 842 3261 quod
863 3188 1038 3244 contrarium
1055 3187 1146 3244 videri

79 3377 107 3383 -.
120 3375 240 3382 ------.-
251 3373 280 3380 ..-

152 3475 288 3522 indicativo
307 3475 427 3532 haberet,
455 3485 590 3538 peccate
609 3473 716 3536 scripsit,
770 3472 924 3522 Peecetis
951 3475 976 3521 in
1000 3473 1146 3536 simpliciter

152 3566 265 3614 iubendo
288 3567 499 3630 exhortandoque
524 3581 606 3630 neque
630 3579 676 3630 per
698 3581 725 3614 se
748 3565 839 3614 Latine
868 3567 960 3615 dicitnr
984 3579 1065 3628 neque
1092 3565 1146 3614 nilo

152 3661 229 3707 modo
247 3659 302 3706 haeo
322 3659 437 3722 copulari
455 3669 573 3723 possuntt
597 3657 771 3707 imitemini
792 3685 821 3693 -
843 3667 873 3706 et
890 3659 1045 3722 peccetis.

100 3769 127 3836 ¹)
151 3775 191 3822 De
212 3792 234 3822 e.
255 3780 300 3828 24,
323 3779 353 3821 io
373 3774 426 3822 dixi
446 3771 541 3837 Opusc.
561 3773 645 3821 Acad.
664 3770 691 3819 11
716 3787 740 3835 p.
761 3777 809 3820 221
830 3775 961 3836 secutique
986 3779 1045 3821 sunt
1062 3770 1146 3820 Weis-

152 3867 303 3916 senbomiue
322 3875 348 3916 et
366 3867 495 3924 Horisius,
525 3865 567 3914 ille
586 3873 672 3914 tamen
691 3871 789 3913 tentata
811 3864 898 3928 eliqua
917 3864 1049 3929 pravitatis
1069 3877 1146 3913 excu-

152 3962 264 4018 satione,
283 3961 314 4008 de
333 3973 384 4023 qua
403 3960 456 4007 dixi
475 3960 501 4007 in
523 3957 672 4022 praefatione
691 3957 865 4018 grammatice
882 3956 981 4005 Latine
1000 3957 1100 4006 tertium
1120 3957 1146 4005 in

152 4052 289 4102 Germania
307 4051 382 4100 edita
400 4068 423 4116 p.
442 4050 502 4100 ΧΠ,
