2800 4646
577 291 637 350 408
937 291 994 342 Iaib.
1007 291 1135 347 XXXIV.

76 473 226 531 berteto
267 473 418 533 Grecis
455 473 633 531 adversus
673 473 885 551 Philippum
926 495 1135 553 gereremus

76 577 228 649 bellum,
259 597 334 638 cum
369 587 526 656 tyranno
556 578 754 638 instituere
783 582 1000 655 amicitiem,
1027 593 1062 644 et
1082 593 1135 663 ty·

75 703 194 742 renuo
216 703 335 760 quem,
365 684 425 760 qni
456 703 614 761 unquam
635 685 721 758 fnit,
754 688 952 748 saevissimo
983 689 1018 748 in
1039 707 1135 752 suos.

75 791 126 850 Sic
150 791 197 852 ed.
218 791 299 867 Meg.
322 799 351 848 et
371 791 414 862 B,
435 790 523 867 idque
543 791 797 851 Weissenbornius
824 796 988 867 revocavit3
1017 795 1134 857 Grono·
1189 811 1190 816 ’

74 898 141 955 vius
163 898 307 974 ceterique
328 905 498 968 tenuerant,
530 897 608 972 quod
634 897 664 954 in
691 898 861 975 vulgaribus
891 903 1037 962 codicibus
1064 903 1135 964 sori·

74 1003 155 1062 bitur
177 1012 206 1061 et
226 1003 255 1061 in
277 1002 450 1062 editionibus
474 1013 542 1061 ente
556 1003 774 1079 Mogtmtinsm:
796 1013 831 1063 et
851 1015 1007 1083 tyranno
1029 1027 1133 1085 quum

74 1109 136 1186 qui
158 1127 316 1185 umquem
337 1109 554 1180 saevissimo,
576 1109 684 1168 omisso
705 1109 785 1168 fuit.
831 1111 890 1170 Sed
905 1113 1004 1172 addito
1019 1133 1135 1191 quoque

74 1215 166 1274 verbo
188 1213 283 1274 oratio
304 1214 460 1274 manifesto
481 1214 588 1272 vitiosa
615 1224 667 1272 est.
717 1217 797 1274 Nam
819 1217 945 1292 positum
967 1219 1136 1296 simpliciter

72 1321 248 1380 adiectivum
279 1322 380 1398 augeri
415 1320 530 1379 adiecta
561 1339 615 1396 per
646 1339 751 1396 qnam
788 1323 1006 1398 comparatione
1038 1335 1135 1402 potest

74 1430 249 1502 (tyranno
279 1437 349 1486 tam
381 1445 491 1499 servo,
517 1444 621 1502 quam
650 1427 711 1502 qui
735 1445 891 1503 unquam
912 1430 1133 1490 sanissimus

72 1532 160 1602 Iuit3
184 1533 254 1604 vid,
275 1553 312 1591 ne
334 1534 363 1590 in
379 1541 496 1590 renota
511 1541 598 1591 testes
615 1533 801 1609 elonginquo
823 1551 977 1604 arcessam,
999 1533 1132 1596 Gramm.

71 1649 164 1697 noem.
187 1641 244 1698 Lat
275 1641 371 1710 §310
393 1657 423 1698 ιι.
447 1643 499 1711 4);
528 1639 625 1715 posito
655 1647 751 1696 autern
772 1639 837 1716 ipso
857 1639 1036 1716 superlativo
1054 1641 1133 1700 nulla

71 1765 140 1803 cum
167 1745 259 1804 altero
288 1743 468 1822 comparatio
502 1745 621 1821 adiungi
652 1751 750 1820 potest
783 1745 995 1818 (saevissimo
1027 1765 1131 1822 quam

70 1852 135 1927 qui
156 1855 242 1922 cet),
274 1859 455 1928 repugnante
483 1851 625 1909 sermonis
654 1859 775 1922 natura,
811 1851 942 1928 miroque
963 1871 1062 1912 errore
1082 1853 1132 1912 de·

70 1967 251 2018 monstretur
280 1967 419 2033 tanquam
453 1956 555 2028 simile,
593 1956 673 2032 quod
707 1956 746 2026 V,
778 1958 828 2030 25,
860 1959 877 2015 9
904 1957 1042 2036 scriptum
1074 1969 1132 2018 set:

68 2073 254 2141 grateque
275 2083 316 2123 ee
336 2081 408 2134 res,
436 2072 474 2121 ut
502 2083 578 2140 quae
608 2061 765 2143 maxime
792 2081 959 2139 unquam,
982 2065 1069 2138 iuit3
1091 2065 1132 2125 sic

70 2170 150 2228 enim
171 2169 428 2248 interpungendum
450 2188 513 2229 esse
535 2175 582 2240 (ut
601 2169 689 2246 piena
704 2167 798 2226 oratio
820 2169 870 2227 sit:
893 2179 1070 2247 grateque
1091 2191 1133 2230 ee

67 2293 128 2333 res
155 2273 236 2348 init,
264 2284 302 2334 ut
331 2294 407 2352 quas
436 2297 474 2336 ιιι.
497 2295 526 2334 u.
555 2283 663 2352 grata
691 2273 784 2347 fuit),
816 2285 939 2351 apparet
968 2297 1004 2335 ex
1033 2277 1131 2336 multis

67 2379 137 2439 aliis
157 2381 237 2454 locis,
257 2383 337 2441 velut
358 2381 548 2442 Ciceroniano
573 2381 623 2440 illo
645 2382 684 2439 ad
705 2381 790 2441 Fam.
813 2381 904 2452 XIII,
936 2384 993 2442 62:
1024 2390 1059 2440 te
1079 2381 1131 2440 sio

66 2486 189 2545 colam
211 2497 246 2545 et
266 2491 397 2548 tuebor
423 2499 585 2564 utquam
613 2486 913 2564 diligentissime,
935 2496 986 2546 ent
1006 2487 1130 2546 Livieno

67 2592 195 2664 XXIII,
211 2595 260 2665 49,
274 2597 325 2653 12:
348 2615 390 2654 ex
410 2594 621 2672 provincia,
635 2602 674 2652 ut
695 2611 770 2668 qnae
790 2593 944 2652 maxima
965 2595 1131 2666 omnium,

66 2697 160 2756 beili
189 2699 308 2760 avida.
362 2699 563 2778 superlativus
585 2709 697 2758 tantum
724 2701 865 2759 sententie
885 2701 1008 2759 relativa
1029 2700 1067 2759 ad
1087 2699 1132 2777 ip·

67 2823 136 2862 eum
167 2805 281 2864 adiecta
302 2805 402 2880 augeri
434 2813 540 2881 potest,
568 2805 809 2882 scribendumque
838 2807 1001 2867 necessario
1023 2816 1132 2867 estrat

32 2891 41 2910 ⁰
67 2923 244 2987 tyranno,
266 2911 325 2987 qui
347 2929 501 2986 unquam
522 2909 607 2982 iuit,
628 2912 846 2985 sevissim03
873 2915 993 2973 verbum
1015 2914 1131 2992 quidem

67 2993 178 3076 in'hac
199 3015 340 3076 sententis
371 3016 494 3074 relativa
523 3017 616 3075 omitti
645 3037 703 3076 non
734 3027 839 3096 potest
887 3020 1016 3098 (Medius
1041 3021 1072 3080 iu
1097 3023 1132 3084 Μ

66 3123 171 3182 scribit
192 3141 297 3198 quam
320 3141 379 3181 non
401 3141 473 3180 esse.
530 3123 590 3183 Sed
619 3143 686 3182 euru
708 3125 807 3184 codice
834 3126 929 3204 ipsum
952 3145 1036 3187 usum
1057 3145 1131 3200 esse,

66 3238 149 3288 recte
180 3229 445 3301 Drakenborchius,
482 3229 541 3291 vol.
574 3231 646 3303 VII,
678 3251 707 3308 p.
740 3233 838 3304 XLV,
870 3251 978 3310 negare
1009 3233 1131 3297 videtur.

68 3335 252 3394 Cerbeclrius
273 3345 400 3394 tantum:
428 3337 487 3412 qni
520 3355 675 3412 unquam
705 3337 776 3397 Iuit
796 3359 866 3416 pro:
887 3339 947 3414 qui
977 3357 1131 3416 unquam

68 3443 251 3515 adnotavit)

155 3545 228 3624 Cap.
252 3549 300 3618 35,
325 3551 342 3604 4
366 3545 406 3622 (in
428 3547 647 3606 condicionibus
667 3549 749 3624 pacis
771 3548 920 3606 Nabidis
942 3549 979 3608 T.
995 3549 1131 3623 Quinctio

67 3653 213 3730 scriptis):
234 3671 423 3728 vacuaque
444 3661 478 3710 et
499 3653 621 3712 libera
643 3655 732 3730 (Argi
748 3655 923 3731 oppidaque,
945 3673 1009 3730 qua
1026 3655 1055 3712 in
1071 3657 1132 3714 Ar·

67 3757 205 3835 givorum
221 3777 292 3835 agro
312 3765 422 3830 essent)
447 3759 686 3818 truderentur
706 3759 892 3832 Romanis,
915 3768 952 3819 et
972 3779 1014 3818 ne
1036 3761 1131 3836 quod

68 3863 159 3922 inde
185 3863 401 3940 mancipium
427 3865 565 3940 regium
593 3865 828 3942 publicumve
860 3875 922 3924 aut
948 3865 1131 3944 privatum

68 3971 301 4042 educeretur;
347 3971 380 4029 ei
409 3989 481 4047 qua
514 3981 598 4030 aute
629 3971 762 4030 educta
791 3971 932 4043 forent,
975 3971 1132 4032 domiuIs

66 4087 171 4138 recte
191 4075 489 4138 restituerentur.
534 4075 672 4136 Pleniora
692 4079 754 4136 brec
775 4078 863 4136 babet
883 4077 932 4146 M,
961 4098 978 4135 e
999 4097 1058 4154 quo
1078 4097 1133 4156 pro
