2800 4646
288 271 347 320 Lib.
368 271 444 323 XXI.
757 273 817 328 228

254 456 308 525 ilii;
330 455 368 512 ad
396 457 472 512 hanc
494 455 754 530 interrogationem
773 452 845 510 nibil
866 454 990 528 pertinet
1011 454 1094 512 unius
1117 452 1240 511 consulis
1263 451 1319 509 ad·

254 578 368 618 versum
392 560 551 636 proelium.
574 561 665 616 multo
688 559 783 616 minus
804 558 922 616 alterius
944 559 1070 616 consulis
1091 579 1129 616 ex
1150 557 1247 618 Sicilia
1271 577 1319 614 re-

253 667 380 738 vocatio,
401 684 475 740 quae,
498 676 529 722 nt
554 685 630 723 nunc
651 665 733 722 locus
755 663 899 735 scribitur,
920 665 995 722 iuter
1016 665 1194 722 calamitates
1216 683 1319 720 urime-

252 779 351 840 ratur‚
373 787 461 844 quum
484 789 588 846 reapse
619 771 694 828 inter
724 769 834 826 auxilia
855 767 950 828 fuerit.
1004 770 1053 828 Ad
1075 771 1136 828 basc
1160 767 1320 826 attendenti

254 875 436 951 perspicuum
461 877 510 944 fit,
544 875 710 950 comparari
740 875 815 932 inter
843 893 875 932 se
904 875 1081 950 superiorem
1113 875 1320 943 calamitatem,

254 998 364 1054 quum,
397 997 455 1036 tuno
487 987 598 1038 tantum
632 981 750 1039 consule
786 979 864 1038 victo
887 981 996 1055 aliquid
1025 990 1121 1038 tamen
1143 978 1322 1054 superfuerit

254 1085 316 1160 spei
350 1096 379 1142 et
411 1083 581 1161 copiarum,
617 1095 647 1141 et
677 1104 760 1153 earm
792 1105 857 1160 qum
885 1105 960 1144 nunc
990 1086 1195 1162 rempublicam
1228 1085 1321 1142 obru-

254 1191 318 1247 erit.
370 1190 437 1246 Hoc
459 1190 673 1257 animadverso,
696 1191 779 1247 simul
802 1191 919 1266 patefit,
954 1201 986 1248 ut
1007 1191 1081 1248 inter
1102 1209 1133 1246 se
1170 1190 1322 1246 contraria

254 1297 326 1353 sint:
363 1314 432 1352 uno
467 1296 629 1353 consule
668 1337 717 1356 ...
756 1296 857 1354 victo
895 1306 938 1354 et:
972 1297 1113 1353 duobus
1149 1295 1321 1352 consuli·

255 1403 319 1460 bus
448 1401 567 1470 victis,
591 1402 632 1457 sic
660 1401 721 1456 bec
743 1399 816 1456 duo:
840 1401 958 1458 altero
990 1418 1032 1456 ex
1055 1398 1189 1458 Sicilia
1210 1417 1320 1454 ravo·

254 1515 335 1564 cato
369 1515 410 1563 et:
445 1525 534 1580 quos
558 1507 653 1563 alios
675 1507 787 1562 duces
809 1515 862 1564 cet.
888 1507 930 1564 ita
951 1507 1096 1564 contraria
1118 1522 1181 1560 esse
1202 1503 1320 1570 debere,

256 1621 287 1668 ut
306 1613 335 1668 in
358 1611 450 1669 altero
471 1612 596 1686 praesidii
623 1610 744 1668 alicuius
764 1609 883 1683 reliqui,
913 1610 942 1666 in
969 1609 1060 1666 altero
1089 1609 1215 1666 omnium
1238 1609 1321 1666 dele·

254 1728 349 1775 torum
370 1735 424 1774 nec
447 1716 531 1774 ullius
553 1718 614 1791 spei
644 1717 750 1774 relictae
771 1715 943 1790 significatio
964 1715 1010 1772 sit.
1061 1715 1161 1789 Atque
1190 1714 1232 1771 sic
1255 1715 1322 1771 haec

256 1823 331 1879 inter
351 1841 383 1879 sc
404 1821 506 1880 referri
528 1833 553 1878 ct
582 1819 761 1897 comparari,
783 1821 934 1895 perspicue
956 1819 1111 1875 ostendunt
1131 1820 1195 1894 ipsa
1216 1821 1321 1890 verba,

254 1935 433 1985 revocato
456 1938 485 1984 et
506 1933 757 1984 arcessantur.
809 1925 973 2001 Scripserat
992 1923 1080 1998 igitur
1102 1923 1214 1982 Livius:
1237 1927 1321 1986 Uno

253 2031 404 2089 consule
426 2032 643 2090 ad'l'icinum
667 2031 776 2100 victo,
792 2027 1145 2092 altersmexSicilia
1165 2049 1319 2088 revoca-

253 2145 337 2206 lm
359 2137 499 2195 duobus
522 2136 755 2206 consulibus,
786 2136 929 2192 duobus
963 2133 1227 2192 consularibus
1254 2156 1320 2194 ex-

254 2243 437 2300 ercitibus
460 2243 581 2300 victis.
604 2260 693 2316 quos
717 2239 813 2297 alios
831 2241 951 2311 duces,
976 2259 1066 2314 quaa
1088 2239 1182 2296 alias
1203 2239 1320 2314 legio·

254 2367 434 2421 neeesse,
472 2345 834 2422 quaarcassantur?
881 2347 956 2404 Pon.
984 2345 1137 2402 Tioiueuse
1173 2343 1319 2420 Scipionis

254 2455 470 2512 incommodum
493 2453 696 2528 Sempronium
720 2452 827 2508 arcessi
849 2451 978 2526 potuisse
1000 2451 1111 2520 dicunt3
1134 2469 1218 2524 quem
1241 2471 1320 2508 nunc

254 2557 360 2637 posse?
408 2558 559 2616 Librarius
593 2558 747 2631 antiquus,
776 2555 919 2614 sententia
948 2555 1150 2630 rhetoricoque
1176 2556 1320 2614 orationis

255 2663 351 2722 forma
373 2681 431 2721 non
454 2664 668 2734 animadversa,
691 2663 830 2720 audacter
852 2661 946 2718 dicam
970 2680 1007 2716 an
1030 2659 1210 2718 domitans?
1231 2680 1320 2720 accu-

253 2770 364 2826 sativos
400 2769 474 2826 inter
510 2769 654 2826 ablativos
690 2767 877 2842 interpositos
912 2765 949 2822 ad
985 2767 1039 2822 bos
1070 2767 1319 2824 accommodavit:

253 2893 322 2930 uno
339 2905 370 2916 -
398 2873 508 2935 victo,
531 2875 651 2930 altero
674 2903 713 2914 -
737 2883 931 2942 revocato,
952 2872 1143 2928 duobus-
1159 2869 1318 2938 victis.¹)

337 2975 410 3052 Cap.
425 2977 716 3047 satzliannibm
733 3021 740 3038 .
755 3022 762 3036 .
777 2985 922 3034 ceteros
944 2975 1320 3036 confertosinmedia

253 3090 376 3138 castra
397 3081 539 3155 recepit
561 3081 805 3156 intentosque
827 3081 967 3156 signum
990 3082 1033 3138 ad
1055 3082 1318 3157 erumpendum

254 3225 432 3236 *un—.-.

270 3293 296 3362 ²)
318 3299 401 3350 Vetus
427 3301 481 3350 bac
509 3305 576 3365 apud
605 3317 645 3352 tnc
665 3304 811 3354 emendatio
832 3317 892 3352 casu
920 3305 986 3368 apud
1014 3304 1200 3367 Ingerslcvium
1220 3305 1319 3354 omissa

322 3403 369 3442 cst.
407 3391 477 3442 lnlra
502 3395 550 3442 hoe
573 3394 654 3457 capite
681 3396 709 3458 (ξ
730 3397 772 3457 10)
798 3395 879 3444 oratio
907 3395 943 3444 sic
971 3397 1177 3462 interpungeuda
1194 3404 1246 3446 est:
1277 3397 1317 3446 ld

321 3485 497 3548 emporium
526 3485 681 3534 Romanis
717 3485 854 3535 Gallico
881 3487 971 3538 bello
1002 3489 1126 3550 lucrer,
1157 3491 1317 3540 munitum

323 3575 398 3624 inde
417 3580 493 3636 tiron:
513 3577 623 3626 lucrat
641 3577 818 3636 munitum
841 3578 927 3642 inde)
953 3579 1058 3629 locum
1077 3580 1317 3646 frequentare·

323 3677 396 3715 rant
424 3669 544 3717 accola
570 3671 664 3718 mixti
697 3677 746 3718 cet.
793 3668 823 3717 lu
851 3671 1014 3722 munimentis
1033 3688 1109 3723 causa
1129 3673 1177 3723 luit
1195 3673 1318 3736 frequen-

321 3761 371 3806 tiae.
408 3759 450 3808 llx
467 3775 547 3824 prava
578 3761 781 3825 interpunctione
800 3769 905 3822 natum,
933 3765 1000 3826 quod
1020 3779 1033 3814 e
1052 3765 1221 3815 deterioribus
1239 3767 1315 3816 codd.

321 3851 381 3900 olim
416 3853 550 3900 edebatur:
581 3868 596 3899 a
623 3853 795 3913 Romanis3
829 3867 898 3901 nuuc
916 3853 957 3901 bic
981 3869 1083 3919 quoque
1101 3857 1214 3906 datiuum
1241 3857 1315 3906 illum

322 3945 453 4000 hebemus,
473 3947 515 4005 nui
533 3959 580 4008 pro
600 3946 639 3993 ab
657 3945 757 4008 positus
776 3944 880 4007 fingitur
898 3954 971 3994 extra
990 3961 1034 3996 eos
1053 3947 1124 4001 fines.
1155 3963 1220 4011 quos
1239 3949 1317 3998 huius

320 4036 405 4084 astatis
424 4051 499 4098 prosa
519 4037 601 4084 oratio
621 4037 734 4086 serravit
752 4037 916 4090 arsurumne.
