2810 4644
596 291 655 348 ³⁴5
988 289 1045 340 Lib.
1066 289 1151 352 m·
1231 290 1233 294 ’

98 471 236 549 populo
257 471 401 540 iretum,
429 471 523 546 quod
552 471 680 547 iniquo
703 472 839 531 iudicio
862 475 1039 549 quendem
1059 475 1152 532 dem·

97 586 207 636 uetus
236 587 346 648 esset3
377 586 412 636 et
441 577 477 635 in
509 577 629 654 pretio
661 579 753 637 selis
789 581 944 638 maxime
978 590 1152 639 onerates

96 684 234 754 tribus,
268 702 416 759 querum
448 702 560 759 opere
592 683 784 740 damnatus
816 693 908 753 eret,
941 686 1152 757 credebant,

96 799 259 848 extremum
286 791 406 848 verbum
436 809 455 846 e
484 789 568 847 Livio
602 808 661 846 non
692 807 756 846 esee
777 789 921 864 suspicor;
946 800 1024 849 certe
1043 792 1152 852 incom-

97 896 268 954 modissime
293 896 455 972 geminatur
490 893 598 971 (setis
626 895 825 953 credebant
856 941 885 954 ..
914 905 948 954 et
975 943 1003 956 ..
1034 901 1152 958 crede.

96 1003 209 1068 beot).
261 1003 414 1059 Postremo
446 1006 461 1071 ξ
488 1002 541 1070 ¹2,
573 1001 624 1058 ubi
645 1001 686 1059 sic
707 1000 854 1058 scribiturz
886 1002 982 1060 inter
1011 1007 1153 1064 nomine

96 1125 242 1177 eorum,
277 1125 366 1183 quoe
392 1105 543 1163 orarios
574 1105 828 1181 relinquebat,
865 1107 965 1165 dedit
999 1110 1153 1187 collegis

96 1231 240 1282 nomen,
272 1213 427 1270 videndum
448 1221 529 1289 puto,
557 1231 594 1269 ne
613 1230 715 1270 verum
737 1213 775 1270 sit
795 1213 923 1283 edidit3
955 1214 986 1271 id
1018 1216 1092 1273 enim
1123 1217 1152 1273 in

95 1318 150 1376 teli
171 1318 295 1376 hominis
321 1319 517 1377 nominatione
540 1327 591 1377 sut
611 1319 716 1376 indicio
738 1318 780 1376 rei
801 1319 949 1394 proprium
971 1337 1075 1377 nomen
1097 1333 1153 1391 θεῖς

95 1425 184 1481 dere
208 1443 334 1482 nomen
356 1425 462 1500 (suum)
484 1423 568 1482 aliter
588 1424 701 1486 dicitur.

482 1869 560 1944 Lib.
592 1869 722 1943 xiix.
740 1872 769 1969 ¹)

180 2073 253 2150 Cep.
279 2081 305 2146 4,
338 2081 354 2134 5
385 2077 449 2142 {ubi
479 2077 640 2152 legatorum
663 2075 861 2134 Romanorum
890 2076 968 2150 apud
990 2077 1151 2154 Syphacem

92 2199 194 2256 regem
217 2182 311 2240 cretio
342 2181 513 2257 indicetur):
541 2180 719 2250 Proinde,
747 2198 808 2237 seu
835 2181 906 2256 ipsi
937 2191 1060 2240 steret
1084 2185 1151 2244 iem

94 2289 281 2346 sententie
310 2307 372 2346 seu
402 2287 644 2346 consulendus
662 2287 877 2345 Hasdrubal
899 2295 934 2345 et
955 2285 1153 2366 Carthagi-

92 2392 401 2466 niensesessent‚
441 2393 656 2452 consuleret.
699 2392 786 2466 Quod
807 2413 860 2469 pro
893 2393 1017 2470 epodosi
1037 2396 1154 2470 ponitur

93 2499 322 2572 consuleret,
355 2501 437 2558 elteri
469 2509 580 2558 tantum
613 2499 773 2557 condicioni
795 2501 979 2576 respondere.
1000 2501 1038 2557 eb
1060 2501 1153 2560 altere

94 2605 173 2676 (seu
193 2605 267 2680 ipsi
291 2605 309 2662 i.
330 2617 371 2666 st.
395 2607 431 2680 s.)
466 2624 585 2682 prorsus
619 2606 743 2665 alienum
774 2623 850 2670 esse,
884 2605 1151 2666 Weissenbornium

94 2827 295 2837 ..ψ-...ῃ

114 2969 140 3037 ¹)
168 2973 198 3023 ln
215 2975 266 3024 hoc
285 2973 351 3025 libro
369 2976 452 3024 minus
469 2975 545 3040 plene
563 2983 679 3024 enotatas
706 2989 753 3024 uos
775 2974 870 3023 hebere
890 2975 984 3024 codicis
1003 2975 1024 3024 Ρ
1044 2977 1153 3042 seriptu-

167 3083 216 3126 rss,
236 3067 290 3116 dixi
309 3082 386 3131 suprs
399 3068 435 3132 (p.
455 3067 530 3130 204).
567 3065 701 3130 Inprimis
719 3067 777 3116 libri
796 3067 922 3131 capitibus
940 3067 1151 3133 compluissent,

167 3174 222 3223 qun
240 3175 483 3220 commemorarem,
507 3159 555 3209 nisi
574 3159 683 3208 instituti
708 3161 757 3208 mei
783 3161 848 3209 rstio
867 3175 907 3210 me
926 3160 960 3209 sb
978 3160 1016 3218 iis,
1035 3175 1091 3223 quse
1110 3161 1153 3210 slii

167 3253 218 3301 ism
244 3259 312 3301 recte
340 3253 561 3312 sdministrerunt,
581 3259 707 3301 evocaret.
754 3251 815 3302 Duo
846 3261 931 3302 umen
958 3263 1048 3318 preter
1069 3262 1153 3304 cetere

168 3346 274 3394 miratus
293 3358 357 3402 sum,
380 3345 488 3408 primum
508 3361 562 3409 cup.
579 3349 603 3405 2,
624 3349 635 3393 l
656 3359 703 3409 pro
721 3344 862 3394 certissime
878 3345 927 3394 hoc
946 3347 1077 3411 scripture,
1096 3361 1152 3410 que

166 3452 219 3486 uns
236 3436 433 3486 mniumlittere
450 3453 467 3486 e
490 3437 511 3486 Ρ
531 3437 650 3486 discedite
675 3445 706 3486 et
732 3437 819 3498 quie,
843 3450 882 3484 ne
908 3451 969 3500 qus
992 3439 1152 3502 (quiante-

167 3533 240 3594 que)
260 3529 383 3579 elsssis
407 3543 446 3578 ox
466 3529 585 3580 Airics
610 3531 800 3586 insisteret,
818 3526 872 3577 11,
891 3531 1029 3581 neribus
1048 3541 1152 3582 custo·

167 3623 231 3671 diri
245 3622 416 3686 placuerat
435 3623 561 3674 Sicilie
580 3639 682 3682 orem.
708 3622 828 3673 substitui
851 3621 963 3686 potuisse
987 3637 1003 3670 s
1021 3621 1153 3673 Weissen-

167 3715 259 3764 bomio
278 3715 351 3777 (nem
365 3713 561 3766 Alschefskium
573 3715 707 3781 noncuro)
725 3715 803 3764 hence
822 3713 957 3779 etquis,
977 3725 1152 3779 antequem

168 3807 286 3857 classis
311 3817 373 3868 etc..
399 3823 450 3872 qus
472 3809 536 3858 nihil
559 3810 700 3874 perversius
724 3807 785 3872 fingi
808 3815 905 3872 potest,
930 3822 1005 3871 quem
1030 3809 1152 3859 custodiri

168 3899 250 3949 iuberi
268 3915 348 3960 orsm,
366 3909 504 3965 cutequsm
516 3902 603 3951 hostes
616 3901 812 3964 aggredientem
831 3901 930 3962 deiude,
949 3917 971 3951 c.
990 3907 1015 3968 ³,
1034 3909 1050 3951 4
1066 3903 1151 3968 sperni

167 3993 280 4057 potuisse
299 3991 421 4043 Gronorii
439 3994 660 4044 emendationem:
679 3995 705 4044 si
724 3991 808 4043 torte
826 3993 887 4043 ism
908 3995 1012 4046 seties
1031 3995 1153 4046 smoris

167 4085 198 4134 in
217 4100 318 4135 uxore
337 4122 344 4135 .
361 4123 367 4136 .
387 4088 546 4151 cepisset,
565 4085 719 4152 retineriqus
737 4087 823 4136 sstis
837 4089 968 4137 smoris.
