2810 4644
597 281 654 338 337
955 276 1150 326 maxxvm.

100 473 265 538 rogaretur:
300 473 335 519 et
366 463 552 538 egregiam
579 463 688 520 istam
722 462 877 538 palmam
905 507 932 520 ..
961 462 1058 532 inde,
1090 463 1152 520 nbi

101 577 165 639 est,
185 569 301 644 petis?
342 568 453 626 Verum
481 568 546 644 ipso
575 569 627 626 ille
653 567 803 643 superiora
831 566 856 623 si
881 567 1000 642 propius
1020 567 1152 644 inspexe-

100 674 151 744 ris,
173 674 274 732 vitium
289 673 496 750 deprehendas.
539 677 629 734 Recte
639 673 891 731 Weissenbornius
911 653 974 732 inec
994 673 1152 731 dissolven-

101 778 170 836 dum
195 797 258 836 esse
279 779 320 836 ait
342 779 447 856 (Quin
563 779 775 855 accingeris
807 789 841 835 et
876 797 945 836 non
969 799 1034 856 per
1060 780 1151 837 istos

102 884 482 959 circuitus...potius
505 904 611 960 quem
643 895 744 942 recto
771 885 853 942 hinc
873 885 1152 947 itinere....in·

101 987 269 1068 tendisi).
330 989 388 1050 Sed
421 991 459 1048 ad
495 993 571 1050 hanc
604 991 877 1066 interrogationem:
907 990 1002 1065 Quin
1112 1011 1152 1049 eo

102 1095 237 1153 bellum
258 1095 441 1154 intendis?
463 1097 677 1155 accommodari
698 1095 769 1154 illud
797 1115 865 1154 non
886 1116 949 1173 per
969 1098 1062 1156 istos
1083 1099 1153 1156 cir·

102 1202 219 1258 cuitus
246 1201 324 1258 nullo
354 1203 441 1260 modo
463 1213 574 1280 potest,
596 1203 731 1278 quoniam
754 1203 819 1278 ipsa
837 1202 1041 1276 interrogatio,
1062 1201 1153 1259 direc-

101 1321 162 1366 tam
183 1308 260 1365 viam
282 1306 466 1382 significans,
490 1308 623 1366 circuitus
652 1307 786 1366 excludit.
827 1307 902 1365 Duae
928 1307 983 1364 illae
1003 1308 1154 1364 contrariae

102 1434 163 1471 rem
185 1414 364 1490 propositam
386 1413 491 1488 agendi
512 1415 585 1484 vise,
613 1433 677 1490 quus
705 1415 746 1470 ita
768 1423 988 1488 comparentur,
1010 1427 1042 1469 ut
1063 1413 1154 1470 altera

103 1520 167 1578 sola
187 1520 327 1597 probetur
348 1519 428 1596 (non
445 1562 474 1580 ..
497 1519 619 1595 potius
641 1527 765 1594 quam),
786 1518 816 1576 in
836 1518 1040 1592 interrogando
1052 1519 1154 1575 adiun-

102 1627 132 1702 gi
154 1626 294 1684 eiusmodi
315 1627 404 1684 verbo
427 1627 547 1696 debent,
575 1626 605 1683 in
627 1645 684 1700 quo
711 1626 775 1702 ipso
799 1643 857 1682 non
883 1624 954 1682 recti
974 1623 1082 1680 itineris
1104 1624 1155 1680 sed

103 1741 215 1790 tantum
236 1734 278 1791 rei
298 1733 454 1808 propositas
475 1732 645 1807 significatio
666 1733 741 1789 insit.
783 1731 831 1790 Ea
851 1741 946 1788 autem
967 1730 1154 1806 interrogatio

104 1837 154 1894 illa
174 1839 240 1914 ipsa
261 1849 313 1908 est,
335 1857 398 1914 quse
420 1849 549 1896 extremo
570 1838 635 1895 loco
657 1838 794 1914 ponitur:
826 1838 943 1914 (Quin)
973 1837 1155 1912 egregiam

104 1945 213 2001 istam
233 1943 387 2019 palmam
404 1943 585 2018 ...petis?
633 1944 891 2019 Quaepraecedunt,
911 1943 1053 2020 duplicem
1078 1944 1154 2000 mam

103 2069 138 2107 ac
159 2050 302 2107 rationem
323 2048 476 2107 continent.
523 2049 628 2124 Itaque
649 2049 690 2107 sic
713 2051 880 2108 scribendus
901 2059 979 2107 totus
997 2050 1077 2107 locus
1097 2061 1153 2107 est:

104 2155 198 2228 Quin
220 2155 426 2230 accingeris
448 2173 511 2211 nec
532 2155 573 2227 (id
595 2167 651 2212 est:
673 2167 716 2223 et,
738 2165 817 2220 non)
838 2175 903 2231 per·
924 2155 1155 2213 istoscircui·

105 2273 162 2318 tus
267 2261 389 2336 potius
413 2279 519 2334 quam
543 2273 644 2318 recto
667 2261 920 2330 hircilidem,
942 2261 1001 2316 ubi
1022 2261 1156 2318 Hanni·

106 2367 166 2424 bal
187 2377 262 2436 est,
283 2385 323 2424 so
345 2365 478 2424 bellum
502 2366 712 2438 intendens,
746 2367 927 2443 egregiam
949 2367 1058 2424 istam
1077 2365 1156 2440 pal·

106 2491 198 2530 mam
218 2473 308 2530 belli
329 2471 460 2530 Punici
480 2474 621 2548 patrati
641 2471 757 2548 potis?
791 2473 855 2530 Iam
883 2471 981 2528 omnia
1002 2481 1071 2546 apta
1094 2470 1157 2526 dure

105 2579 209 2636 litterae
225 2588 342 2636 mutatas
363 2577 512 2648 fecerunt,
540 2579 569 2636 in
592 2580 695 2655 quibus
726 2588 777 2636 aot
797 2577 972 2653 negligentis
993 2577 1157 2634 aberratum

106 2697 150 2744 est
172 2696 231 2756 aut,
252 2685 399 2742 sententiae
423 2683 567 2742 formast
589 2683 803 2742 continuatione
823 2703 882 2740 uon
904 2683 1057 2754 intellecta,
1080 2681 1158 2739 mela

106 2791 292 2850 correctione.
342 2791 422 2848 Inter
452 2809 483 2846 se
511 2790 685 2865 respondent
711 2807 774 2865 per
805 2789 982 2846 circuitus
1010 2799 1039 2846 et
1059 2799 1157 2846 recto

107 2897 252 2964 itinere;
275 2895 344 2952 illud
356 2895 519 2953 declaratur
540 2895 658 2952 adiectis
677 2895 735 2952 his:
758 2904 803 2964 ut,
825 2914 928 2970 quum
950 2895 1158 2953 inAlricam

111 3043 199 3070 ....,
218 3018 355 3076 speres,
379 3001 434 3058 hoc
455 3000 635 3076 oppositione
656 3000 801 3076 participii
827 3001 1026 3059 intendens.

190 3104 262 3180 Cap.
289 3108 347 3176 42,
372 3108 405 3163 3:
435 3106 638 3181 Expositos
660 3105 796 3164 milites
826 3127 890 3182 per
910 3107 1096 3164 tutissima
1116 3109 1159 3164 ad

106 3212 228 3269 socios
256 3221 291 3268 et
319 3211 458 3268 amicos
488 3211 618 3287 populi
647 3213 708 3270 Ro.
736 3213 983 3273 Tarraconem
1012 3214 1159 3271 duxisti.

107 3317 157 3377 Sic
165 3317 289 3386 codices,
299 3335 372 3392 quos
384 3316 433 3390 qui
444 3336 536 3392 nuper
551 3329 665 3376 secutus
688 3320 830 3391 sst‚(nam
840 3330 926 3377 entes
940 3319 1079 3376 edebatur
1098 3338 1160 3395 per

105 3423 297 3480 tutissimo
317 3423 456 3496 omnim)
479 3423 541 3498 ipse
565 3425 687 3482 ornnia
709 3443 762 3482 usu
791 3402 927 3499 loquendi
947 3425 1071 3500 flagitari
1092 3443 1160 3500 pro·

107 3549 145 3606 pe
166 3528 310 3598 concedit;
331 3547 398 3586 nam
424 3530 501 3603 quod
523 3529 645 3602 XXIX,
668 3533 695 3607 2,
722 3536 758 3589 10
782 3531 907 3588 advocat
928 3541 1020 3600 (tuta
1043 3533 1085 3590 ab
1106 3533 1160 3588 lae·

108 3653 152 3692 vo
174 3635 275 3706 ease),
297 3633 389 3692 simile
410 3653 468 3691 non
490 3645 548 3704 est;
569 3655 635 3693 nam
660 3638 728 3713 quid
751 3638 788 3694 sit
809 3637 872 3708 tuti,
896 3637 1073 3712 significatur
1095 3656 1159 3695 ver·

107 3741 152 3798 bis
174 3741 217 3798 ab
239 3723 329 3797 latro
351 3742 409 3828 (res
434 3741 462 3797 in
484 3741 556 3799 laevo
580 3760 670 3800 cornu
691 3753 769 3800 tutes
791 3745 876 3816 esse).
920 3743 977 3802 Sed
998 3744 1160 3801 nonminus

57 3848 60 3856 '
107 3848 146 3904 ab
168 3865 222 3906 usu
243 3845 379 3921 loquendi
411 3846 549 3904 abhorret
575 3849 777 3924 superlativus.
834 3850 939 3925 ltaque
960 3847 1053 3906 diviso
1074 3867 1160 3907 voca-

108 3952 196 4022 bulo,
229 3952 307 4028 quod
328 3970 364 4009 ex
386 3953 499 4010 duobus
522 3953 647 4024 coaluit,
674 3955 870 4014 scribendum:
892 3974 957 4032 per
989 3965 1068 4012 tuta
1089 3975 1160 4014 om-

137 4177 245 4216 nollet!
260 4177 354 4214 sanan.
371 4177 426 4215 tm.
930 4197 962 4240 22
