2820 4646
226 209 374 311 uremur.
552 237 556 244 '
735 262 795 321 sto

311 441 386 520 Cep.
421 445 478 514 43,
514 447 566 502 1οε
596 444 791 521 Reliquum
821 466 866 504 ex
897 445 1054 522 illyrico
1084 445 1211 521 prede
1233 445 1299 503 du·

228 549 327 607 ceuti
355 548 490 625 viginti
519 547 628 606 lembi
658 559 776 621 eront3
806 551 849 610 de
879 551 1016 612 Gentio
1049 569 1134 626 rege
1163 560 1299 626 coptos

228 673 288 712 eos
313 653 520 732 Corcyraeis
542 663 578 712 et
600 655 909 732 Apolloniatibus
931 667 968 714 et
988 655 1237 733 Dyrrachinis
1259 654 1299 727 Q.

228 759 384 818 Cassius
407 778 450 818 ex
473 761 803 819 senatusconsulto
833 761 976 822 tribuit.
1033 761 1091 835 Qui
1122 759 1300 828 sionei-nt,
1394 783 1395 808 ι

227 864 392 924 necessario
415 866 576 942 significet,
608 866 721 924 lembos
743 885 781 924 ex
802 869 902 943 prodo
928 867 1056 942 reliquos
1082 883 1157 923 nune
1179 865 1298 922 demum

228 971 265 1028 de
286 969 395 1030 Gentio
419 979 523 1046 captos
545 977 574 1028 et
591 968 753 1048 Corcyroeis
778 973 863 1031 datos
886 993 959 1035 esse.
1014 975 1058 1034 Ut
1078 992 1124 1040 eo,
1146 990 1210 1046 quae
1233 989 1300 1028 esse

228 1077 324 1147 debet,
346 1075 491 1134 efficietur
511 1077 663 1149 sententie,
685 1077 727 1136 sic
749 1079 844 1137 oratio
867 1079 1071 1155 distinguendo
1094 1077 1299 1135 seribendum-

229 1202 286 1258 que
308 1191 366 1240 est:
402 1227 432 1243 ..
461 1182 612 1240 ducenti
641 1183 775 1259 viginti
805 1184 914 1242 lembi
944 1195 1062 1254 erent,
1093 1185 1137 1241 de
1158 1183 1300 1242 Gentio

228 1307 313 1365 rege
327 1289 438 1370 σιμὴ
454 1306 517 1349 ess
533 1285 737 1364 Corcyraeis
756 1291 964 1352 ...tribuit
987 1292 1036 1348 Ito
1046 1291 1170 1367 primum
1182 1289 1298 1359 dieitur,

229 1395 279 1471 qui
300 1402 330 1452 et
353 1394 430 1452 unde
462 1392 578 1466 hierint,
611 1402 682 1466 tum,
717 1397 788 1471 quid
818 1397 853 1454 iis
884 1394 994 1454 iactum
1016 1395 1062 1454 sit
1116 1393 1225 1471 Capti
1258 1396 1298 1452 ob

228 1517 291 1558 eos
313 1507 481 1574 corruptum
503 1508 556 1560 est.
611 1500 648 1556 Iu
678 1501 778 1559 codice
808 1510 866 1558 est:
896 1503 1049 1560 relicum
1073 1521 1115 1560 ex
1137 1501 1297 1577 inlyrioo
1394 1571 1395 1588 Χ

227 1606 358 1682 praeds.
425 1605 498 1678 Quae
530 1604 615 1662 huius
648 1605 770 1662 extremi
808 1605 873 1664 libri
909 1608 1041 1666 condicio
1074 1617 1133 1679 est,
1178 1607 1299 1665 minime
1394 1675 1395 1688 χ

229 1720 338 1770 certum
362 1719 414 1782 est,
448 1710 564 1768 Livium
594 1729 652 1768 non
685 1711 850 1786 scripsisse:
884 1713 1036 1789 Reliqui
1069 1733 1111 1772 ex
1137 1713 1298 1789 Illyrios

228 1819 351 1894 praeds
372 1817 520 1874 ducenti
542 1825 614 1886 oct„
637 1824 690 1874 eut
711 1817 830 1875 saltem:
852 1819 1044 1894 Reliquum
1070 1840 1112 1878 ex
1138 1819 1297 1896 Illyrios
1394 1855 1395 1862 .

229 1923 361 2000 praedo.

313 2027 387 2104 Cep.
412 2031 462 2098 44,
488 2031 534 2086 10.
566 2027 699 2096 (Prusias
720 2048 774 2087 rex
795 2049 814 2088 a
835 2039 938 2088 senatu
959 2031 1092 2108 petierat,
1114 2041 1145 2088 ut
1168 2048 1239 2106 eger
1259 2030 1298 2087 de
1394 2089 1395 2098 ¹

229 2153 298 2211 rege
319 2135 467 2193 Antiocho
497 2140 619 2209 ceptus,
651 2151 737 2208 quem
767 2134 838 2192 nulli
860 2135 959 2193 dotum
985 2156 1004 2193 o
1026 2136 1136 2213 populo
1159 2137 1297 2194 Romano
1394 2155 1395 2220 p

230 2240 312 2301 Galli
333 2241 524 2316 possiderent,
547 2238 603 2296 sibi
622 2239 763 2313 deretur.)
808 2241 860 2298 De
879 2261 967 2318 egro
989 2259 1206 2318 responsum
1225 2249 1296 2310 est,
1394 2273 1395 2278 κ

230 2350 375 2424 legatos
397 2345 440 2403 od
462 2364 534 2402 rom
555 2345 824 2420 inspiciendam
856 2347 1043 2409 missuros.
1098 2347 1136 2408 Si
1156 2347 1187 2404 is
1208 2365 1298 2423 eger

230 2452 356 2530 populi
388 2448 542 2510 Romani
584 2447 718 2510 fuisset
750 2471 815 2510 nee
836 2452 1005 2526 cuiquem
1041 2454 1149 2512 dotus
1182 2463 1296 2522 esset,
1394 2521 1395 2532 χ

230 2557 486 2636 dignissimum
519 2575 559 2614 eo
590 2555 685 2614 dono
707 2557 878 2616 Prusiam
899 2557 1096 2615 habituros
1118 2578 1209 2617 esse.
1257 2558 1298 2618 si

230 2675 347 2723 autem
372 2663 552 2720 Antiochi
573 2681 642 2720 non
664 2661 815 2736 fuisset,
848 2681 888 2721 oo
916 2682 959 2720 ne
987 2663 1121 2739 populi
1151 2665 1296 2740 quidem
1394 2687 1395 2708 1

231 2769 386 2830 Romani
419 2767 557 2826 fuctum
602 2785 797 2843 apparere,
843 2763 918 2840 aut,
962 2769 994 2826 si
1030 2770 1136 2827 dotus
1172 2770 1300 2830 Gallis
1394 2749 1395 2754 ἵ

231 2883 343 2946 essct,
376 2873 571 2949 ignoscere
601 2857 770 2930 Prusiam
791 2875 939 2946 debere,
970 2875 999 2932 si
1021 2895 1064 2932 ex
1084 2875 1223 2934 nullius
1245 2877 1298 2934 iu·
1394 2939 1395 2942 Ἴ

230 2980 327 3039 iuriu
346 2979 540 3054 quicquam
564 2977 596 3035 ei
618 2979 740 3037 dotum
762 2981 877 3040 vellet
898 3001 927 3056 p.
942 2981 1133 3040 Romanus.
1165 2983 1298 3040 Pravum

231 3096 288 3146 cst:
318 3086 347 3144 si
381 3085 411 3142 is
444 3101 531 3158 ager
561 3102 591 3158 p.
622 3085 779 3143 Romani
811 3086 959 3157 fuissem
993 3089 1177 3162 querebatur
1210 3088 1300 3158 enim,

231 3209 299 3248 num
321 3197 418 3248 essct
450 3208 519 3265 pop.
551 3189 678 3248 Romani
710 3188 795 3268 (num
831 3193 892 3252 eius
925 3193 1021 3252 factus
1046 3193 1146 3268 esset),
1180 3202 1213 3250 ut
1235 3194 1300 3251 iure

230 3296 294 3354 dari
315 3305 423 3372 posset
475 3294 591 3352 Deinde
611 3295 641 3351 iu
663 3313 698 3352 ea
720 3297 898 3370 condicione,
929 3319 994 3375 quae
1015 3300 1082 3357 huic
1104 3298 1205 3376 primoe
1227 3317 1299 3356 cou-

231 3401 322 3460 trcris
354 3420 391 3458 cx
427 3400 552 3458 adverso
585 3399 704 3475 ponitur
737 3404 783 3471 (si
816 3414 936 3464 sutem
958 3410 1039 3476 oet),
1073 3405 1241 3481 adiungitur
1262 3405 1302 3464 de

230 3505 379 3564 Antiocho
412 3504 456 3580 (si
477 3514 596 3564 eutem
620 3507 798 3567 Antiochi
819 3529 888 3570 non
910 3509 1073 3587 fuisset),
1105 3511 1152 3570 oui
1181 3511 1211 3568 iu
1243 3513 1303 3570 heo

303 3778 540 3831 strumentum,
561 3771 646 3835 qnod
674 3771 826 3834 heberet,
852 3775 968 3824 nihil·
992 3792 1004 3818 ι
1028 3775 1173 3841 [Bithys‚
1199 3773 1303 3826 filius

302 3859 442 3926 Cotyis]
460 3863 549 3926 rogis
563 3864 734 3926 Threcum,
754 3865 848 3931 [cum]
867 3869 1039 3920 obsidibus
1058 3870 1091 3918 iu
1110 3869 1302 3920 custodiam

302 3950 479 4002 Carseolos
499 3963 553 4004 est
572 3957 699 4006 missus.
742 3957 809 4006 Nom
829 3959 861 4008 od
877 3962 1015 4010 comites
1035 3961 1184 4026 reliquoque
1202 3977 1303 4014 uorum

302 4041 407 4090 verbum
426 4043 566 4095 desiderari
584 4047 684 4096 ridetur
703 4048 840 4108 (hebere
859 4052 983 4102 sineret
1002 4054 1139 4117 similene).
