2826 4640
249 241 404 292 creatu.
751 247 810 303 530

333 422 406 500 Cep.
435 428 483 495 45,
506 429 538 482 4:
558 425 619 500 qui
642 427 879 503 (Hegesilochus)
895 471 925 488 ..
954 428 1078 486 multis
1099 429 1318 486 rationibus

249 529 326 603 (cod.
359 529 467 588 multi
489 530 738 602 orationibus)
760 532 971 608 pervicerat
992 534 1168 602 Rhodios,
1191 543 1229 590 nt
1395 605 1396 612 ἵ

248 638 445 694 Romanam
461 635 948 698 societatem..retinerent.
979 638 1318 714 Pervineereprave

250 759 313 798 oum
337 759 407 798 casu
430 740 554 798 nominis
576 741 723 818 coniungi,
745 751 823 800 recte
846 743 1106 802 Drakenborchius
1127 745 1317 802 animadver-
1395 771 1396 828 p

249 848 297 916 tit;
321 847 371 904 sed
397 847 474 921 quod
499 846 587 904 scribi
608 847 692 904 malit
713 847 935 922 pervicerat,
957 849 1093 906 Rhodii
1114 859 1233 920 utcet,
1248 850 1318 906 red-
1395 885 1396 888 =

249 951 380 1026 arguitur
404 953 558 1009 verborum
596 952 709 1028 positu,
737 970 873 1028 perverse
895 953 1037 1012 eminente
1064 956 1165 1031 populi
1186 956 1318 1023 nomine,

251 1057 334 1130 quasi
358 1057 537 1134 comparatio
562 1058 661 1134 aliqua
684 1058 730 1114 sit.
778 1057 903 1116 Videtur
923 1051 1025 1116 ¹Livius
1047 1061 1210 1136 scripsisse:
1239 1079 1318 1135 per·

249 1161 407 1219 duxerat
427 1162 606 1233 Rhodios,
627 1173 665 1219 ut
687 1170 742 1220 cet.
788 1143 886 1221 Etiam
910 1165 1007 1234 XLV,
1034 1167 1084 1236 13,
1111 1169 1145 1222 12
1169 1185 1224 1242 pro
1248 1185 1318 1240 per·

250 1268 400 1326 duceret
433 1268 462 1325 in
489 1266 589 1326 codice
621 1267 759 1326 scribitur
780 1271 1003 1344 pervicerat.
1052 1271 1194 1329 Extremo
1216 1272 1318 1347 capite

250 1374 277 1444 (ᾖ
300 1373 331 1446 8)
353 1372 593 1430 considerandum
615 1381 705 1448 puto,
726 1383 842 1432 rectene
861 1375 969 1451 legatio
991 1386 1210 1434 momentum
1232 1395 1318 1434 esse

250 1477 287 1534 ed
309 1477 505 1536 conciliandos
536 1477 651 1534 animos
675 1477 797 1550 dicatur,
819 1499 856 1537 an
879 1499 933 1555 pro
955 1479 1031 1538 fuit
1062 1482 1247 1540 scribendum
1279 1483 1319 1539 sit

249 1586 379 1642 habuit
400 1595 451 1642 aut
474 1582 574 1644 feeit.

333 1689 406 1766 Cap.
432 1694 480 1758 46,
504 1693 521 1747 t
544 1689 588 1766 (in
612 1707 754 1765 responso
777 1691 878 1748 Persei
899 1691 1003 1766 legatis
1022 1692 1059 1748 ab
1075 1691 1197 1749 Rhodiis
1212 1692 1318 1761 deto):

250 1815 293 1852 ne
325 1795 411 1870 quid
433 1797 476 1852 ab
507 1794 662 1853 Rhodiis
693 1807 863 1870 speraret
894 1793 975 1873 (ced.
1010 1799 1221 1872 separaret)
1255 1809 1318 1854 aut

249 1911 395 1978 peteret
416 1900 768 1974 rex,quodveterem
784 1900 1136 1972 amicitiam,multis
1158 1904 1318 1978 magnis-

252 2025 319 2080 que
341 2005 481 2062 meritis
503 2025 592 2080 pace
614 2005 791 2081 belloque
815 2017 980 2081 partam,
1008 2007 1224 2083 diiungeret
1245 2011 1318 2067 sibi

252 2113 294 2169 ab
317 2111 500 2170 Romanis.
544 2113 694 2186 Perquam
718 2111 821 2168 mirum
833 2111 970 2188 loquendi
991 2131 1092 2188 genus,
1114 2113 1318 2189 diiungere

251 2217 365 2274 alicui
387 2217 577 2275 amicitam
603 2219 648 2275 ab
668 2217 809 2292 aliqum
837 2217 962 2274 debebat
995 2217 1050 2275 dici
1081 2237 1157 2274 cum
1189 2219 1318 2276 Roma-

253 2323 322 2392 nis3
344 2322 397 2379 etsi
419 2321 449 2379 id
472 2341 588 2397 quoque
613 2321 707 2378 minus
741 2321 877 2379 usitatum
901 2322 985 2380 foret.
1031 2322 1090 2380 Sed
1109 2324 1210 2382 Livius
1225 2326 1318 2401 scrip·

251 2437 342 2484 serat:
363 2427 581 2503 diiungeret
602 2427 674 2485 sibi
701 2445 743 2490 ec
764 2428 950 2486 Romanis.
995 2429 1071 2486 Tum
1090 2429 1116 2497 (5
1131 2426 1167 2505 7)
1188 2431 1318 2488 scriben-

251 2533 332 2590 dum:
351 2533 514 2590 Boeotias
534 2551 682 2608 quoque
705 2532 1048 2600 civitates,'rhehas
1064 2531 1316 2594 etCoroneem

252 2649 285 2696 et
307 2639 534 2706 Haliartum,
556 2638 743 2706 adieruut;
766 2638 830 2694 cod.
855 2647 882 2694 et
904 2638 970 2698 edd.
994 2649 1028 2696 et
1050 2640 1208 2709 Thebes,
1230 2643 1316 2715 quasi

252 2763 352 2802 omnes
388 2743 550 2802 enumerari
583 2743 779 2819 significetur3
813 2753 907 2800 ortum
934 2755 968 2800 et
990 2763 1026 2801 ex
1048 2746 1179 2819 sequenti
1202 2746 1255 2816 tls,
1285 2757 1315 2804 ut

253 2857 279 2909 οἱ
303 2853 351 2918 37,
374 2855 402 2907 4.

337 2955 410 3030 Cap.
434 2959 491 3024 47,
515 2957 532 3011 3
556 2954 618 3030 (ubi
640 2955 676 3028 Q.
697 2955 827 3012 Marcius
854 2964 883 3012 st
904 2957 944 3014 Α.
966 2955 1074 3013 Atilius
1095 2954 1259 3028 gloriantur
1279 2957 1316 3013 de

171 3053 173 3060 ⁴
252 3063 373 3136 decepto
395 3079 448 3136 per
468 3060 598 3116 inducias
622 3069 650 3116 et
669 3079 749 3137 spem
772 3061 853 3136 pacis
874 3062 994 3125 Perseo,
1017 3059 1095 3133 quod
1116 3060 1142 3116 ie
1156 3062 1256 3118 omnia
1277 3063 1314 3118 ad

251 3167 358 3225 bellum
383 3175 548 3242 praepareta
574 3167 723 3237 habuerit,
756 3166 880 3225 Romani
902 3165 1001 3238 nihili:
1032 3165 1168 3240 Spatio
1196 3177 1313 3224 antem

251 3273 476 3330 induciarum
502 3281 663 3348 sumpt-o,
695 3282 889 3329 venturum
911 3271 1012 3327 illum
1035 3270 1152 3328 nihilo
1174 3274 1314 3346 parati-

252 3397 364 3447 orem,
387 3379 575 3436 Romanos
605 3379 773 3435 onrnibus
794 3377 1058 3434 instructiores
1079 3377 1187 3434 rebus
1209 3396 1313 3453 coep·

251 3495 355 3541 turos
377 3483 522 3544 bellum.
565 3485 725 3542 Nonrecto
747 3483 813 3540 loeo
827 3481 945 3557 ponitur
963 3490 1165 3550 venturum
1191 3501 1259 3540 nam
1284 3485 1312 3540 in

251 3589 396 3647 contrarie
424 3587 524 3646 relatis
546 3589 649 3646 illum
672 3588 753 3645 initio
777 3588 847 3662 poni
868 3587 1002 3644 debebat.
1047 3587 1106 3646 Sed
1134 3585 1313 3646 manifestius

251 3694 346 3752 mendi
368 3695 504 3752 indicium
531 3695 624 3752 codex
646 3696 775 3770 praebet,
797 3695 826 3751 in
853 3712 911 3768 quo
933 3693 1082 3751 scribitur:
1114 3735 1143 3753 ..
1172 3703 1312 3770 sumpto

251 3802 301 3857 hae
325 3819 400 3857 cum
427 3811 628 3858 venturum
657 3799 760 3856 illum
782 3807 836 3856 cet.
886 3797 1075 3875 Perspicuum
1099 3807 1151 3868 est,
1173 3799 1313 3858 universa

252 3905 292 3961 rci
315 3904 514 3976 declarationi,
537 3924 602 3980 quaa
624 3906 806 3964 contineatur
827 3904 940 3962 verbis:
962 3904 1095 3980 Spatio
1128 3947 1198 3966 ....
1225 3919 1240 3972 τ
1264 3906 1313 3963 hee

309 4027 328 4064 a
350 4017 564 4078 venturum,
587 4011 707 4085 adiungi
728 4010 951 4085 explicationem
974 4012 1066 4068 lianc:
1087 4009 1189 4066 illum
1210 4009 1310 4085 (enim)
1395 4079 1396 4084 ἵ
