2822 4648
310 252 366 302 Lib.
387 253 435 307 tv.
787 257 826 312 96

360 437 434 514 Cap.
461 440 510 508 20,
532 439 550 494 8
572 436 693 508 faciam,
715 437 793 512 quod
815 456 882 494 raro
904 437 998 508 soleo,
1023 449 1054 494 ut
1076 449 1202 496 veterem
1223 438 1340 495 ooniac-

274 557 370 604 turam
390 543 560 620 protraham
589 551 617 600 et
638 542 811 616 defendam,
839 544 917 618 quod
948 543 1080 620 exemplo
1102 545 1148 602 bio
1170 544 1251 602 loeus
1274 563 1341 602 esse

275 659 389 728 potest,
412 669 499 725 quam
535 668 611 725 tegre
634 647 776 707 interdum
801 649 889 708 etiam
911 650 940 708 iu
961 651 1120 726 perspicuis
1143 651 1229 708 rebus
1252 650 1339 708 fauil-

275 758 350 816 limis
365 757 613 814 emendationibus
637 757 787 814 credatur*
828 757 989 831 Postquam
1003 757 1077 814 enim
1092 757 1192 814 Livius
1216 758 1252 814 de
1268 777 1340 834 spo-

276 864 321 920 liis
349 862 453 938 opimis
480 863 517 918 ab
548 864 588 920 A.
612 859 748 919 Cornelio
771 859 864 918 Cosso
892 863 1007 920 tribuno
1030 862 1150 919 militum
1171 862 1237 919 latis
1261 863 1341 920 eius-

276 989 332 1045 que
354 969 395 1026 rei
417 967 580 1026 testimonio
603 967 689 1038 dixit,
711 967 772 1024 haeo
792 968 919 1025 subiicit:
950 969 1010 1044 qui
1036 969 1066 1026 si
1097 988 1138 1026 ea
1165 970 1198 1026 in
1228 989 1267 1026 re
1289 970 1341 1026 sit

276 1094 386 1144 error,
408 1074 502 1150 quod
523 1083 594 1130 tam
617 1085 761 1130 veteres
783 1074 935 1132 annales
959 1075 1125 1150 quodque
1144 1075 1340 1149 magistra-

276 1193 373 1240 tuum
403 1179 489 1238 libri
521 1209 558 1222 -
583 1178 722 1236 decimo
743 1187 827 1253 post
848 1180 983 1238 demum
1011 1199 1102 1237 anno
1127 1211 1163 1223 -
1188 1183 1227 1241 A.
1252 1179 1341 1238 Cor-

276 1287 409 1345 nelium
432 1285 584 1345 Cossum
606 1284 790 1342 consulem
806 1287 1223 1356 habeaut‚existimatio
1246 1305 1341 1344 eom·

276 1394 390 1450 munis
413 1391 578 1450 omnibus
600 1400 660 1450 est.
722 1391 794 1448 Haeo
816 1411 904 1466 quam
936 1391 994 1448 sint
1014 1393 1182 1468 nugatoria,
1204 1392 1340 1449 conside·

275 1515 380 1555 remns.
432 1497 562 1555 Primum
598 1498 654 1554 hoe
687 1497 746 1571 qui
774 1517 876 1555 error
905 1498 976 1556 nihil
1006 1497 1122 1556 omnino
1146 1499 1249 1568 habet,
1277 1517 1341 1572 quo

276 1601 430 1672 reseratum
462 1621 555 1678 neque
582 1603 657 1660 enim
689 1604 762 1661 ullus
784 1613 851 1662 ante
873 1618 1115 1662 commemoratur
1136 1623 1232 1674 error,
1254 1605 1341 1661 ouius

276 1707 401 1784 suspicio
433 1727 526 1766 exeo
553 1709 668 1766 demum
691 1710 836 1780 nascitur,
870 1711 948 1784 quod
970 1731 1045 1768 nuno
1067 1711 1234 1782 subiicitur,
1266 1729 1339 1768 oon·

275 1813 367 1871 sulem
393 1813 516 1872 Cossum
546 1814 576 1872 iu
607 1815 760 1873 annalibus
787 1816 899 1873 decimo
934 1817 1051 1873 demum
1079 1835 1154 1873 anno
1181 1827 1248 1892 post
1275 1827 1340 1874 tra-

276 1919 314 1988 di,
336 1937 422 1993 quam
444 1919 539 1994 spolia
561 1921 659 1995 opima
681 1921 799 1996 ceperit,
822 1941 910 1996 quum
929 1921 1024 1997 spolia
1046 1922 1144 1998 opime
1170 1915 1248 1978 Livii
1270 1941 1339 1980 sen-

276 2024 366 2082 tentia
396 2025 451 2082 nisi
481 2046 500 2082 a
526 2026 643 2083 consule
688 2013 753 2102 oapi
794 2047 852 2084 uon
884 2027 1039 2103 potuerint.
1108 2027 1222 2086 Deinde
1263 2048 1340 2104 quo·
1401 2031 1402 2034 ’

276 2131 363 2190 modo
396 2131 421 2188 is
453 2149 549 2201 error,
581 2131 744 2208 quicunque
777 2133 891 2191 demum
914 2143 971 2204 est,
1017 2135 1051 2190 iu
1089 2153 1129 2191 eo
1161 2151 1241 2190 esse
1281 2153 1339 2210 po·

276 2247 348 2306 test,
381 2238 459 2313 quod
481 2237 591 2294 decimo
622 2257 698 2296 anuo
720 2248 788 2316 post
808 2240 908 2297 consul
924 2240 1048 2297 traditur
1073 2238 1201 2298 Cossus?
1255 2241 1337 2298 Nam

275 2345 304 2401 in
326 2345 381 2402 bae
409 2345 474 2420 ipsa
495 2363 527 2401 re
554 2363 635 2400 error
664 2363 727 2402 ease
749 2355 858 2420 potest;
890 2347 940 2404 sed
963 2347 1036 2404 alius
1058 2347 1154 2404 nescio
1188 2346 1268 2402 cuius
1292 2347 1339 2404 rei

274 2470 355 2508 error
380 2451 410 2508 in
445 2451 501 2508 baa
532 2468 595 2508 esse
622 2451 730 2525 nequit.
793 2451 865 2524 Quae
894 2453 997 2510 deinde
1026 2455 1087 2512 haeo
1109 2452 1202 2510 oratio
1225 2461 1282 2507 est:
1305 2453 1338 2508 si

275 2556 332 2614 hio
364 2575 466 2613 error
497 2555 532 2612 in
554 2575 594 2613 ea
616 2577 653 2613 re
677 2557 741 2627 sit,
776 2559 974 2615 communis
1013 2559 1175 2616 omnibus
1204 2558 1338 2615 existi·

275 2662 384 2720 matio
408 2660 480 2718 est?
511 2661 711 2737 Quisquamne
733 2663 845 2720 audivit
865 2663 896 2720 si
916 2665 972 2720 hoo
1001 2664 1087 2720 modo
1118 2665 1206 2720 verbo
1236 2664 1338 2721 existi-

274 2769 373 2826 mandi
400 2767 523 2826 similive
544 2768 573 2824 iu
599 2768 827 2843 interrogatione
848 2769 983 2845 pendenti
1004 2769 1183 2827 subiectum?
1226 2771 1338 2826 'lutam

274 2893 335 2931 rem
356 2874 544 2949 expediverat
565 2874 735 2933 Gronovius
758 2895 816 2932 una
836 2875 932 2932 littera
943 2875 1071 2932 sublata:
1093 2875 1183 2948 Quis
1206 2895 1245 2932 ea
1268 2875 1339 2951 (pro

274 2980 334 3054 qui
356 2981 385 3037 si
407 2987 461 3050 ea)
493 2981 530 3036 iu
550 2999 587 3038 re
617 2981 666 3037 sit
688 3001 811 3053 error,
834 2981 930 3058 quod
954 3013 990 3024 -
1015 2982 1182 3048 habeant,
1204 2979 1338 3036 existi·

274 3085 389 3142 matio
412 3087 612 3144 eommunis
636 3088 799 3144 omuibus
822 3098 884 3145 est.
939 3087 1031 3147 Caute
1059 3087 1158 3144 Livius
1188 3085 1252 3144 aliis
1274 3087 1338 3144 exi-

273 3191 446 3250 stimandum
462 3192 611 3267 relinquit,
628 3193 693 3268 quis
710 3193 838 3251 errorsit
852 3194 882 3250 in
895 3193 1040 3252 annalium
1055 3191 1211 3250 notationis
1227 3191 1338 3248 disere-

273 3296 371 3372 pautia
383 3317 402 3354 a
417 3309 600 3356 monumento
610 3299 647 3356 ab
663 3303 799 3377 Augusto
814 3299 943 3375 inspecto
957 3312 985 3359 et
995 3299 1155 3376 spoliorum
1170 3297 1338 3372 opimorum

272 3397 376 3478 lege¹).

291 3688 314 3752 ¹)
348 3694 388 3744 Ad
406 3695 432 3742 id
451 3692 646 3754 defendendum,
659 3693 786 3758 qnodhoo
804 3693 1050 3759 eapite5'tlegitur:
1069 3692 1136 3740 Hoc
1155 3705 1214 3753 ego
1236 3705 1338 3754 quum

341 3786 525 3848 Augustum
559 3785 720 3836 Cesaram
752 3811 785 3822 —
818 3802 848 3836 se
876 3788 977 3850 ipsum
1007 3787 1040 3834 iu
1063 3786 1195 3834 thorace
1226 3782 1338 3830 linteo

342 3877 499 3943 seriptum
518 3879 643 3941 legisse
662 3879 846 3938 audissem,
866 3879 892 3931 b.
913 3894 948 3938 e.‚
974 3892 1011 3926 ex
1034 3878 1184 3940 Augusto
1203 3883 1248 3923 aut
1266 3877 1338 3924 Au·

341 3977 471 4031 gustum
490 3971 656 4024 dioeutom
682 3971 871 4030 audissem,
899 3970 996 4018 alibro
1019 3975 1046 4028 1,
1069 3973 1114 4028 ts,
1139 3967 1238 4017 anihil
1256 3983 1338 4030 orgu-

342 4063 419 4109 ruenti
438 4065 488 4126 peti
512 4073 609 4127 potest;
639 4079 697 4114 uam
725 4064 821 4112 eredo
844 4063 946 4112 aliani
970 4063 1103 4126 aliquid
1128 4073 1199 4110 orae
1229 4059 1283 4110 alio
1310 4073 1339 4109 et
