2800 4646
290 288 457 342 lihxxlvt
757 289 817 348 278

258 481 383 532 nerent
412 483 441 531 et
468 472 603 531 ferrum
625 473 862 550 expedientes
892 471 1085 551 interposite).
1134 474 1206 534 Mihi
1228 481 1256 531 et
1279 473 1320 530 ad

260 579 384 655 vestigia
404 577 511 637 codicis
532 579 664 655 proxime
686 579 823 639 accedere
845 587 874 638 et
890 581 976 638 amul
996 579 1147 656 aptissima
1168 596 1232 636 esse
1253 580 1320 636 baec

259 685 406 743 ridentur:
429 685 584 744 Aversis
606 687 758 762 auribus
780 685 985 762 animisque
1006 693 1148 755 astare,
1171 704 1211 742 ne
1232 693 1320 742 tem·

263 799 329 866 p‘us
353 800 527 862 tererent,
549 791 685 850 ferrum
708 793 884 868 quosdam
906 791 1156 868 expedientes,
1186 809 1321 849 cerne·

260 897 335 966 bat3
357 905 439 966 tum,
461 897 607 956 omissis
629 907 683 956 etc.
735 899 878 958 Universe
907 896 1105 956 interfectores
1133 899 1242 956 aversis
1263 917 1321 956 au·

259 1003 340 1060 ribus
364 1001 489 1060 astitisse
510 1003 611 1061 Livius
639 1005 721 1075 dicit,
753 1004 896 1079 quosdam
927 1004 1015 1061 etiam
1041 1003 1154 1079 longius
1181 1022 1322 1080 progres-

258 1127 320 1172 sos.

342 1213 415 1292 Cap.
441 1215 490 1284 27,
513 1215 545 1270 3:
567 1215 749 1274 Pratoree
762 1215 824 1290 (qui
847 1215 963 1274 comitia
985 1214 1136 1291 Syracusis
1155 1211 1322 1291 hebebant)

261 1321 497 1380 dissimulare
523 1321 639 1397 primo
669 1333 703 1378 et
732 1321 920 1380 trahenda
948 1340 986 1378 re
1008 1339 1101 1391 esse;
1129 1331 1321 1396 postremo

260 1428 352 1486 victi
384 1445 565 1486 consensu
601 1435 635 1484 et
666 1426 885 1484 seditionem
921 1435 1121 1484 metuentes
1158 1445 1321 1502 pronun·

260 1535 355 1592 tiant
389 1551 452 1592 eos
482 1533 653 1609 (Epicydem
690 1541 719 1588 et
747 1531 970 1609 Hippocratem)
1002 1541 1185 1607 pretores.
1246 1534 1321 1590 Non

259 1642 316 1700 dici
340 1641 442 1699 Latine
463 1639 641 1696 trahenda
662 1657 699 1695 re
721 1657 810 1710 csse,
832 1639 882 1698 alii
904 1639 963 1696 iam
978 1649 1186 1714 exposuerunt3
1207 1659 1259 1698 nec
1283 1640 1320 1696 in

260 1747 440 1805 trahenda
468 1763 504 1804 re
535 1761 614 1800 esse
643 1745 734 1818 (quod
765 1747 985 1823 occupationem
1012 1745 1165 1820 significat)
1194 1764 1248 1820 pro
1272 1763 1320 1814 eo,

265 1852 343 1927 quod
369 1860 413 1908 est
441 1869 512 1908 rem
545 1851 693 1907 trahere
721 1852 866 1921 conari,
901 1853 957 1909 hoc
982 1851 1047 1908 loco
1068 1851 1320 1908 rectediceretur.

261 1957 423 2033 Scripserat
454 1955 568 2014 Livius:
683 1956 924 2014 dissimulare
950 1957 1066 2033 primo
1087 1957 1322 2020 extrahenda

260 2080 312 2134 re)
335 2067 395 2124 set
414 2071 601 2138 postremo
624 2056 715 2138 eto.²)

347 2165 420 2242 Cap.
442 2169 491 2237 29,
514 2169 532 2224 8
556 2165 597 2240 (iu
621 2167 753 2226 oratione
774 2168 927 2245 Epicydis,
960 2187 1019 2244 qua
1040 2169 1187 2227 Leontinis
1205 2163 1321 2240 suadet,

259 2291 295 2332 ue
317 2271 508 2348 Syracusanis
541 2278 687 2348 parcant):
719 2275 1012 2332 Renuntiandum
1042 2275 1155 2352 igitur
1175 2276 1227 2332 eis
1249 2275 1319 2351 (Sy—

258 2379 420 2452 racusanis)
444 2397 533 2447 esse,
556 2379 758 2437 Leontinos
781 2397 923 2454 quoque
944 2399 1079 2455 oequum
1101 2399 1255 2438 censere
1278 2383 1318 2440 li·

258 2485 367 2543 beres
390 2503 469 2542 essa
491 2483 541 2558 (ae
562 2483 694 2559 essai),
724 2485 781 2542 vel
812 2486 909 2560 quod
941 2487 976 2543 in
1003 2485 1082 2544 solo
1113 2486 1214 2544 urbis
1243 2505 1320 2544 suas

258 2601 435 2667 tyrannus
457 2590 631 2648 occiderit
652 2591 708 2648 vel
737 2591 833 2665 quod
860 2592 910 2649 ibi
939 2592 1089 2667 primum
1111 2592 1317 2650 conclama·

257 2706 329 2754 tum
352 2698 395 2754 ad
416 2696 631 2754 libertatem
656 2698 879 2773 relictisque
898 2696 1011 2772 regiis
1033 2695 1133 2754 ducit
1154 2697 1317 2774 abSyra-

257 2819 615 2860 cusas·coucursum.
670 2803 719 2864 Sic
751 2805 786 2865 P.
809 2803 886 2862 Olim
909 2803 1062 2860 edebatur:
1096 2803 1318 2878 relictisque

256 2907 372 2983 regiis
394 2907 547 2965 ducibus
579 2909 784 2985 Syracusas
812 2911 860 2968 sit
890 2924 1124 2974 concursum3
1155 2926 1254 2965 verum
1286 2908 1316 2966 in

257 3011 366 3090 oppido
407 3011 615 3072 Leontinorum
652 3013 728 3090 (ibi)
763 3014 924 3092 Syracusas
958 3033 1127 3073 concursum
1147 3031 1220 3074 uon
1262 3023 1316 3071 est

256 3117 508 3176 Weissenbomius
530 3119 658 3195 scripsit:
694 3119 756 3176 rel.
789 3137 859 3194 reg.
892 3119 1043 3179 ducibus
1079 3123 1121 3178 ab
1156 3119 1316 3195 Syracu-

255 3221 355 3280 sanis
387 3241 607 3282 ooncursum
641 3225 702 3294 sit;
735 3245 836 3282 verum
861 3245 938 3296 non,
975 3227 1120 3301 aquibus
1143 3243 1314 3284 concursum

254 3329 307 3400 sit,
333 3330 428 3406 agitur
446 3329 490 3408 (in
513 3332 679 3406 quostiam
704 3331 812 3390 tollitur
836 3332 929 3390 omnis
940 3333 1146 3390 Leontinorum
1172 3331 1245 3400 laus,
1261 3349 1314 3389 no·

254 3435 384 3494 minatim
407 3437 445 3495 ad
467 3435 667 3513 Syracusanos
689 3437 851 3510 traducta),
873 3436 924 3494 sed
946 3455 1014 3511 quo.
1061 3437 1165 3512 ltaque
1186 3437 1315 3496 scriben-

254 3542 327 3600 dum
351 3553 407 3601 est:
431 3542 652 3617 relictisque
672 3543 786 3619 regiis
818 3542 972 3602 ducibus
995 3543 1037 3600 ad
1059 3542 1315 3619 Syracusanos

253 3665 472 3708 concursum
490 3649 557 3718 sit,
588 3649 644 3706 hoc
666 3658 728 3721 est,
762 3651 801 3708 ad
837 3650 1002 3708 coniuratos
1035 3649 1252 3726 Syracusanos,
1274 3651 1312 3708 ad

272 3900 296 3969 ²)
326 3901 388 3970 Cap.
408 3912 450 3968 28,
469 3911 486 3980 9Ι
506 3893 576 3956 'recte
594 3907 710 3958 Roellius
734 3905 848 3971 probis:
867 3923 979 3972 pacem
999 3907 1073 3957 fieri
1091 3907 1219 3971 placuit
1237 3909 1314 3958 mit·

323 3999 415 4061 tique
433 4013 499 4048 cum
518 3998 564 4048 eis
596 3999 653 4063 (qni
678 3997 743 4049 nulli
769 3999 840 4062 sunt)
867 4001 999 4063 legatos
1024 4000 1099 4050 scribi
1124 4001 1216 4050 uoluit:
1245 4017 1271 4065 p.
1292 4001 1310 4051 i.

296 4115 300 4124 ·
321 4089 452 4153 placuit
469 4097 539 4140 enm
558 4093 606 4142 eis
624 4092 782 4153 mittique
800 4091 940 4154 legatos.
982 4091 1042 4142 vin.
1062 4090 1206 4154 cdxxii,
1225 4097 1250 4154 2,
1269 4097 1291 4144 b.
