2820 4646
618 282 676 340 6l3
1012 280 1070 330 Lib.
1088 279 1176 330 XLV.

115 463 315 522 struxisse.
371 465 439 523 Hoc
460 466 576 541 quidem
611 483 668 523 uon
699 464 836 540 reliqui
868 464 965 523 nescio
988 465 1038 541 qui
1058 466 1176 541 (praeter

116 571 231 628 multo
264 572 388 648 plures
423 572 530 646 alios)
564 570 711 643 fecerunt,
744 573 794 630 sed
822 571 862 628 illi
889 571 961 646 ipsi,
993 572 1042 647 qni
1064 571 1176 630 occulte

116 675 257 735 favebant
277 680 397 740 Perseo.
455 678 619 737 Duriesime
640 680 721 738 deest
742 678 857 735 dativus
882 677 960 753 apud
981 678 1102 735 verbum
1124 675 1176 736 fa·

114 783 225 841 visse.
274 783 346 843 Cod.
370 785 507 862 reliqui
614 785 892 845 instruxissent.
941 783 1011 841 Non
1039 790 1177 858 quattuor

114 888 146 946 in
158 889 271 948 duabus
285 891 406 949 vocibus
421 891 532 962 litterae,
549 892 626 966 quod
638 890 781 968 Grynem
804 891 882 963 iecit,
904 889 1026 949 seduna
1035 889 1176 947 mutanda

114 1003 192 1052 erat:
214 995 310 1053 elios
332 1017 373 1055 ex
394 997 540 1055 occulto
562 996 702 1055 favisse
724 999 819 1076 regl,
842 998 901 1078 qul
928 1015 993 1073 per
1016 995 1174 1072 speciem

114 1103 254 1160 tuende
274 1103 338 1163 lib.
455 1103 574 1161 omnia
604 1103 881 1163 instruxissent.
934 1101 1022 1176 Quod
1042 1101 1175 1177 proxime

111 1205 145 1284 (ξ
169 1209 201 1278 8)
223 1208 370 1268 scribitur:
392 1210 463 1268 nisi
485 1209 616 1270 tractis
638 1209 775 1267 animis
803 1209 986 1284 partium,
1016 1208 1046 1266 in
1077 1207 1176 1266 codice

113 1333 168 1389 pro
189 1315 349 1391 partium
388 1325 433 1372 est
465 1317 617 1392 sptium,
654 1335 707 1374 nec
728 1315 854 1391 partium
874 1315 986 1372 animos
1006 1313 1102 1390 frangi
1124 1313 1176 1382 itti,

114 1439 237 1496 quorum
261 1422 355 1479 oratic
377 1420 511 1492 refertur,
543 1422 689 1493 volebant,
724 1421 774 1478 sed
808 1420 959 1478 contraria
992 1429 1043 1477 aut
1080 1419 1174 1478 dubiae

111 1527 213 1602 partis.
257 1528 292 1585 In
315 1529 453 1606 aptium
475 1527 606 1604 suspicor
625 1526 716 1584 latere
737 1525 922 1594 vocabulum,
954 1543 1012 1601 quo
1035 1525 1175 1602 ancipites

113 1633 158 1705 (ol
183 1631 521 1716 ἐπαμφοτερίζοντες)
544 1633 757 1709 significentur,
779 1631 915 1690 contrarii
933 1631 978 1702 iis,
1001 1632 1061 1708 qui
1082 1631 1176 1689 nihil

111 1751 244 1816 prater
265 1742 454 1818 imperium
479 1743 721 1800 Romanorum
743 1747 963 1814 spectarent.

198 1845 270 1924 Cep.
295 1849 343 1914 32,
370 1849 387 1906 8
411 1848 463 1915 (de
484 1848 520 1904 L.
541 1842 698 1920 AEmilio):
736 1846 792 1904 Ab
813 1843 926 1902 seriis
947 1845 1056 1902 rebus
1077 1843 1176 1901 ludi·

110 1969 225 2023 crum,
256 1954 351 2028 quod
376 1972 420 2011 ex
442 1952 556 2010 multo
579 1962 662 2009 ante
689 1960 918 2028 preparato,
950 1960 984 2008 et
1015 1950 1050 2008 in
1078 1950 1176 2009 Asiae

110 2058 289 2116 civitates
310 2059 542 2134 etadreges
566 2057 704 2127 missis,
738 2057 800 2132 qui
832 2057 1108 2126 denuntiarent,
1141 2064 1175 2114 et

111 2183 217 2238 quum
239 2165 454 2224 circumiret
473 2163 556 2239 ipse
577 2162 727 2222 Graeciae
758 2162 949 2230 civitates,
983 2161 1175 2220 indixerat

111 2268 361 2346 principibus,
383 2287 513 2346 magno
535 2278 718 2344 apparatu
738 2267 952 2344 Amphipoli
974 2266 1073 2326 iecit.
1118 2267 1177 2325 Lu·

111 2375 223 2433 dicrum
244 2397 288 2435 ex
311 2376 427 2434 multo
450 2385 533 2434 enta
554 2383 770 2451 preparato
797 2376 838 2445 fir„
853 2372 1066 2433 nonindicitur.
1112 2372 1177 2430 Nec

111 2492 191 2540 recte
212 2483 358 2540 cohaerent
381 2484 443 2540 haec
470 2483 521 2560 (-
545 2481 587 2540 sie
609 2480 684 2539 enim
708 2488 917 2538 connectuntur
937 2477 1003 2553 -lc
1032 2477 1177 2536 indixerat

111 2589 364 2665 principibus,
386 2599 414 2648 et
435 2590 465 2648 in
487 2587 567 2648 Asia
589 2588 720 2645 civitates
751 2595 779 2645 et
800 2587 846 2645 ad
867 2604 973 2662 reges
1001 2585 1105 2655 missis,
1127 2586 1177 2660 qui

112 2695 326 2766 denuntiarent,
358 2705 386 2752 et
408 2715 495 2771 quum
518 2695 581 2770 ipse
603 2693 766 2752 circumiret
788 2693 928 2751 civitates.
974 2693 1034 2750 Pro
1060 2689 1177 2748 indix-

113 2809 195 2858 erat
216 2802 309 2859 codex
330 2801 419 2859 hebet
438 2800 643 2876 indignato.
700 2799 815 2856 Livium
839 2797 988 2875 scripsisse
1017 2807 1087 2873 puto
1111 2795 1176 2872 (etsi

114 2907 145 2964 in
168 2907 225 2964 elio
247 2907 347 2965 codice
369 2905 496 2964 violenta
518 2908 579 2964 haec
604 2903 744 2964 correctio
771 2903 946 2971 videreturtr
989 2905 1045 2963 Ab
1068 2902 1177 2961 seriis

115 3014 222 3071 rebus
244 3014 421 3072 ludicrum
443 3007 521 3088 (cod.
543 3013 706 3072 ludorum
736 3009 845 3086 quod)
874 3029 916 3068 ex
945 3010 1059 3069 multo
1094 3020 1177 3068 ante

115 3131 340 3195 praeparato,
371 3119 460 3174 etin
482 3118 579 3176 Asis
599 3118 772 3176 civitates
794 3127 829 3174 et
850 3117 893 3175 ad
915 3135 1019 3194 reges
1041 3116 1176 3185 missis,

117 3225 178 3298 qui
199 3203 473 3294 denuntiarent,
497 3233 545 3295 et,
571 3243 676 3300 quum
698 3223 908 3282 circumiret
929 3225 1009 3300 ipse
1030 3222 1178 3283 Graecia

115 3329 308 3407 civitates,
343 3331 515 3393 lnrlltils
555 3331 801 3407 principibus,
838 3349 965 3405 magno
998 3337 1177 3406 apparatu

118 3434 216 3494 fecit.
264 3437 328 3494 Iam
362 3445 440 3495 recte
475 3437 572 3494 omnia
605 3437 680 3494 inter
711 3454 742 3493 se
768 3435 953 3512 respondent.
1009 3435 1057 3494 Ex
1086 3433 1178 3492 multe

119 3553 186 3601 ante
206 3551 371 3620 preparato
393 3541 453 3600 ludi
474 3543 595 3612 fiebant3
625 3561 692 3600 nam
723 3551 752 3599 et
779 3541 809 3598 in
840 3542 943 3600 Asiam
965 3541 1098 3612 miseret,
1129 3541 1178 3616 qui

118 3649 328 3721 denuntiarent,
351 3659 380 3707 et
399 3649 428 3706 in
454 3648 571 3708 Graecis
590 3649 654 3724 ipse
675 3647 818 3724 principes
838 3647 1022 3709 invitaverat.

204 3753 276 3831 Cap.
301 3756 349 3826 33,
373 3759 389 3812 l
420 3754 481 3824 (ubi
512 3763 756 3812 commemoratur
789 3753 874 3830 copia
902 3771 998 3812 rerum
1032 3762 1061 3812 et
1081 3753 1178 3812 vilitas

120 3880 243 3919 annonae
264 3862 295 3918 in
322 3869 465 3920 conventu
497 3861 632 3919 ludorum
662 3863 779 3932 causat:
817 3869 853 3919 ut
885 3869 919 3918 et
954 3859 1114 3936 privatis
1144 3869 1180 3916 et

119 3967 340 4026 civitatibus
361 3977 396 4026 et
416 3967 586 4044 gentibus
607 3967 702 4025 dona
722 3968 809 4024 data
836 4006 885 4027 ...
913 3966 986 4024 sint
1007 3966 1050 4024 ab
1072 3965 1180 4042 impe·

119 4083 246 4131 ratore
265 4093 334 4132 non
353 4073 456 4132 modo
476 4073 625 4131 inusum
640 4081 852 4150 praesentem
872 4071 1041 4146 sedqued
1056 4071 1180 4131 domos

121 4180 329 4243 eveherent.
376 4178 550 4239 Necessarie
572 4179 769 4238 scribendum:
800 4177 863 4236 esd
884 4197 959 4253 quse
980 4177 1104 4236 domos
1126 4195 1180 4238 av.
