2800 4646
611 300 669 356 437
949 289 1175 342 murmur.

106 487 199 546 Illud:
231 483 327 560 quod
363 480 559 540 concilium
592 489 691 539 esset
711 479 835 556 gentis
859 496 946 554 quarn
968 477 1065 553 inepte
1088 477 1118 534 ln
1141 495 1176 534 ea

103 592 311 662 includeretur,
333 605 398 662 qnae
420 587 612 663 Amynander
645 585 772 643 nuntiari
794 585 1010 644 Athamanibus
1027 582 1174 652 'iussisset,

108 698 209 775 (qnasi
230 697 413 756 Athamanes
432 692 554 751 docendi
583 691 704 763 fuerint,
740 692 859 767 quinam
887 697 983 748 essem
1004 689 1173 750 AEtolorum

105 805 262 882 apocleti),
285 801 372 861 etiam
384 797 637 858 Weissenbornius
659 797 757 856 sensit.
801 796 884 856 Nihil
893 794 1073 854 manifestius
1085 813 1173 871 quam

104 905 219 981 aliquid
240 905 391 964 excidisse.
450 904 552 963 Livius
574 904 648 962 enim
683 904 721 962 ad
748 905 824 961 hanc
854 902 981 961 formam
1004 903 1175 978 scripserat:

112 1054 142 1072 ..
172 1012 206 1069 in
229 1013 484 1071 Athamaniam
506 1027 543 1068 ss
564 1019 764 1068 venturum.
814 1007 921 1086 [Agit
941 1008 1172 1082 deinde]cunr

102 1115 260 1174 delectis
281 1117 506 1188 AEtolorum,
535 1116 630 1192 quod
661 1115 858 1174 concilium
892 1121 948 1178 est
979 1114 1110 1190 gentis,
1140 1124 1173 1171 et

105 1220 301 1279 Nicandro
322 1232 498 1298 praetore3
521 1241 612 1297 quos
633 1223 694 1280 ubi
717 1231 772 1283 cet.
831 1220 939 1280 Similis
968 1220 1074 1278 lacuna
1112 1237 1175 1278 om·

103 1329 185 1386 nium
208 1329 340 1386 codicum
361 1329 391 1386 in
414 1347 477 1405 esp.
491 1330 555 1398 9,9
578 1327 691 1404 pridem
713 1326 918 1386 animadversa
940 1335 998 1395 est,
1022 1325 1053 1383 in
1074 1344 1099 1382 e.
1124 1327 1173 1392 28,

106 1437 124 1492 6
148 1434 237 1510 paulo
258 1443 327 1511 post
348 1434 608 1506 demonstrabitur,
631 1435 660 1491 in
688 1434 838 1510 superiore
860 1441 956 1490 autem
978 1430 1053 1488 libro
1075 1447 1100 1488 c.
1128 1435 1174 1500 10,

107 1543 141 1598 11
170 1559 189 1596 a
210 1538 357 1612 Creverio,
381 1541 411 1598 in
432 1540 570 1610 XXXV,
597 1541 670 1610 31,1
701 1559 719 1596 a
732 1537 970 1597 Weissenbornio
992 1537 1174 1613 deprehensa

102 1654 257 1720 esuquam
281 1645 345 1722 ipae
358 1665 474 1722 quoque
488 1657 555 1704 ente
576 1646 683 1704 multos
705 1663 797 1702 annos
818 1655 961 1702 notarent.
984 1642 1055 1700 Alia
1076 1660 1176 1700 exem

101 1750 155 1826 ple
177 1760 328 1808 occurrent
348 1751 537 1823 XXXVIII,
559 1755 607 1824 53,
618 1755 647 1824 9,
672 1752 829 1823 XXXIX,
844 1753 923 1822 35‚7
948 1758 977 1805 et
999 1750 1050 1820 49,
1071 1752 1172 1824 lprae·

102 1867 151 1914 ter
173 1875 216 1922 ea,
236 1875 301 1931 quae
325 1875 414 1932 supra
435 1858 544 1929 notavi,
568 1858 691 1925 XXXI,
703 1859 732 1928 9,
755 1862 782 1928 7,
804 1855 957 1923 XXXIV,
982 1857 1009 1923 6,
1035 1857 1081 1911 lo.

189 1960 261 2038 Cap.
285 1963 313 2032 2,
341 1965 374 2019 10
407 1962 456 2037 (de
481 1963 691 2020 Macedonibus
713 1961 893 2020 Athamania
916 1960 1073 2036 expulsis>:
1096 1968 1172 2016 tan·

101 2079 249 2142 tumque
271 2067 452 2124 tumultus
476 2069 739 2127 Macedonibus
762 2077 819 2126 est
840 2069 1033 2136 iniectum,
1056 2075 1096 2123 ut
1117 2064 1168 2122 iu·

100 2191 155 2248 gae
176 2174 292 2250 magis
311 2171 441 2230 eflusa
463 2193 567 2248 quam
590 2175 742 2232 itineris
768 2174 931 2232 ordinati
952 2173 1067 2242 modo,
1082 2170 1170 2229 mul·

100 2279 156 2336 tis
178 2279 288 2336 ermis
309 2279 476 2354 virisque
497 2281 660 2349 relictis,
682 2279 818 2338 flumen
840 2277 1081 2347 traiecerint3
1112 2276 1172 2332 hic

102 2383 192 2442 linis
214 2384 392 2461 sequendi
413 2384 493 2442 fuit.
551 2385 693 2444 Fluminis
715 2386 800 2443 huius
822 2384 902 2442 nulla
923 2384 952 2440 in
974 2382 1174 2458 superioribus

99 2490 277 2566 significatio
300 2500 361 2566 est3
394 2491 418 2549 si
440 2511 545 2548 nomeu
572 2491 635 2568 ipse
659 2492 759 2550 Livius
782 2489 934 2558 omisisset,
957 2488 1060 2545 saltem
1081 2488 1173 2564 ignoti

103 2605 135 2653 et
171 2595 285 2653 obscuri
330 2596 454 2654 nominis
490 2596 728 2671 significationem
764 2595 923 2653 addidisset
955 2593 1173 2670 (quoddam).

102 2702 224 2759 Excidit
244 2702 333 2778 igitur
353 2701 464 2758 librarii
485 2721 584 2760 errore
604 2723 710 2760 nomen
740 2701 851 2759 fluvioli
872 2699 992 2758 alicuius
1015 2720 1052 2758 ex
1074 2711 1172 2758 monte

102 2806 239 2866 Cercetio
260 2808 289 2865 in
312 2809 441 2865 Peneum
464 2807 634 2865 delabentis.

199 2911 273 2988 Cap.
299 2917 327 2984 6,
351 2917 368 2971 4
392 2914 439 2986 (de
463 2913 572 2971 AEtolis
594 2913 773 2980 Ambracia,
801 2931 890 2988 quam
913 2913 1038 2969 Romani
1061 2914 1174 2971 obside·

104 3019 198 3089 bant,
225 3014 467 3094 erumpentibus):
498 3019 579 3079 Uno
608 3021 644 3077 in
673 3020 754 3077 loco
777 3019 877 3077 ferro
900 3019 1048 3095 ignique
1069 3028 1173 3096 gesta

104 3139 165 3180 res
188 3121 271 3202 [est]
306 3123 378 3202 (est
414 3125 443 3182 in
467 3126 492 3182 B
515 3125 806 3202 Drakenborchiique
841 3126 924 3184 codd.
958 3125 1129 3200 omittitur);
1158 3147 1175 3182 a

104 3229 248 3290 duobus
272 3230 381 3288 irrito
404 3232 561 3307 incepto,
585 3250 690 3306 quum
713 3241 920 3292 tentassent
940 3231 1054 3306 magis
1070 3251 1173 3307 quarn

105 3335 265 3394 inissent
287 3337 615 3407 certamen,AEtoli
636 3339 912 3396 abscesserunt.
950 3341 1069 3396 Atrox
1090 3355 1174 3413 pug-

106 3457 154 3498 na
175 3441 210 3498 in
241 3462 344 3500 unum
368 3443 617 3502 inclinaverat
638 3443 772 3513 loeum3
806 3441 934 3503 ibicet.
986 3443 1175 3518 Perspicuum

105 3557 169 3618 est,
204 3549 373 3626 tautologia
396 3549 620 3626 reprehensione
641 3567 700 3604 non
724 3567 823 3606 carere
844 3547 908 3604 illa:
945 3565 1012 3604 uno
1033 3546 1070 3604 in
1092 3547 1177 3605 loco

197 3665 305 3712 atrox
326 3675 448 3734 pugna
469 3656 506 3714 in
528 3671 633 3712 unum
667 3653 752 3714 incl.
783 3655 919 3725 locum,
951 3671 1004 3712 nec
1037 3663 1104 3730 apte
1135 3653 1177 3711 sic

107 3759 177 3830 dici,
200 3779 269 3820 uno
290 3761 326 3818 in
348 3762 429 3820 loeo
452 3763 553 3821 ferro
575 3761 728 3838 ignique
750 3780 811 3817 rem
827 3768 950 3836 gestam,
970 3759 1053 3835 quasi
1072 3757 1175 3816 ceteris

107 3867 183 3924 locis
206 3867 271 3924 aliis
294 3867 357 3925 telis
378 3877 462 3944 gesta
483 3867 530 3924 sit.
577 3867 774 3924 Vehementer
794 3865 883 3942 igitur
904 3865 1032 3922 animum
1047 3883 1175 3923 eommo-

107 3981 176 4044 vet,
209 3973 288 4049 quod
313 3993 331 4030 a
354 3975 379 4032 B
401 3975 508 4032 absunt
540 3973 634 4049 (nullo
660 3973 756 4048 spatio
777 3971 892 4046 relicto)
915 3973 1006 4030 verba
1039 3991 1108 4030 uno
1141 3971 1178 4028 in

107 4079 209 4154 loco;
247 4076 299 4155 (de
320 4079 352 4137 M
383 4079 452 4137 nihil
490 4055 635 4150 notatur).
692 4077 787 4135 Multo
815 4077 889 4136 enirn
925 4078 1030 4136 rectius
1051 4078 1178 4154 primum
