2826 4650
305 257 361 306 Lib.
381 257 429 306 111.
784 261 821 316 74

268 451 376 518 posset.
460 442 496 499 In
528 441 654 499 eiusdem
682 440 785 516 ospitis
807 445 862 510 §6
893 441 1085 515 suspicionem
1111 459 1218 517 ponem
1249 441 1340 498 dnbi-

269 555 373 615 tanter,
395 565 504 621 ponem
528 557 634 609 tamen.
677 548 757 604 Nem
782 547 860 621 quod
882 547 924 604 sio
945 547 1093 604 scribitur:
1126 547 1216 604 Inde
1237 566 1340 605 eorn-

269 652 393 727 posito
415 651 557 727 agmine
578 671 646 708 non
668 652 795 708 itineri
814 653 929 727 magis
951 653 1027 728 apti
1050 671 1152 727 quern
1175 653 1340 728 proelio,

270 759 300 815 si
322 776 380 815 res
400 759 453 814 its
474 757 637 826 tulisset,
666 758 832 832 legiones
853 758 931 832 ipse
953 758 1129 828 dictator,
1158 760 1342 834 magister

270 864 430 938 equitum
465 881 549 919 suos
581 863 725 936 equites
753 863 867 932 ducit,
899 864 1013 932 dubito,
1042 865 1141 940 ipsene
1170 866 1244 934 dux,
1285 866 1338 939 qui

270 969 427 1026 exercitum
452 969 489 1024 ud
511 967 753 1043 progrediendum
776 969 1001 1042 pugnandumve
1024 971 1195 1045 composuit,
1220 971 1339 1045 proelio

270 1084 321 1131 sut
341 1075 436 1131 itineri
458 1084 565 1149 aptus
587 1083 665 1130 reete
686 1072 811 1141 dicetur3
848 1091 915 1130 nem
938 1075 1155 1145 instructus,
1186 1093 1338 1151 compo-

269 1181 377 1249 situs,
399 1189 551 1254 paratus
574 1179 630 1236 dici
652 1187 764 1254 potest,
787 1179 856 1253 quiu
880 1199 915 1236 ea
936 1182 1027 1238 verbs
1048 1183 1177 1238 hobitum
1202 1182 1238 1238 ud
1260 1191 1338 1238 tem·

269 1305 323 1363 pus
341 1285 460 1360 aliquod
477 1293 622 1359 sumptum
633 1284 771 1353 indicant,
793 1295 914 1360 aptus,
936 1303 1025 1359 quum
1042 1286 1077 1342 de
1092 1287 1207 1344 homine
1219 1287 1339 1356 dicitnr,

269 1401 442 1469 perpetuum
457 1391 588 1447 habitum
606 1398 635 1446 et
649 1389 795 1464 ingenium
815 1389 967 1463 signifieat.
1008 1392 1073 1448 Nee
1089 1391 1185 1466 placet
1200 1392 1339 1449 absolute

268 1499 310 1556 sie
322 1498 377 1554 diei
392 1499 562 1554 dictatorem
579 1506 607 1552 st
622 1495 792 1570 magistrum
809 1495 938 1569 equitum
962 1497 1165 1571 composito
1191 1499 1338 1572 agmine

269 1604 336 1672 isse,
359 1603 443 1677 qussi
456 1602 615 1660 cavendum
632 1601 727 1660 suerit,
748 1619 785 1657 ne
802 1600 971 1658 dissolutum
984 1611 1013 1657 et
1027 1602 1176 1659 disiectum
1196 1605 1338 1661 habuisse

268 1719 448 1784 putarentur.
503 1706 668 1762 Videndum
701 1705 806 1780 igitur,
845 1726 881 1763 ne
913 1705 1014 1762 Livius
1049 1707 1207 1782 scripserit:
1243 1711 1338 1765 lnde

269 1814 477 1888 composito
517 1811 660 1885 agmins
697 1829 766 1866 non
804 1811 929 1868 itineri
965 1813 1080 1886 magis
1112 1819 1193 1893 spis
1227 1832 1335 1888 quam

268 1919 428 1994 proelio,
458 1918 486 1974 si
509 1936 566 1973 res
588 1917 640 1973 its
661 1915 824 1986 tulisset,
854 1927 934 1983 cett,
965 1918 1064 1974 dativo
1096 1919 1133 1975 ad
1162 1920 1336 1976 adverbium

268 2025 499 2094 accommodato,
519 2023 666 2098 quomodo
678 2022 801 2089 xxxl,
820 2023 936 2079 5dixit.:
959 2033 1163 2098 opportune
1184 2025 1336 2080 irritan-

268 2129 323 2185 dis
345 2129 484 2189 enimis.
539 2129 690 2192 Similiter,
715 2147 857 2185 conversa
880 2129 908 2184 iu
935 2129 1023 2185 aliam
1044 2139 1155 2204 partem
1181 2131 1336 2198 sententis,

269 2233 439 2304 XXXVII,
453 2237 532 2302 2l,2
556 2235 732 2292 Macedones
754 2234 889 2290 dicuntur
910 2234 1005 2290 abisse
1027 2234 1169 2308 agmine
1192 2233 1233 2289 ad
1260 2234 1337 2290 iter

270 2340 386 2414 magis
416 2359 519 2414 quum
552 2341 779 2415 red-pugnum
811 2338 1024 2414 composito.

352 2447 506 2503 Post-remo
529 2466 564 2503 ne
586 2446 616 2502 id
640 2445 754 2519 quidem
778 2435 976 2513 omittendum,
1001 2443 1113 2500 Livium
1136 2443 1164 2500 in
1186 2444 1242 2500 hoo
1256 2444 1335 2501 libro

268 2544 322 2622 bis,
346 2553 402 2608 hoo
424 2552 518 2627 capite
540 2552 584 2620 §3
606 2559 634 2606 et
655 2569 680 2608 o.
695 2551 773 2620 63‚6
797 2549 967 2606 Martium
991 2568 1150 2624 cenrpnm
1174 2549 1335 2624 appellare,

269 2676 354 2731 quem
384 2649 467 2714 alibi'
483 2675 597 2730 semper
627 2655 668 2726 (in
691 2657 747 2712 hoo
772 2656 837 2730 ipso
859 2655 934 2712 libro
961 2659 1014 2724 10,
1041 2661 1049 2712 1
1078 2663 1107 2711 et
1129 2659 1181 2724 611,
1205 2656 1235 2726 6)
1265 2673 1333 2712 eum

269 2763 333 2819 aliis
356 2781 450 2837 prosae
472 2761 612 2817 orationis
634 2759 823 2834 scriptoribus
845 2780 1005 2836 campum
1021 2761 1189 2817 Martium
1211 2761 1334 2835 proprio

267 2877 404 2942 certoque
425 2867 541 2924 nomine
563 2865 705 2940 appellat,
738 2866 799 2922 sine
832 2866 891 2922 ulls
913 2867 1157 2934 minimorum,
1192 2884 1256 2939 quae
1280 2877 1334 2922 aut

267 2975 296 3030 in
328 2975 470 3031 sententia
504 2982 555 3028 sut
586 2971 616 3028 in
645 2972 785 3028 orationis
818 2971 913 3028 forms
954 2973 1036 3042 insit,
1074 2973 1189 3028 inverso
1210 2955 1334 3029 'ordine

267 3080 375 3154 (priore
391 3081 456 3137 looo
469 3079 641 3154 interposita
656 3078 742 3134 etism
758 3079 976 3153 praepositione:
990 3077 1123 3134 Martio
1138 3077 1173 3133 in
1189 3097 1333 3153 campo,

266 3185 349 3258 quusi
384 3185 420 3242 ab
451 3184 508 3241 alio
536 3201 640 3258 eampo
672 3183 893 3258 distinguatur);
929 3203 997 3241 narn
1029 3185 1106 3258 quod
1139 3181 1333 3240 Drakenbor-

265 3291 346 3348 ohius
368 3291 454 3348 etiarn
477 3292 518 3361 ΙΙ,
545 3294 572 3360 5,
593 3291 610 3346 2
634 3289 805 3346 Martium
828 3307 988 3365 curnpum
1011 3289 1118 3346 dictum
1142 3306 1205 3345 esse
1227 3288 1332 3345 admo-

264 3403 328 3464 net,
355 3395 416 3452 eius
439 3395 553 3470 quidem
582 3395 638 3453 looi
659 3413 779 3471 prorsus
802 3394 861 3450 sliu
883 3407 926 3452 est
948 3395 1038 3462 ratio,
1067 3395 1096 3451 in
1118 3413 1176 3469 quo
1198 3395 1253 3450 hoo
1275 3413 1331 3450 no-

265 3519 330 3557 men
359 3501 483 3576 primum
515 3501 681 3576 impositum
712 3500 837 3558 traditur
865 3509 893 3556 et
924 3500 951 3556 in
981 3500 1141 3558 coniunctis
1164 3500 1331 3558 nominibus

264 3606 374 3663 Marti
397 3607 553 3664 Martius
582 3608 676 3682 figura
707 3606 807 3681 eliqua
839 3606 977 3662 orationis
1009 3615 1061 3662 ost.
1117 3607 1188 3664 Non
1208 3607 1329 3665 dubium

263 3711 386 3784 videtur,
409 3714 477 3788 quin
491 3712 592 3769 Livius
614 3723 643 3768 et
663 3715 719 3770 hoo
741 3712 835 3788 capite
858 3722 968 3767 tanturn
991 3712 1024 3767 in
1048 3730 1173 3786 campo
1196 3721 1223 3768 et
1246 3731 1269 3769 c.
1288 3717 1329 3770 63

262 3817 296 3874 in
319 3836 479 3894 oumpum
503 3817 680 3906 scripserit„
697 3817 941 3892 quemadmodum
972 3835 995 3872 o.
1019 3819 1073 3886 69,
1098 3819 1114 3873 8
1138 3817 1261 3874 delata
1293 3819 1328 3874 in

263 3941 439 3998 eampum,
471 3932 568 3980 mot-u
590 3942 632 3980 ex
654 3941 780 4000 compo
802 3922 884 3993 dixit,
909 3921 1082 3978 adiectivum
1106 3921 1254 3980 electore
1274 3923 1329 3980 uli-

262 4046 320 4102 quo
342 4029 591 4103 suprascriptum
613 4030 642 4086 in
665 4029 825 4086 oret-ionem
848 4027 968 4084 venerit
