2800 4646
580 278 640 336 215
952 276 1007 325 Lib.
1026 276 1101 328 xxl.

78 461 194 520 initium
221 481 275 538 per
302 473 336 520 et
363 463 529 540 adiungitur
550 461 762 538 superioribns3
792 459 988 518 scribendum:
1015 469 1137 518 castre

78 569 297 646 repetivere,
349 569 508 627 Postero
537 569 594 626 die
627 569 662 626 in
695 566 807 625 aciem
837 565 1035 642 progressi.
1078 567 1137 640 (De

78 685 203 752 etpost
225 695 242 738 e
263 675 363 733 addito
385 673 445 732 dixi
467 675 555 750 paulo
577 684 644 732 ente
665 673 703 731 ad
722 693 747 733 o.
768 675 816 742 Ἡ,
839 671 878 747 3.)
925 671 1064 744 XXXII,
1091 676 1137 744 14,

79 783 112 838 2:
133 782 226 840 Inde
252 780 439 858 Gomphos
461 755 621 838 'adortus
650 789 685 837 et
704 797 770 854 par
790 778 932 854 aliquot
952 777 1028 836 dIes
1050 795 1136 842 sum·

79 907 132 946 ma
162 888 199 946 vi
221 886 342 948 urbem
364 897 522 957 tuentes,
551 903 654 960 quum
683 884 751 942 iam
782 883 902 942 scales
932 884 975 942 ed
996 884 1137 942 moenie

80 995 284 1066 erexisset,
314 1033 353 1050 ..
384 993 548 1069 perpulit
578 991 621 1048 ad
654 989 885 1050 deditionem.
948 991 1135 1049 Scribendum

78 1077 139 1158 nna
158 1099 257 1158 littera
281 1098 406 1156 adiecta:
437 1099 652 1156 ..adortus
682 1101 744 1160 cst.
792 1097 862 1154 Per
893 1095 1034 1171 aliquot
1060 1095 1138 1153 dier

79 1217 130 1264 cet.
179 1205 242 1282 (W.
265 1205 417 1264 adortus
439 1215 493 1262 est
513 1216 547 1262 et
567 1223 630 1280 per
653 1205 713 1276 —).
746 1201 899 1270 XXXIV,
926 1204 974 1272 25,
998 1200 1133 1261 8:001-

35 1379 37 1383 ,
78 1313 287 1388 loquentem
309 1331 386 1370 eum
408 1329 485 1368 cnm
507 1309 584 1368 auis
606 1307 758 1366 satelles
845 1325 952 1382 quum
974 1327 1135 1367 arcesse·

77 1433 145 1490 ret,
182 1419 299 1476 sensit
328 1417 511 1493 proditum
543 1415 739 1474 consilium
770 1432 865 1484 esse,
896 1415 1136 1488 hortatusque

77 1523 306 1594 coniuratos,
337 1514 397 1598 qui
426 1521 593 1592 ederant,
628 1531 666 1580 ut
798 1539 897 1578 arma
927 1539 1048 1579 secum
1076 1538 1134 1576 oa·

75 1638 220 1705 perent3
258 1637 367 1703 etque
398 1629 450 1686 ite
478 1637 532 1686 etc.
585 1627 1134 1704 Kreyssigiusrcctehortatusque

71 1745 130 1812 ¹ost
143 1734 369 1792 'coniuratos
390 1733 572 1792 scribendum
592 1733 739 1793 iudicavit.
782 1733 934 1802 XXXIV,
950 1735 999 1804 27,
1015 1737 1032 1790 5
1048 1732 1135 1790 intor-

74 1840 349 1916 pungendaoratio
371 1840 413 1898 sio
436 1849 496 1898 est:
525 1849 634 1914 etque
655 1857 774 1897 eorum
803 1839 971 1898 contioni
992 1837 1134 1896 satelli-

74 1957 130 2004 tes
165 1957 330 2004 armatos
361 1943 602 2004 circumdedit
637 1954 671 2002 at
703 1963 819 2021 pauca
850 1944 1041 2021 prefatus,
1074 1961 1135 2001 cur

73 2053 146 2110 sibi
177 2052 297 2110 omnia
318 2052 460 2110 timenti
491 2051 710 2126 caventique
730 2051 988 2127 ignoscendum
1010 2049 1045 2107 in
1067 2048 1134 2105 tali

73 2171 240 2236 tempore
269 2158 382 2230 foret,
405 2205 411 2220 .
434 2200 470 2219 ..
498 2157 680 2234 externplo
721 2175 782 2214 eos
807 2157 1037 2227 emissurum,
1069 2155 1133 2212 sub

74 2265 149 2322 hrec
180 2263 292 2321 citeri
324 2264 470 2321 nomina
494 2263 686 2339 octoginta
715 2261 830 2322 sermo
856 2262 1058 2340 principum
1081 2261 1134 2318 iu·

73 2369 243 2428 ventutis
270 2369 394 2440 iussit,
417 2379 458 2438 ut,
479 2369 648 2445 interposito
667 2379 836 2444 argumento
858 2367 1044 2444 praefetionIa
1065 2385 1134 2424 con-

74 2475 324 2532 tinuenturheec:
356 2475 533 2552 praefatus
563 2474 773 2533 ...iussit
826 2473 995 2544 XXXVII,
1034 2473 1083 2542 tt,
1116 2477 1131 2530 7

74 2580 234 2639 manifesto
256 2581 361 2638 vitiosa
383 2591 426 2639 est
447 2581 541 2638 oratio
563 2581 592 2638 in
623 2581 679 2638 trie
707 2580 837 2636 membra
867 2579 1022 2655 descripta:
1055 2597 1133 2636 con·

74 2705 274 2744 surrexere
301 2727 369 2743 ...
397 2685 712 2760 contemplatique
740 2686 829 2758 (sum)
862 2727 926 2746 ...
955 2703 995 2742 ac
1020 2703 1134 2762 prope

74 2811 147 2850 una
178 2811 267 2850 voce
289 2832 296 2847 .
318 2831 326 2847 .
348 2833 356 2847 .
380 2791 695 2864 exclamaverunt,
723 2811 811 2868 quum
840 2809 929 2849 causa
954 2792 1135 2850 exclamendi

75 2896 259 2954 contineatur
285 2896 315 2953 in
343 2897 601 2974 contemplati3
631 2899 731 2974 itaque
763 2907 841 2956 recte
868 2915 907 2955 ae
935 2897 964 2954 in
988 2898 1161 2972 codicibus,
1215 2929 1221 2936 ·

17 2983 21 2991 “
74 3001 269 3060 derenci-ibus
291 3003 435 3060 sublacum
458 3013 509 3061 ee
557 3003 675 3074 xum,
698 3005 747 3064 m.
771 3008 787 3062 4
810 3003 852 3062 ue
873 3003 1054 3062 censendum
1076 3015 1133 3062 et:

75 3113 169 3184 App.
199 3105 405 3166 Claudius.
431 3151 438 3166 .
462 3151 469 3164 .
493 3109 694 3168 Phanotam
723 3151 759 3170 ..
784 3158 790 3171 .
813 3111 965 3167 adortus
994 3129 1133 3187 oppug-

75 3233 169 3272 nare
191 3222 245 3270 est
266 3214 341 3286 (cod.
362 3214 517 3272 adorsus
538 3216 747 3291 oppugnari
769 3225 837 3285 est,
859 3234 916 3273 non
932 3221 987 3282 et).
1038 3217 1134 3272 Aux-

75 3321 147 3378 iIie
178 3321 420 3378 Athamanum
453 3321 815 3396 Thesprotorumque
921 3340 1037 3378 secum
1069 3322 1133 3378 ed·

74 3425 182 3486 duxit
206 3443 323 3500 neque
344 3445 461 3502 operte
482 3425 637 3501 pretium
659 3423 748 3483 fecit
773 3435 826 3484 cet.

161 3529 260 3607 ‘Cep
295 3533 349 3603 ²7,
386 3533 403 3590 8
437 3532 588 3607 quoniam,
625 3549 712 3607 quam
744 3531 871 3590 feceram
903 3531 1133 3588 emendationem

75 3641 205 3713 (navas
224 3657 278 3714 pro
301 3635 452 3712 nantes),
475 3656 539 3695 eam
550 3637 816 3695 Weissenbornium
832 3645 960 3695 secutum
977 3636 1072 3708 video,
1096 3657 1132 3696 ex

74 3763 138 3822 qno
158 3743 282 3819 cognovi
304 3743 545 3819 Heerwagenium
566 3743 595 3800 in
618 3743 738 3801 eandem
761 3738 936 3818 incidisse¹)‚
965 3743 1132 3802 brevissime

92 3979 120 4049 ¹)
144 3981 176 4032 In
194 3982 285 4032 iterate
303 3984 335 4034 eb
353 3983 537 4047 Heerwagenio
555 3983 678 4032 librorum
691 3983 758 4032 XXI
777 3997 802 4033 et
815 3985 894 4035 XXII
913 3985 1023 4035 edidere
1041 3983 1131 4033 Fabri·

145 4091 197 4126 ana
214 4090 270 4124 eam
288 4075 460 4125 conIcctnram
478 4091 530 4126 non
548 4077 655 4141 reperio.
