2800 4646
281 269 340 320 ffl-
356 267 485 318 nm·
784 273 845 328 ldl

282 454 502 514 educeretur
523 453 633 528 iisque.
659 473 725 529 qut
745 465 915 530 sequntur,
935 455 997 512 nee
1017 461 1185 511 euotmtur:
1216 453 1334 510 educe-

282 569 388 618 retur
418 559 499 626 siue
524 559 608 617 dolo
630 560 740 630 melo,
771 561 801 618 si
823 579 894 636 qus
914 559 1062 637 publice
1088 571 1150 616 ent
1170 559 1333 636 privatim

283 675 366 724 ente
392 665 523 723 eductu
555 663 693 734 forent,
728 667 886 726 dominis
918 675 1016 724 reete
1046 665 1332 722 restituerentur.

282 771 475 848 Perspicuum
505 781 549 828 est
577 771 648 828 illud
675 773 754 830 sine
787 774 872 832 dolo
901 772 995 830 melo
1016 791 1037 829 s
1056 771 1175 829 huntio
1194 771 1262 842 eddi
1282 789 1335 827 non

283 878 428 955 potuisse3
451 877 517 952 quis
540 876 616 934 euim
637 877 1068 953 vnlgnffimimmdverbio
1091 887 1190 936 recte
1212 877 1336 953 edem-ip·

282 995 364 1042 turus
388 983 596 1058 interpretuudi
632 1001 723 1042 cuum
748 995 810 1042 erut
843 985 992 1060 proprium
1022 984 1092 1042 iuris
1122 979 1335 1054 lormulnml¹l

283 1107 377 1164 neque
398 1107 436 1146 ex
456 1088 693 1164 publicumve
722 1099 784 1146 sut
814 1089 996 1164 privstnm
1023 1089 1108 1147 iucile
1142 1090 1212 1148 oriri
1247 1090 1336 1166 potnit

283 1194 430 1272 publice
449 1205 513 1252 eut
531 1195 716 1271 privatim.
769 1195 875 1269 ltuque
895 1195 988 1252 m'd·
1009 1196 1111 1266 codini,
1140 1215 1259 1272 exque
1279 1207 1335 1254 tum

281 1301 379 1360 multis
399 1300 471 1360 locis
491 1299 631 1376 supplete
650 1299 763 1358 lncunm
786 1311 945 1360 ceterorum
974 1313 1056 1372 suut,
1083 1301 1130 1358 hie
1161 1320 1279 1377 qnoque
1299 1303 1336 1361 ite

282 1407 456 1464 credendum
486 1415 573 1482 puto,
609 1415 642 1463 ut
670 1425 798 1464 errorem
827 1424 942 1462 omnem
969 1415 1020 1462 uut
1042 1407 1080 1464 ab
1106 1407 1171 1482 ipse
1196 1409 1336 1484 scripture

282 1521 334 1572 eut
354 1513 393 1570 ab
428 1514 489 1570 eius
522 1513 671 1570 notatione
699 1511 808 1570 eluisse
834 1529 895 1568 nou
922 1521 1064 1585 prestere.
1115 1511 1226 1572 Saltem
1258 1514 1337 1574 dolus

282 1618 376 1676 mulus
397 1621 436 1677 ub
457 1637 493 1676 eo
513 1639 546 1676 re
568 1619 671 1676 obesse
700 1617 792 1676 iuberi
822 1635 880 1673 uon
901 1625 1014 1691 potest,
1044 1635 1108 1691 quae
1138 1621 1257 1679 omnino
1279 1621 1335 1678 sine

281 1725 451 1801 exceptione
481 1725 543 1783 lieri
569 1731 700 1794 vetetur,
730 1743 766 1780 ne
791 1721 937 1797 mancipis
957 1721 1125 1782 educuntur.
1174 1727 1242 1784 xisi
1271 1726 1335 1802 quid

281 1831 368 1906 igitur
388 1841 529 1906 preterea
549 1831 646 1888 mendi
666 1831 780 1898 subest,
805 1829 848 1886 sie
869 1826 1071 1902 distinguendo
1091 1830 1152 1886 hec
1172 1842 1257 1888 sunt:

280 1935 513 2004 educeretur,
544 1933 602 2014 [et]
630 1937 709 1994 eine
737 1936 821 1994 dolo
847 1933 955 2004 mulo,
985 1934 1016 1990 si
1044 1953 1113 2010 que
1139 1936 1288 2010 publice
1307 1937 1335 2010 (u

279 2041 397 2099 Nabide
416 2041 494 2117 ipso)
515 2053 577 2100 eut
597 2040 776 2118 priuatim
798 2039 850 2112 (eb
872 2038 933 2096 eius
955 2039 1103 2114 militibus)
1125 2051 1208 2098 ente
1233 2043 1335 2100 educ-

281 2157 318 2206 te
338 2147 476 2218 forent,
497 2148 654 2206 dominis
675 2156 774 2204 recto
795 2144 1090 2204 restituerentur.
1133 2147 1212 2205 Fieri
1233 2159 1336 2224 potest,

280 2263 313 2312 ut
332 2263 433 2312 reete
454 2255 617 2325 accesserit,
641 2271 730 2330 quum
752 2251 836 2308 dolo
864 2249 959 2333 molo
988 2253 1026 2308 nd
1048 2253 1199 2328 superiore
1220 2254 1336 2312 ediune-

280 2371 341 2418 tum
363 2371 452 2430 essen
483 2360 534 2418 sed
556 2359 660 2428 luteor,
690 2356 915 2416 commodiorem
937 2356 1013 2414 hunc
1033 2355 1160 2415 futurum
1181 2357 1274 2419 fuisse
1293 2381 1335 2418 or·

280 2464 391 2524 dinem:
414 2467 644 2534 educeretur;
665 2465 696 2522 si
717 2481 787 2538 que
806 2481 836 2538 p.
853 2481 881 2522 e.
897 2481 926 2537 p.
950 2473 1035 2520 unte
1056 2463 1185 2520 educte
1206 2465 1338 2536 forent,

279 2571 437 2630 dominis
459 2571 537 2629 siue
561 2571 645 2628 dolo
673 2569 767 2628 mulo
790 2567 1086 2626 restituerentur.

362 2676 435 2753 Cup.
469 2679 524 2748 36,
560 2679 593 2735 ³:
646 2677 876 2734 Iuventutem
912 2681 1092 2748 preterea
1128 2675 1334 2734 civitatium

278 2801 400 2840 eurum
434 2783 666 2852 (maritimarum,
698 2780 803 2855 quibus
830 2779 933 2838 oedero
966 2779 1061 2838 Nubis
1096 2780 1262 2855 iubebatur)
1297 2781 1335 2838 nd

279 2888 565 2963 supplementum
596 2889 704 2963 louge
731 2884 859 2962 optimi
879 2885 1027 2959 generis
1048 2886 1204 2946 militum
1226 2890 1334 2947 hebe-
1356 2887 1359 2895 '

278 2995 348 3054 bet.
401 2994 505 3070 Neque
537 2967 762 3051 iuventutern
799 2991 934 3048 hebere
966 2990 1013 3047 ed
1046 2994 1334 3069 supplementum

278 3100 346 3172 (hoe
367 3109 420 3169 est,
441 3100 516 3157 unde
538 3097 767 3174 supplementum
799 3097 942 3173 cupiatur)
973 3097 1076 3156 Latine
1097 3099 1153 3158 diei
1174 3110 1263 3176 puto,
1285 3117 1334 3156 uec

276 3204 321 3262 ed
336 3204 624 3280 supplementum
646 3203 776 3280 optimi
805 3204 953 3278 generis
974 3204 1143 3276 militum;
1172 3206 1228 3262 hoc
1260 3204 1334 3262 euim

276 3311 330 3368 erit
358 3310 402 3367 ed
444 3310 687 3387 supplendum
730 3309 902 3385 optimum
938 3328 1054 3386 genus
1097 3310 1266 3382 militum,
1305 3319 1334 3365 ut

276 3436 334 3478 non
355 3417 419 3493 ipsu
440 3416 502 3474 hmo
523 3417 656 3474 iuventus
678 3415 825 3484 laudetur,
853 3415 904 3473 sed
927 3416 1048 3474 militum
1068 3415 1124 3474 ille
1145 3417 1247 3493 copie,
1270 3433 1332 3492 que

275 3525 342 3582 indo
368 3522 564 3599 suppleantur.
622 3521 758 3578 Latinum
790 3530 819 3578 et
846 3529 955 3581 rectum
987 3533 1064 3580 erut:
1100 3523 1331 3581 Iuventutem
1375 3569 1376 3572 η

274 3673 471 3685 ..------

293 3771 318 3834 ¹]
344 3775 403 3825 lion
421 3777 532 3826 venisset
550 3776 575 3824 in
594 3785 707 3824 mentem
725 3774 855 3837 glossema
871 3776 920 3824 hoe
939 3775 1075 3840 appellere,
1096 3777 1118 3825 ri
1136 3783 1181 3834 unt
1193 3775 1222 3824 ll
1240 3776 1330 3824 eodem

344 3869 420 3918 modo
439 3881 490 3931 quo
507 3869 530 3916 B
549 3881 684 3917 nossemus
704 3877 749 3917 eut
775 3869 796 3918 si
819 3868 917 3919 mutim
936 3870 967 3917 de
986 3867 1095 3919 libreriir
1114 3879 1251 3929 eorumque
1269 3881 1330 3914 oon·

344 3963 477 4011 suetudine
495 3959 663 4022 loqueremur.
