2800 4646
275 283 334 338 Lib.
352 285 387 334 X.
747 288 804 344 198

241 469 281 526 ad
314 485 365 526 eos
398 470 604 546 opprimendos
637 469 741 526 exisse.
816 470 942 544 Propter
979 471 1041 527 hoee
1074 465 1163 544 igitur
1200 469 1313 525 verba:

243 572 457 650 Conspectu
486 585 582 634 et-
605 595 646 634 ea
679 555 885 646 multitudo,
920 593 985 649 quse
1022 577 1100 651 apud
1121 576 1235 633 Livium
1259 593 1311 631 re·

243 680 386 756 spondent
423 681 494 740 illis:
527 681 587 756 qui
609 712 650 724 —
671 679 931 751 viderantete.‚
946 680 1137 757 interpolator
1157 681 1216 737 iam
1237 689 1313 736 ante

243 787 313 862 poni
335 787 441 845 debere
465 787 580 862 putavit
601 783 800 860 conspecti.

344 890 419 966 Cap.
443 895 482 949 44
513 892 593 967 piget
624 909 707 968 paene
728 889 824 946 dicere
856 899 885 945 et
907 891 961 958 §2
997 891 1207 948 emendandam
1242 907 1313 948 esse

244 997 384 1054 orationis
405 997 664 1072 interpunctionem
685 995 755 1064 (hoe
777 994 879 1053 modo:
903 995 1102 1070 eodemque
1124 994 1315 1069 dieAqui-

244 1103 345 1159 lonia
387 1111 422 1158 et
448 1101 654 1160 Cominium
690 1099 951 1175 deflagravere
987 1110 1022 1158 et
1058 1101 1231 1160 eonsules
1267 1133 1311 1143 -

245 1216 369 1266 cestra
390 1208 632 1279 coniunxere)
656 1214 685 1263 et
706 1211 721 1275 ξ
745 1209 762 1262 6
787 1203 1005 1281 (Consilium
1028 1207 1110 1265 inde
1131 1207 1313 1264 habitum.

246 1313 360 1388 Quum
389 1313 458 1370 iam
485 1321 625 1387 tempus
655 1320 753 1369 esset
774 1311 978 1368 deducendi
1001 1313 1044 1368 ab
1067 1311 1214 1371 Samnio
1236 1329 1307 1366 ex·

248 1419 385 1477 ercitus
418 1427 479 1475 ant
501 1416 697 1489 utriusque
729 1425 792 1472 aut
813 1421 912 1471 certe
937 1415 1108 1487 ulterius,
1132 1415 1311 1491 optimum

246 1524 361 1581 visum
381 1522 459 1598 net).

330 1628 404 1706 Cap.
428 1631 477 1698 46,
504 1629 536 1683 6:
560 1629 759 1700 Auctaque
784 1645 826 1683 en
847 1625 993 1683 invidia
1019 1627 1113 1701 (quod
1134 1625 1163 1682 in
1188 1625 1221 1681 L.
1245 1625 1315 1682 Pn-

246 1734 313 1810 pirii
343 1735 489 1809 triumpho
519 1731 589 1787 nihil
619 1751 657 1788 ex
685 1733 786 1808 praede
808 1731 947 1788 militibus
969 1733 1068 1788 datum
1090 1729 1165 1804 eret)
1188 1739 1243 1785 est
1265 1731 1314 1786 ad

246 1840 397 1916 plebem,
420 1838 514 1913 quod
535 1837 712 1895 tributum
735 1838 844 1895 etiam
864 1837 897 1893 in
913 1836 1134 1913 stipendium
1156 1835 1312 1893 militum

247 1945 426 2002 collatum
450 1953 520 2012 est,
556 1962 676 2016 quum,
712 1943 743 1999 si
774 1951 900 2018 spreta
921 1941 1045 2016 gloria
1067 1941 1200 1999 fuisset
1222 1959 1313 2016 eap-

247 2050 329 2107 tivae
349 2047 510 2125 pecuniae
530 2047 565 2104 in
589 2048 907 2116 veremudidem,
935 2057 970 2104 et
1003 2045 1112 2104 militi
1133 2054 1203 2103 tum
1229 2046 1313 2103 deri

248 2174 290 2212 ex
312 2155 433 2230 praede
454 2162 488 2210 et
509 2153 732 2228 stipendium
747 2153 908 2210 militare
923 2153 1093 2227 praestari
1110 2152 1310 2227 potuisset.

252 2259 399 2318 Particule
419 2268 491 2316 tum
512 2259 584 2316 nihil
605 2261 703 2328 hebet,
725 2259 803 2333 quod
826 2268 904 2333 agat,
932 2259 1069 2332 quonium
1092 2258 1128 2314 de
1151 2258 1231 2314 nullo
1252 2259 1319 2315 elio

249 2375 379 2440 tempore
401 2365 523 2440 cogitari
545 2373 654 2440 potest3
677 2365 758 2421 duri
780 2364 821 2420 sin
846 2365 994 2433 absolute,
1018 2364 1097 2422 nullo
1121 2363 1220 2420 addito
1244 2365 1317 2421 sub-

248 2471 323 2528 iecto
357 2469 479 2544 (militi
511 2489 553 2527 ex
580 2471 701 2545 praedu
729 2469 860 2543 detur),
894 2470 950 2527 diei
971 2469 1080 2544 nequit.
1124 2470 1314 2528 Manifestum

248 2586 301 2646 est,
325 2577 354 2633 in
377 2585 448 2634 tum
479 2575 570 2633 lutere
602 2573 814 2632 substantivum
836 2576 1013 2632 contrarium
1035 2575 1232 2651 stipendio.
1278 2577 1315 2632 ld

249 2689 300 2738 aut
334 2682 464 2738 donum
498 2689 550 2737 nut
583 2697 710 2737 munus
733 2697 797 2736 esse
817 2689 929 2755 potest:
965 2690 999 2737 et
1032 2681 1143 2738 militi
1181 2680 1316 2736 donum
1398 2681 1399 2684 ’

249 2786 329 2842 dari
351 2805 393 2842 ex
421 2786 544 2860 praeda
566 2795 600 2842 et
623 2784 846 2859 stipendium
871 2785 1035 2842 militare
1054 2785 1223 2861 praestari
1246 2803 1317 2859 po-

250 2890 391 2948 tuisset.
488 2889 583 2948 Paulo
605 2900 672 2965 post
699 2889 732 2960 (ξ
756 2892 786 2962 8)
809 2891 992 2950 selibendum
1015 2901 1074 2948 est:
1107 2890 1167 2946 sed
1194 2889 1316 2945 soniis

249 2995 356 3052 etiam
380 2995 613 3076 offoniisque
636 2998 701 3071 (pro
724 2996 956 3071 colonisque)
978 2995 1159 3065 finitimis,
1171 2995 1317 3068 quemad-

250 3099 367 3156 modum
390 3101 415 3171 1,
440 3103 488 3171 52,
512 3102 529 3157 2
552 3101 637 3158 video
659 3119 736 3158 nune
756 3111 834 3159 reete
856 3102 915 3172 edi3
937 3121 1005 3160 nam
1028 3101 1106 3178 apud
1127 3099 1318 3157 Latinoseo-

249 3203 329 3261 loni
350 3203 455 3280 singuli
478 3206 675 3282 appellantur,
706 3207 807 3282 populi
830 3206 1019 3282 civitatesque
1051 3205 1229 3264 coloniarum
1262 3223 1321 3260 no-

249 3310 340 3381 mine,
366 3329 426 3368 non
453 3310 632 3382 colonorum,
654 3311 861 3388 significentur.
