2826 4650
740 277 772 332 12

224 471 415 536 pagatorum,
438 461 525 535 paulo
548 460 619 516 illud
641 460 734 516 minus
757 459 910 534 frequens,
932 459 1107 516 semitm-in
1129 461 1283 518 verborum

223 567 385 624 vicinorum
413 566 652 641 transpositione;
685 566 928 641 quemadmodum
950 565 1024 622 enim
1048 566 1078 622 in
1105 565 1168 636 III,
1192 570 1240 636 55,
1264 568 1282 624 8

224 672 252 729 in
277 673 376 730 codiee
397 673 555 747 archetypo
577 670 645 728 fuit:
669 673 738 729 hae
759 671 852 728 iuris
874 671 955 744 lege
976 671 1206 747 interpretes
1227 691 1283 747 pro

223 797 274 849 eo,
306 779 383 853 quod
406 787 482 836 reete
511 778 620 834 editur:
653 777 719 834 huo
744 778 824 852 legs
850 777 941 834 iuris
968 778 1209 854 interpretes,
1241 779 1283 834 sie

223 885 252 940 iu
279 883 450 960 praelatione
476 884 571 960 operis
601 888 615 954 ᾗ
642 889 659 940 3
691 885 715 940 is
746 883 882 958 seriptum
907 884 1009 941 habuit
1040 903 1124 940 seue:
1157 885 1284 959 prisea

223 999 300 1046 tota
320 990 386 1047 illa
410 1001 526 1047 mente
547 991 694 1065 (prohoor
716 990 836 1064 pnlsea
858 989 925 1046 illa
946 998 1024 1046 tots
1047 992 1190 1064 mente),
1204 991 1282 1064 quod

221 1079 344 1172 prorsus·
359 1095 468 1153 frustra
483 1096 735 1153 Weissenbornius
757 1095 911 1153 defendere
932 1105 1069 1164 conatur-3
1092 1115 1184 1170 neque
1206 1097 1281 1152 enim

223 1221 382 1278 pronomen
403 1202 472 1259 illa
493 1191 534 1259 ab¹
554 1202 697 1259 adieetivo
728 1220 780 1258 suo
811 1211 977 1277 separatum
1006 1211 1034 1258 et
1062 1202 1111 1258 alii
1138 1201 1283 1258 adieetivo

222 1303 362 1364 adalind
385 1308 596 1365 substantivum
618 1307 770 1384 pertinenti
798 1308 840 1364 ita
860 1309 1033 1376 subiectum,
1065 1317 1115 1378 ut,
1144 1307 1282 1382 quoniam

221 1415 421 1472 terminatione
450 1433 507 1471 uon
540 1412 650 1482 differt,
689 1431 758 1470 oasu
789 1432 904 1488 quoque
933 1433 996 1471 eum
1022 1416 1077 1471 hoo
1099 1414 1281 1470 coniunctum

220 1531 352 1597 putetur,
382 1520 470 1576 ullam
492 1519 595 1594 recipit
616 1520 845 1588 exornationem
867 1520 1001 1595 idemque
1020 1539 1102 1577 error
1122 1520 1151 1576 in
1173 1520 1217 1576 his
1238 1519 1283 1575 lo·

221 1628 261 1684 eis
281 1636 412 1684 versutus
434 1635 495 1682 est:
527 1625 574 1695 II,
602 1629 653 1694 15,
678 1625 696 1680 3
721 1627 907 1698 (hostibus
929 1626 1053 1701 potius
1077 1643 1179 1699 quam
1201 1644 1282 1699 por·

220 1743 277 1790 tas
298 1732 449 1807 regibus
471 1732 501 1787 in
524 1732 612 1800 Med,
634 1733 713 1802 Par,
735 1734 827 1790 Rhen.
841 1751 894 1808 pro
916 1750 1000 1788 vero:
1021 1741 1154 1806 portas
1176 1749 1282 1805 quam

220 1838 390 1912 regibus,
425 1839 503 1911 quod
525 1839 554 1894 in
576 1837 723 1896 codicibus
745 1837 927 1894 inferioribus
950 1847 1051 1894 estex
1072 1836 1282 1904 emendatione,

220 1955 253 2002 ut
276 1944 412 2014 videtur),
434 1945 492 2014 III,
516 1949 564 2014 70,
589 1944 764 2017 blquibus
783 1945 856 2000 sibi
877 1945 905 2002 in
922 1945 1012 2012 Med,
1034 1946 1185 2018 Panprot
1208 1943 1282 1999 sibi

220 2050 385 2126 quibus),
414 2049 479 2118 111,
510 2051 564 2121 72,
596 2054 612 2108 6
637 2050 794 2128 (vocatae
822 2050 922 2107 valet
946 2051 976 2106 in
1003 2050 1098 2118 Med,
1120 2050 1189 2106 Par.
1210 2067 1282 2122 pro:

219 2157 331 2224 valet3
354 2151 525 2231 voeatae),
555 2157 633 2223 VII,
657 2159 705 2226 38,
728 2159 745 2213 9
773 2157 820 2230 (et
841 2165 948 2212 oetate
969 2156 1120 2212 haberet
1141 2154 1169 2210 in
1192 2153 1282 2222 Med,

217 2263 296 2330 Pnr.,
320 2261 399 2320 Leid.
424 2265 449 2332 1,
472 2263 545 2320 Lov.
566 2266 593 2330 4,
615 2262 733 2333 Kloek.,
755 2263 783 2318 in
807 2262 909 2318 ceteris
933 2269 1091 2318 correctum
1114 2261 1277 2327 haberet,

216 2377 252 2424 et
274 2363 414 2444 aetate),
447 2367 543 2438 VIII,
571 2369 623 2436 12,
651 2373 684 2426 13
716 2368 901 2440 (AEmilius
923 2377 995 2424 tum
1019 2367 1124 2424 ouius
1148 2365 1277 2422 fasces

216 2483 317 2528 erent
339 2472 369 2528 in
384 2464 478 2542 Men,
493 2475 572 2544 Pan,
595 2473 727 2544 Gaertn,
751 2476 824 2532 Lov.
835 2477 863 2546 4,
884 2473 960 2530 unde
983 2473 1129 2529 aliiAEm.
1153 2481 1276 2528 tamen

216 2578 316 2635 ouius
345 2577 367 2638 f.
391 2597 433 2644 e,
466 2579 515 2636 alii
544 2589 614 2638 tum
643 2581 793 2650 omittunt3
825 2589 903 2636 recte
931 2579 1024 2636 editur
1050 2578 1154 2635 ouius
1182 2585 1276 2646 turn),

216 2685 309 2755 VIII,
332 2687 387 2754 24,
410 2690 427 2742 4
454 2685 504 2758 (ιιι
526 2696 682 2743 ceterum
704 2706 775 2762 pro:
797 2696 954 2742 ceterum
978 2683 1046 2760 ιιι),
1069 2685 1156 2753 VIII,
1179 2685 1233 2750 32,
1257 2685 1273 2739 9

217 2791 410 2863 (adversus
433 2790 581 2864 singula
605 2810 679 2865 quae
701 2811 769 2868 pro:
796 2791 876 2848 adv.
899 2809 973 2864 quse
994 2791 1166 2866 singula),
1187 2789 1275 2858 VIII,

218 2899 273 2966 36,
308 2901 342 2952 10
370 2915 433 2953 nee
459 2895 513 2952 irs
540 2897 656 2971 magis
679 2916 784 2971 quam
807 2896 956 2973 publiea
977 2896 1163 2972 privatum
1187 2914 1276 2953 eom·

215 3001 398 3076 pendium,
436 3002 513 3074 quod
548 3021 635 3058 unum
669 3002 869 3060 Alschefskius
901 3022 959 3059 non
992 3020 1078 3060 ausus
1110 3014 1153 3059 est
1185 3002 1275 3077 sequi,

216 3126 303 3182 quum
334 3107 362 3163 in
391 3106 492 3163 ceteris
521 3105 587 3163 libri
608 3107 670 3164 VII
693 3118 721 3165 et
743 3109 821 3167 VIII
842 3109 913 3166 loeis
935 3127 1027 3184 prava
1048 3105 1185 3181 teneret),
1217 3108 1275 3176 IX,

217 3217 251 3282 4,
274 3214 291 3267 u
318 3210 407 3283 (illis
431 3220 468 3268 ut
491 3243 528 3254 -
553 3212 607 3269 its
631 3215 735 3270 nobis
757 3235 824 3291 pro:
852 3225 890 3271 ut
912 3214 1017 3284 illis).
1061 3213 1115 3270 His
1138 3213 1276 3287 exemplis

215 3317 377 3374 addendum
401 3335 464 3374 esse
482 3319 548 3385 IX,
572 3321 600 3388 6,
628 3321 679 3378 12,
701 3321 751 3376 ubi
772 3322 872 3378 ordine
894 3321 931 3376 sd
953 3339 1017 3376 eum
1040 3320 1134 3376 locum
1158 3325 1273 3374 ventum

215 3423 284 3494 erit,
312 3423 471 3480 ostendam.

299 3530 438 3586 Poteram
460 3529 590 3586 similiter
617 3531 652 3586 de
681 3533 783 3589 esteris
801 3531 970 3588 mendorum
991 3533 1144 3606 generibus
1167 3551 1204 3588 ox
1226 3552 1274 3589 ar-

216 3637 339 3712 chetypo
356 3635 393 3691 ad
409 3653 508 3692 omnes
521 3635 635 3692 codices
645 3638 815 3712 propagatis
829 3638 932 3707 dicere,
955 3638 990 3693 de
1001 3637 1153 3712 geminatis
1173 3637 1275 3695 litteris

216 3750 244 3797 et
265 3740 384 3816 syllabis
406 3741 450 3813 (ιιι
471 3741 496 3810 I,
520 3743 568 3810 32,
596 3745 625 3797 11
653 3761 719 3799 rex
741 3763 783 3799 ex
805 3762 859 3818 pro
881 3739 1002 3821 rex)¹),
1024 3744 1059 3800 de
1078 3743 1166 3800 semel
1185 3745 1274 3820 serip-

261 3891 375 3898 --.-...-..
390 3893 412 3898 ...-

232 3968 258 4035 ¹)
286 3972 327 4022 Ex
346 3974 396 4022 boe
414 3989 507 4036 genere
526 3984 565 4026 est
583 3991 773 4040 quamquam
793 3979 913 4042 scriptum
935 3993 1093 4042 proquam
1113 3979 1177 4038 VII,
1197 3981 1238 4039 37,
1258 3987 1273 4028 8

284 4065 325 4128 (in
344 4065 414 4114 Med.
434 4081 485 4115 uno
503 4066 577 4126 VIII,
597 4074 621 4128 4,
647 4075 677 4117 10
696 4071 777 4118 unde
801 4071 885 4119 uude
903 4085 949 4134 pro
969 4072 1067 4133 unde,
1086 4063 1275 4136 sequeute'Al-
