2800 4646
574 303 633 360 213
950 297 1010 386 prb.
1028 295 1101 347 xxr.

67 484 149 541 libro
178 495 246 560 post
277 503 372 561 pauca
402 485 499 562 capita
520 479 586 562 (25,
610 484 639 557 5)
663 502 802 542 consensu
827 485 995 553 damnatur,
1017 483 1136 541 incer·

67 601 144 648 tum
170 601 302 648 antean
323 603 390 666 post
412 584 617 662 dubium).¹)

159 694 258 773 'Cap
284 699 334 767 tt,
357 699 384 754 3.
440 697 691 770 Quemadmodum
720 705 800 754 recta
820 695 951 752 oratione
972 695 1136 752 necessario

71 813 123 858 aut
151 803 194 860 sie
227 803 385 878 loquimur:
419 801 592 877 Colloqui
622 801 818 859 ,vobiscum
850 801 949 872 vulo;
983 801 1040 858 vel
1072 817 1135 858 vos

69 908 229 984 propius
253 909 423 967 accedite
451 907 508 964 vel
535 925 599 982 ego
621 907 831 982 procedam,
859 917 910 964 aut
931 907 985 964 aic:
1006 907 1135 982 itaque

71 1014 130 1070 vel
152 1033 219 1071 ros
241 1021 409 1086 cet.,!nemo
422 1025 533 1072 autem:
555 1023 588 1071 et
608 1013 666 1070 vel
686 1030 751 1070 vos
774 1022 828 1070 cet.
850 1013 928 1082 dicit,
949 1013 990 1070 sic
1011 1013 1041 1069 in
1063 1011 1135 1068 obli·

71 1137 132 1192 qua
162 1121 294 1179 oratioue
325 1122 429 1180 dicitur
457 1131 520 1178 aut:
552 1119 715 1194 colloqui
742 1129 854 1177 temet
876 1153 915 1162 -
938 1119 1048 1189 velle3
1079 1117 1136 1174 vel

71 1224 143 1299 ipsi
167 1245 217 1301 pr.
239 1227 457 1284 accederent
478 1236 531 1282 cet.
553 1235 617 1282 aut:
639 1225 767 1300 itaque
789 1224 847 1282 vel
867 1225 939 1301 ipai
962 1235 1015 1284 oet.
1064 1224 1135 1282 Tol·

71 1329 190 1388 landum
214 1331 302 1407 igitur
326 1343 375 1404 et,
400 1334 476 1408 quod
501 1345 566 1408 post
588 1330 686 1388 velle
711 1331 835 1402 additur,
864 1341 957 1390 ortum
976 1351 1013 1390 ex
1035 1331 1136 1388 ultima

70 1435 170 1494 littera
191 1438 273 1496 verbi
295 1439 405 1510 velle,
427 1449 459 1496 ut
480 1438 549 1496 alibi
578 1437 731 1498 interdum,
760 1438 840 1494 velut
861 1439 987 1508 XXVI,
1014 1440 1060 1507 12,
1086 1440 1135 1505 te;

70 1548 169 1609 (recte
196 1544 272 1600 enim
300 1545 441 1603 intellexit
462 1543 597 1602 Dulrerus
619 1561 706 1600 voces
743 1544 952 1618 litteraque
983 1543 1136 1620 prolatae

69 1649 219 1722 pertinere
242 1651 279 1706 ad
302 1651 458 1708 finiendam
479 1651 605 1725 priorem
629 1651 841 1721 narrationem,
878 1649 981 1707 deinde
1003 1650 1134 1726 adiungi:

88 1962 112 2027 ι)
142 1965 269 2016 Proximo
300 1967 428 2030 superiore
454 1967 536 2031 capite
564 1967 619 2030 (18,
651 1973 682 2015 10
710 1975 736 2015 et
767 1967 819 2026 tt),
850 1967 893 2016 ubi
923 1967 983 2016 olim
1012 1967 1137 2016 edebatur

142 2058 263 2108 foedus
282 2060 352 2116 icit,
378 2073 459 2116 nune,
485 2061 545 2122 quia
563 2060 590 2108 in
614 2058 746 2108 codicibus
770 2067 809 2108 cat
826 2058 942 2110 ioedua
966 2061 1062 2114 iecit,
1082 2060 1135 2108 edi·

143 2161 186 2200 tur
204 2151 321 2202 foedus
347 2150 439 2208 tecit,
466 2153 588 2200 retinetur
612 2161 697 2200 autem
722 2151 748 2200 in
774 2153 863 2202 eodem
882 2153 1016 2202 uerborum
1036 2153 1134 2202 ambitu

145 2244 244 2292 ictum
265 2254 312 2293 cat
332 2243 588 2306 (fortunatium,
619 2245 706 2292 debuit
732 2245 811 2294 teneri
840 2245 916 2294 ctiam
947 2247 1007 2294 icit
1034 2245 1082 2304 rel,
1114 2245 1135 2294 ai

146 2339 203 2400 quia
223 2337 327 2396 mavult,
347 2339 428 2400 ipaum
447 2337 510 2386 illud
542 2338 634 2396 iecit,
661 2338 698 2386 aio
720 2338 788 2386 enim
808 2338 883 2388 huius
902 2339 971 2386 verbi
996 2336 1135 2402 perfectum

145 2429 171 2477 in
191 2431 323 2480 codicibus
341 2446 406 2494 saepe
425 2430 516 2488 scribi,
536 2433 587 2480 aive
610 2431 643 2479 ad
662 2431 756 2480 rotalis
774 2445 918 2480 mensuram
943 2429 1135 2493 aignificandam

145 2523 199 2571 ait-e
223 2537 317 2582 errore,
342 2523 464 2586 exemplis
490 2523 580 2588 positia
604 2523 703 2572 ostendi
728 2523 822 2587 Opuac.
842 2522 925 2572 Acnd.
944 2522 969 2571 11
987 2539 1011 2588 p.
1031 2527 1063 2572 35
1083 2531 1134 2572 not.

146 2613 212 2664 Nam
241 2617 318 2664 etlam
342 2616 369 2663 in
394 2613 460 2663 Livii
487 2615 544 2667 libr.
568 2615 675 2674 xxxl,
701 2621 715 2663 2
738 2624 801 2664 extr.
822 2615 903 2664 codex
926 2615 1018 2666 Bamb.
1042 2621 1067 2662 ct
1091 2613 1135 2662 alii

145 2708 231 2756 iecit
251 2707 345 2756 babent
365 2715 390 2756 at
408 2708 465 2768 XL,
485 2713 508 2768 8,
530 2715 540 2757 l
563 2709 634 2758 multi
680 2707 763 2759 Paulo
779 2716 838 2757 aute
857 2709 882 2756 in
902 2707 990 2756 eudem
1005 2705 1135 2756 iocderum

148 2801 393 2850 commemoratione
408 2801 495 2850 nescio
514 2802 576 2864 quid
597 2804 690 2852 erroria
708 2801 835 2851 obiectum
855 2800 888 2850 ait
905 2800 1052 2849 homiuibus
1074 2801 1136 2850 doe·

147 2895 180 2944 tia
200 2893 325 2957 (Duhreo,
342 2891 558 2952 Weiaaeubornio,
578 2895 710 2960 Sauppio).
752 2893 832 2942 Recte
856 2893 941 2940 omnia
960 2892 1070 2943 ,habent
1105 2893 1137 2944 Iu

146 2987 204 3052 ipsa
229 2985 274 3035 illa
299 2985 446 3048 quaestione,
469 2985 557 3035 iurene
582 2997 756 3051 oppugnatum
777 2987 811 3035 ait
835 2985 996 3048 Saguntum,
1027 2983 1138 3035 Cartba-

146 3079 270 3142 ginienaia
289 3087 392 3126 uenator
410 3093 438 3127 ae
459 3088 635 3143 separaturum
657 3080 706 3138 ait,
733 3093 788 3141 qua
807 3079 918 3142 seperari
937 3078 1046 3128 Romani
1064 3077 1138 3126 rolu-

147 3172 236 3226 iaacnt,
255 3171 314 3234 quid
334 3169 438 3233 publico
457 3171 565 3220 consilio
583 3170 679 3220 sactum
699 3171 747 3229 eit,
776 3171 836 3233 quid
855 3186 902 3220 auu
919 3181 1009 3235 aponte
1028 3171 1138 3235 impera-

147 3273 215 3312 torer
234 3263 348 3322 iecerint,
374 3277 480 3327 eamque
499 3264 684 3327 acparationem
705 3263 825 3328 exemplo
843 3265 1017 3313 Romanorum
1038 3263 1138 3312 adhibi·

148 3366 233 3405 turum
253 3357 285 3404 ad
303 3353 406 3404 foedera
424 3356 627 3420 interpretanda;
647 3355 861 3420 quemadmodum
881 3358 946 3406 euim
966 3357 1075 3406 Romani
1094 3371 1138 3405 ne·

148 3450 281 3511 gaverint,
309 3463 335 3497 aa
358 3449 404 3498 illo
423 3447 526 3498 foedera
550 3449 644 3508 teneri,
672 3449 742 3512 quod
760 3449 790 3498 L.
809 3449 928 3498 Lutatiae
947 3449 1036 3499 conoul
1054 3449 1137 3513 primo

148 3557 197 3590 aua
226 3549 316 3605 sponte
344 3541 444 3600 iciaaet,
482 3541 518 3590 aio
550 3539 773 3604 Carthaginienses
799 3557 851 3592 non
877 3543 955 3592 teneri
981 3541 1083 3591 loedere
1105 3542 1138 3591 ab

148 3633 310 3683 Hasdrubale
336 3635 390 3683 aine
413 3632 516 3698 publiea
542 3631 795 3696 Carthaginiensium
824 3634 976 3684 auctoritate
999 3633 1061 3693 icto,
1086 3649 1137 3698 quo

147 3727 206 3776 eolo
237 3735 357 3775 caveatur
388 3725 547 3786 Saguntinia.
595 3723 786 3776 Tantummodo
810 3727 1059 3776 animadvertendum
1091 3736 1138 3786 est,

147 3820 300 3884 particulam
319 3819 432 3882 itaque
450 3833 501 3867 nou
521 3819 551 3867 ad
568 3833 624 3868 earu
645 3819 735 3879 aelam,
755 3821 780 3869 in
794 3835 845 3885 qua
857 3821 968 3884 ponitur,
986 3821 1137 3869 seutentiam

146 3912 282 3977 pertinere,
301 3911 346 3959 aed
365 3910 398 3958 ad
418 3919 506 3970 totam,
529 3926 585 3976 qua
603 3913 662 3961 inde
682 3913 790 3972 ducitur,
810 3913 1018 3977 diaputationem,
1037 3913 1069 3962 de
1088 3927 1141 3978 quo

148 4017 198 4052 utu
217 4003 270 4051 dixi
289 4003 349 4052 olim
369 4003 402 4051 ad
423 4003 475 4054 cic.
493 4003 551 4053 Flu.
574 4009 595 4054 l.
616 4009 640 4066 6,
662 4009 691 4055 ta
711 4022 736 4070 p.
755 4013 797 4055 40.
