2810 4644
594 285 654 341 313
955 281 1123 333 mcxxvt.

84 466 218 534 carim,
239 465 275 524 in
297 464 600 540 disquisitionem
622 467 736 536 venit,
758 483 861 548 qm
882 465 970 542 quid
996 463 1060 524 isti
1080 467 1159 544 pati

84 571 296 630 debuerint.
357 569 502 630 Gronovii
538 573 711 632 coniectum
743 572 837 631 adieci
873 581 947 630 tam
977 572 1159 650 particulam,

85 695 183 752 quam
205 677 307 736 scribae
336 676 513 753 negligentia
538 678 677 737 omissam
710 695 773 737 esee
804 677 940 736 arbitror.
994 679 1073 738 Nam
1104 693 1159 756 pro

86 801 162 842 non
185 793 257 841 tam
280 815 320 826 -
343 801 448 858 quam
481 783 510 842 ic
532 783 672 843 facillima
707 793 737 842 et
770 783 841 842 nulli
873 782 1084 860 perturbationi
1106 785 1159 844 ob·

85 889 183 948 noxia
204 887 319 959 forma,
349 905 438 964 quum
460 890 564 948 millies
585 901 663 950 recte
677 890 862 960 scriberetur,
884 889 1046 948 abeodem
1068 891 1158 968 scrip·

85 1003 156 1050 tore
178 1011 237 1051 uno
271 1003 300 1052 et
334 993 425 1052 altero
457 994 523 1053 loco
556 1005 658 1054 contra
689 995 831 1054 sermonis
863 1003 997 1053 naturam
1031 997 1157 1072 positum

87 1116 157 1156 esce
177 1117 247 1157 uon
271 1131 306 1144 -
332 1118 454 1176 quam,
486 1117 545 1158 uon
574 1099 660 1159 iacile
690 1101 761 1159 mihi
786 1100 978 1177 persuadetur
999 1119 1057 1160 uuo
1078 1104 1157 1162 teeti·

88 1205 191 1262 monio
224 1205 348 1266 exlibr.
370 1205 412 1276 ll,
436 1224 462 1264 c.
487 1207 576 1275 tut
610 1207 690 1283 (uon
723 1207 837 1266 facile
871 1206 1005 1282 loquor
1037 1227 1157 1283 quam,

88 1309 188 1383 quod
209 1310 356 1369 locutus
378 1329 471 1382 sum,
501 1314 669 1388 presto),
690 1313 783 1370 altero
805 1313 861 1371 hoc
882 1313 955 1388 ipso,
980 1313 1058 1388 quod
1081 1323 1156 1372 trac·

87 1425 202 1486 tamus,
247 1435 315 1475 nam
357 1419 472 1476 tertium
511 1437 547 1475 ex
583 1417 668 1475 huius
704 1417 770 1476 libri
806 1437 831 1480 c.
877 1421 931 1489 tu,
979 1421 996 1475 3
1037 1437 1156 1494 prorsus

88 1521 200 1580 nullam
222 1522 311 1581 habet
330 1523 400 1594 vim,
423 1523 560 1600 quoniam
582 1541 620 1579 ex
642 1541 711 1580 non
734 1533 853 1581 tamen
875 1521 1012 1581 facillime
1034 1525 1067 1581 fit
1086 1541 1155 1582 uon

89 1638 178 1698 tam,
207 1629 365 1704 quodiam
387 1629 540 1689 Gronovio
561 1629 591 1685 in
615 1638 740 1686 mentem
763 1629 852 1705 venit,
880 1628 1047 1706 falliturque
1069 1629 1155 1688 vehe-

88 1741 204 1791 menter
224 1733 485 1804 Weiseeubornius,
507 1733 586 1809 quod
608 1743 727 1792 tamen
749 1735 943 1794 necessarium
966 1745 1063 1813 putat;
1085 1753 1155 1794 cou-

88 1839 221 1896 tinuatur
241 1840 317 1898 enim
339 1839 451 1910 oratio,
490 1840 574 1914 quasi
607 1839 733 1898 dicatur:
770 1857 893 1915 eumque
924 1841 1156 1900 extraordinaria

89 1961 164 2002 cura
184 1943 375 2020 deligendum.
432 1943 570 2020 Sequitur
590 1945 620 2002 in
643 1946 776 2004 Marcelli
798 1945 930 2003 oratioue
952 1948 1011 2022 (³)=
1034 1947 1103 2021 Qui
1124 1947 1155 2006 si

89 2067 162 2108 uon
184 2049 334 2108 fuerunt
354 2051 495 2122 hostes,
524 2051 618 2108 nihil
645 2051 816 2122 interest,
848 2062 964 2110 utrum
999 2071 1092 2110 nunc
1113 2071 1154 2111 en

90 2153 176 2212 vivo
198 2155 359 2213 Hierone
383 2155 589 2232 Syracusae
611 2156 852 2228 violaverim3
879 2157 1076 2216 sinautem
1099 2159 1154 2216 de·

94 2259 283 2318 sciverunt
303 2269 432 2336 portas
454 2261 600 2338 legatos
622 2272 772 2320 nostros
793 2262 894 2320 ferro
916 2273 1024 2339 atque
1046 2265 1156 2322 armis

93 2365 295 2442 petierunt,
317 2367 439 2425 urbem
462 2385 502 2426 ac
524 2367 895 2426 moeniaclauaerunt
915 2370 1156 2445 exercituque

94 2471 455 2548 Carthaginiensium
489 2474 668 2532 adversus
700 2489 767 2531 uos
799 2473 911 2530 tutati
946 2485 1042 2544 sunt,
1076 2474 1156 2548 quis

94 2595 225 2654 passos
260 2596 339 2636 esse
373 2579 542 2649 hostilia,
574 2599 680 2656 quum
716 2577 889 2648 fecerint,
924 2579 1156 2656 indignetur?

93 2683 145 2742 Sic
165 2683 241 2740 euim
263 2685 378 2742 codices
400 2687 448 2757 (P,
469 2695 530 2743 tum
555 2687 596 2758 M,
619 2687 718 2757 Vosa,
741 2683 821 2754 alii),
852 2683 961 2755 addite,
983 2705 1047 2762 quse
1068 2685 1157 2762 vulgo

94 2788 290 2860 omittebatur,
312 2808 384 2848 voce
406 2801 546 2867 portes.
602 2793 643 2851 Ut
673 2789 818 2850 Gronovii
841 2799 869 2847 et
890 2791 1014 2849 Rubenii
1036 2799 1157 2848 conatus

94 2893 235 2965 omittam,
271 2895 540 2966 minuemus,
576 2897 781 2954 Boettcherum
816 2907 940 2967 secutus,
975 2897 1070 2954 locum
1092 2907 1157 2955 tan·

95 3019 183 3076 quam
205 3001 373 3059 lacunosum
395 3003 437 3060 sic
458 3001 617 3078 supplevit:
645 3002 700 3058 sin
723 3013 842 3060 autem
866 3001 1105 3062 desciverunt
1127 3005 1158 3075 [a

94 3105 232 3182 populo
253 3108 430 3178 Romano,
452 3109 625 3166 hostibus
647 3113 884 3184 aperuerunt]
906 3117 1042 3185 portas,
1063 3107 1158 3184 lega·

95 3222 152 3268 tos
172 3221 321 3270 uestros
343 3223 416 3284 cet,
446 3213 476 3271 in
509 3233 568 3289 quo
599 3213 801 3290 supplemento
822 3213 898 3270 inter
919 3214 1108 3273 defectionem
1130 3225 1159 3272 et

95 3319 207 3395 legatos
229 3321 379 3378 Romanos
400 3320 489 3376 armis
506 3321 613 3396 petitos
635 3319 819 3377 incommode
843 3319 1013 3378 iuteriieitur
1033 3320 1158 3378 hostium

96 3425 203 3484 mantio
225 3435 254 3482 et
285 3443 389 3502 parum
423 3435 491 3502 apte
526 3435 634 3501 aperta
665 3424 798 3483 hostibus
830 3433 922 3500 portat
957 3435 1024 3483 ante
1045 3425 1160 3484 moenia

96 3529 195 3589 deuse
225 3544 499 3600 commemorantur,
533 3541 678 3608 precepto
715 3532 783 3602 iam,
817 3531 895 3606 qnod
927 3539 1030 3606 postea
1061 3527 1159 3587 verbis

96 3637 263 3694 exercitu
305 3635 684 3713 Carthaginiensium
724 3637 910 3712 significatur.
969 3634 1159 3692 Scribeudum

95 3741 225 3800 videtur:
256 3741 311 3800 sin
343 3752 460 3801 autem
491 3743 731 3802 desciverunt
766 3762 786 3801 a
805 3763 835 3820 p.
858 3743 930 3812 uo,
962 3741 992 3798 si
1015 3740 1160 3817 legatos

94 3857 243 3907 nostros
264 3847 364 3906 ierro
386 3857 496 3924 atque
517 3849 628 3908 armis
650 3850 858 3927 petierunt,
880 3857 943 3917 cet,
974 3855 1005 3905 ut
1027 3865 1064 3904 ex
1085 3845 1160 3904 litte·

94 3955 135 4012 rio
156 3953 285 4032 apt-osi
309 3963 403 4012 ortum
426 3953 496 4014 illud
517 3965 648 4031 portae
669 3949 829 4032 putetur.¹)

113 4155 138 4226 ¹)
166 4161 215 4223 i⁴
242 4175 324 4220 rem,
356 4163 423 4226 quod
448 4168 516 4212 recte
543 4159 587 4214 W.
612 4159 759 4224 requisivit,
790 4161 885 4212 excidit
909 4169 968 4228 post
995 4161 1160 4212 crederem
