2826 4640
232 278 289 326 no.
308 277 392 326 xnn.
731 281 790 336 51⁰

231 465 293 520 brec
313 463 489 520 scribuntur:
510 480 711 528 censorem,
734 459 893 517 moribus
914 459 1087 534 regendis
1116 473 1283 518 ereetum.

232 569 290 626 cui
312 581 415 626 terte
436 579 535 626 tecte
555 569 704 643 exigere
726 566 848 624 eecrie
868 565 1283 640 publicieetlocetuen-

234 678 279 734 do
299 695 396 734 mure
423 675 601 732 meierum
626 673 805 730 traditum
827 684 939 740 esset,
966 690 1041 728 eum
1146 672 1284 746 regeri.

232 784 323 842 Recte
339 779 729 840 hatitDukcrusininfinitn
751 780 807 836 buc
828 777 990 834 locorum
1014 777 1286 835 commemoratione
1393 821 1394 838 1

233 899 263 946 et
282 891 445 946 locorum
466 884 700 954 tuendorum,
731 903 786 942 nec
805 883 900 940 minue
920 903 1044 958 prorum
1074 893 1120 942 est
1139 885 1287 959 exigere

234 995 320 1052 loce
340 992 488 1061 tuenda;
509 1009 604 1065 neque
625 991 701 1047 enim
722 991 849 1066 exigitur
867 989 1287 1064 eliqoidtueudumeednum.

233 1099 286 1174 qui
306 1098 457 1156 editicium
479 1097 616 1154 tuendum
638 1097 759 1172 accepit,
781 1095 878 1154 officio
899 1095 1080 1156 mdefecerit.
1123 1095 1288 1155 Omnieee-

235 1205 317 1262 nubit
329 1204 451 1260 vulnero
462 1223 520 1260 une
530 1211 657 1260 retractu
668 1202 791 1278 ryllubn,
813 1220 900 1278 quem
908 1201 1043 1260 hbrerius
1064 1205 1126 1259 eive
1139 1202 1289 1259 oculorum

234 1331 332 1370 errore
345 1309 443 1368 omitit
463 1308 526 1364 sive
539 1307 636 1382 potius
649 1307 906 1381 (quemadmodum
929 1307 1050 1382 exposui
1070 1327 1159 1385 cupre
1179 1309 1291 1383 ptssd)

235 1415 315 1490 quod
335 1415 462 1471 animum
485 1415 627 1471 defixerat
644 1413 674 1470 in
698 1411 795 1487 specie
817 1412 941 1487 primurn
956 1432 994 1470 ex
1008 1413 1110 1471 litteris
1129 1414 1211 1472 loce
1232 1414 1290 1471 ob·

235 1522 322 1578 iectoz
347 1531 452 1578 uerte
483 1529 581 1576 tecte
603 1517 750 1593 exigere
771 1518 890 1574 oacrio
910 1518 1076 1594 publicis
1105 1519 1289 1581 etitem

235 1625 378 1685 tuende.
421 1625 532 1682 Tueri
554 1633 656 1680 serto
677 1633 775 1680 tecte
796 1621 899 1680 Cicero
923 1643 1040 1699 quoque
1060 1624 1134 1682 dixit
1154 1625 1290 1683 oanm.

236 1731 389 1800 xl11‚11.
432 1731 510 1788 Nem
534 1749 623 1805 quum
645 1740 747 1787 sarta
768 1739 867 1786 tecto
888 1729 994 1786 sensim
1015 1747 1135 1805 prorsus
1155 1749 1209 1806 pro
1219 1729 1291 1805 ipsis

235 1837 381 1906 aedificiis,
403 1857 467 1912 qum
489 1837 596 1893 tuende
616 1847 709 1910 erant,
733 1845 765 1892 ut
785 1845 866 1893 sarto
897 1845 1032 1910 tectaque
1064 1846 1179 1904 essent,
1199 1835 1291 1910 accipi

236 1951 340 2018 coepta
363 1953 467 2012 esseut,
489 1943 663 2000 etlocere
684 1951 906 2000 sartatecta
938 1961 996 1999 non
1018 1942 1112 1999 minus
1134 1961 1221 2017 quem
1243 1941 1293 1998 io-

236 2067 320 2104 core
340 2048 446 2104 edem
468 2067 612 2106 eaerum
634 2049 785 2106 dicebatur
805 2059 835 2105 et
857 2049 1016 2123 exigere.

320 2151 394 2230 Cep.
419 2159 456 2224 5,
483 2160 511 2212 1:
538 2157 713 2224 Perseus,
749 2155 819 2212 ium
841 2154 980 2212 bellum
1000 2155 1085 2211 vivo
1107 2163 1213 2230 patre
1238 2171 1294 2210 cc·

236 2261 392 2336 gitetum
420 2260 582 2318 volvens.
631 2259 681 2320 Sic
715 2259 820 2317 dicitnr
851 2260 921 2318 iem
941 2260 1117 2328 volvens,
1153 2269 1294 2334 tunquam

238 2369 375 2424 hactenus
404 2385 468 2424 eom
496 2367 700 2442 cogitationem
731 2368 901 2442 seposuerit.
958 2367 1019 2424 Vix
1044 2366 1106 2424 fieri
1127 2375 1243 2442 potest,
1264 2377 1295 2422 ut

238 2473 578 2548 nonscripseritLiviusz
599 2472 735 2530 bellum
758 2473 827 2530 iem
849 2473 934 2530 vivo
955 2483 1061 2548 petre
1076 2473 1296 2548 cogitatuum

238 2579 267 2636 iu
288 2597 324 2636 eo
345 2579 420 2637 enim
442 2577 595 2654 participio
617 2578 782 2636 necessaria
801 2579 945 2654 particule
964 2589 1015 2636 est.
1058 2577 1172 2636 Deinde
1194 2581 1238 2648 §6
1260 2577 1296 2633 dc

240 2685 350 2743 Gwcis
376 2687 487 2743 Persen
507 2685 631 2742 Eumeni
659 2683 878 2760 praeferentibus
908 2695 937 2743 et
960 2685 1002 2742 illi
1031 2682 1296 2758 supplicantibus

239 2791 281 2848 sic
315 2791 468 2848 edebatur:
507 2809 569 2847 seu
592 2791 677 2866 quie
707 2810 784 2848 eum
817 2792 999 2849 obiectum
1021 2807 1101 2847 cese
1122 2788 1297 2847 Romanis

241 2895 414 2954 volebant
441 2898 547 2972 (preve
567 2897 741 2968 sententio);
772 2898 801 2954 in
823 2899 923 2956 codice
943 2907 1000 2955 eet:
1035 2915 1095 2953 eeu
1118 2895 1297 2970 quianon

240 2999 388 3058 obiecto
409 3021 491 3060 cose
512 3004 685 3062 Romanis
706 3003 893 3073 volebant,
916 3023 953 3061 ex
975 2999 1297 3078 quoWeiesenbornius

243 3103 354 3167 effecit:
376 3125 447 3165 non
469 3111 631 3168 subiecti
652 3129 746 3181 esse3
767 3111 818 3168 ned
851 3129 886 3168 eo
907 3110 1070 3185 significatu
1092 3107 1140 3184 (de
1160 3107 1214 3176 iis,
1248 3105 1297 3180 qui

242 3211 369 3270 nondum
389 3213 420 3270 in
441 3214 577 3272 ditionem
602 3216 773 3291 potentioris
793 3217 903 3275 redacti
933 3235 1036 3292 perere
1066 3225 1162 3272 tumen
1194 3211 1300 3269 volun·

243 3318 297 3375 tati
318 3319 378 3376 eius
400 3319 556 3398 coguntur)
578 3323 758 3380 obnoxius
779 3323 891 3394 dicitur,
912 3342 970 3380 non
992 3323 1190 3380 subiectus.
1226 3316 1298 3374 Mihi

242 3425 272 3482 in
293 3436 417 3484 mentem
438 3427 526 3498 venit,
539 3429 659 3504 propius
672 3429 760 3504 paulo
776 3429 947 3487 edlittcras:
968 3448 1038 3486 non
1061 3424 1198 3484 abiecti
1220 3441 1300 3481 esse

243 3533 279 3588 It
300 3549 338 3602 v.,
358 3533 414 3590 hoe
435 3541 488 3600 est,
510 3552 568 3590 uon
591 3535 748 3610 contempti
770 3547 798 3591 et
819 3535 900 3594 viles.
943 3533 1084 3592 Fovendo
1105 3530 1301 3588 Macedonum

244 3637 304 3710 regi
326 3635 422 3694 Graeci
446 3635 559 3696 efficere
582 3639 729 3710 volebant,
763 3649 795 3697 ut
815 3640 942 3698 Romani
962 3647 1134 3715 cogerentur
1162 3635 1206 3692 sui
1229 3653 1302 3710 qno-

245 3759 301 3814 que
322 3741 449 3816 eliquam
473 3745 615 3802 rationem
637 3745 760 3815 ducere,
783 3748 919 3822 quoniam
941 3745 1081 3803 adiuvere
1104 3742 1303 3801 adver-surium

244 3858 371 3921 possent.
424 3849 483 3907 Sed
504 3851 559 3908 hoc
580 3851 734 3922 incertum
763 3852 833 3908 iliud
864 3862 991 3919 certum,
1018 3851 1106 3926 paulo
1127 3857 1195 3926 post
1215 3849 1249 3920 (5
1271 3847 1304 3921 8)

247 3951 427 4010 scribendum
448 3973 524 4012 erse:
547 3956 662 4029 Quum
685 3959 887 4016 Thessalos
917 3957 955 4014 in
983 3956 1094 4014 ermis
1117 3973 1199 4014 esse
1220 3972 1305 4010 nun-

248 4055 376 4112 tiatum
399 4071 496 4116 esset
525 4061 601 4132 (cod.
626 4073 655 4120 et
676 4063 741 4122 edd.
764 4065 847 4136 est),
875 4067 968 4144 App.
990 4059 1180 4120 Claudium
1202 4059 1307 4134 ΙΨ·
