2822 4648
588 289 642 345 tos
867 267 868 272 ’
956 287 1012 337 urs.
1033 288 1105 338 v111.

79 473 213 548 legimus,
235 471 282 529 hic
297 469 453 528 Publilium
465 470 606 527 habemus
625 470 695 528 ism
717 470 959 530 imminentem
981 475 1140 532 hostiurn

80 578 195 635 muris
227 595 293 634 curn
320 592 384 650 epe
406 576 592 650 capienda
624 575 744 634 indies
778 577 891 638 urbis.
952 579 1051 653 Atque
1085 580 1141 638 hoc

80 703 170 760 quum
192 693 297 762 sponte
328 681 533 740 intellexissem
554 683 596 739 ita
618 699 697 751 esse,
725 683 819 740 codex
846 684 974 742 omniurn
1006 685 1141 759 optimus,

80 790 247 860 Mediceus,
275 787 429 846 manifesto
462 797 491 844 et
512 788 591 845 haud
622 788 711 846 dubio
733 787 839 847 iudicio
860 809 921 848 rem
943 791 1140 862 confirmarit3

79 915 149 953 nam
170 897 201 953 in
222 915 268 966 eo,
282 894 396 952 omissis
408 893 505 950 verbis
528 893 650 951 ituros
672 911 754 951 esse
776 896 1070 970 respondissent,
1100 897 1142 955 sic

78 1001 173 1059 rerba
202 991 265 1058 sir're
294 1000 354 1058 ulla
374 1009 445 1058 nota
466 999 682 1058 continuantur:
712 1017 783 1074 quo
810 1000 1053 1076 imperatores
1085 1002 1142 1060 sui

78 1106 274 1164 duxissent
308 1107 376 1164 iam
403 1104 605 1176 Publilius;
642 1107 831 1182 in-rnurgine
860 1125 963 1165 manus
1000 1108 1142 1166 recentior

77 1212 236 1288 adscripsit
259 1212 377 1270 ituros
399 1231 436 1270 ss
458 1213 752 1288 respondissent.
803 1211 881 1286 Quid
904 1231 973 1288 ergo
996 1213 1059 1271 est?
1106 1215 1140 1272 ln

76 1318 181 1376 codice
206 1319 366 1395 archetypo
387 1318 488 1376 folium
510 1318 709 1388 interciderat,
739 1319 768 1376 in
791 1338 850 1394 quo
872 1328 901 1376 et
921 1329 1051 1378 extreme
1072 1339 1141 1396 pars

76 1425 194 1499 periodi
215 1445 234 1482 a
254 1425 351 1482 verbis
373 1424 503 1500 Legati
537 1425 781 1482 Romanorum
804 1444 907 1500 quum
929 1425 1089 1502 incipientis
1112 1437 1142 1484 et

75 1533 211 1607 reliqua,
241 1550 307 1607 qum
328 1530 485 1588 desiderari
508 1529 588 1600 dixi,
620 1531 781 1607 perscripta
813 1540 909 1601 erant,
941 1531 1140 1592 adorationis

73 1631 196 1696 hiatum
223 1648 367 1712 utcunque
397 1635 600 1694 occultandum
624 1635 681 1694 tria
700 1635 751 1693 illa
772 1637 862 1694 verbe
884 1636 914 1693 in
935 1637 1041 1695 codicis
1077 1638 1140 1696 Me-

74 1745 154 1802 dicei
176 1747 218 1816 (et
239 1743 364 1802 fortasse
385 1742 445 1799 iam
466 1741 496 1798 iu
517 1741 607 1818 ipsius
629 1743 796 1818 archetypi,
827 1741 905 1800 iacto
935 1741 996 1800 iolii
1019 1742 1141 1822 damno)

74 1851 212 1925 margine
234 1850 373 1907 adnotatu
395 1859 470 1918 sunt,
491 1848 520 1905 in
542 1847 641 1904 codice
662 1857 759 1906 autem
781 1849 852 1906 Pet
874 1828 976 1906 ceteris
997 1850 1026 1906 in
1047 1850 1139 1925 ipsam

74 1956 242 2014 orationem
261 1965 386 2030 recepta
435 1955 470 2011 ln
496 1953 571 2011 tristi
591 1953 709 2010 invento
731 1954 782 2028 (ad
804 1955 883 2030 quod
905 1956 1027 2012 alterum
1049 1956 1141 2016 simile

73 2065 105 2120 in
133 2061 209 2119 libro
230 2061 278 2117 IX
301 2078 326 2116 u.
335 2061 384 2124 39,
399 2063 416 2116 l
431 2057 608 2134 adiungitur)
620 2060 676 2116 hoc
697 2060 799 2118 saltem
824 2070 867 2118 est
891 2061 974 2132 boui,
996 2063 1073 2136 quod
1094 2062 1141 2120 hic

73 2185 198 2244 quoque
220 2165 420 2242 cognoscitur,
451 2175 589 2240 quantum
612 2163 713 2222 ceteris
737 2164 884 2222 codicibus
906 2165 992 2222 etiam
1015 2167 1139 2224 auctori-

77 2284 140 2332 tate
163 2271 305 2349 proximis
332 2272 365 2328 M
385 2265 542 2346 prastet.¹)

167 2377 242 2452 Cap.
273 2379 328 2445 24,
360 2381 375 2433 7
406 2377 468 2446 (ubi
491 2376 653 2435 Alexandri
680 2377 808 2452 Epiroten
829 2375 961 2433 interitus
982 2380 1144 2450 narratur):

78 2485 225 2542 Imbres
254 2483 419 2540 continui
447 2483 583 2558 campis
605 2483 772 2540 omnibus
794 2483 1015 2538 inundantes
1038 2501 1144 2556 quum

77 2589 389 2648 interclusissent
413 2587 601 2646 trifariam
634 2588 835 2646 exercitum
859 2596 913 2644 cet.
955 2589 1069 2644 Arnum
1091 2589 1144 2646 flu·

77 2697 162 2754 rium
185 2696 356 2766 inundasse,
379 2697 434 2753 boc
458 2705 511 2766 est,
533 2696 613 2771 ripas
634 2705 844 2770 transgressum
875 2701 1027 2768 stagnasse
1049 2693 1145 2768 (inun-

78 2803 231 2860 dationem
254 2801 386 2875 iecisse),
419 2802 518 2860 Livius
540 2801 673 2859 absolute
695 2801 767 2858 dixit
799 2801 915 2868 XXII,
938 2799 973 2868 2;
1007 2801 1145 2876 carnpis

78 2907 263 2965 inundare
284 2927 337 2982 pro
363 2927 416 2978 eo,
441 2907 520 2983 quod
542 2917 586 2964 est
607 2925 753 2982 campos
784 2906 962 2963 inundare
990 2907 1080 2981 (quod
1101 2907 1145 2964 bis

97 3237 124 3304 ¹)
153 3239 254 3290 Eodem
274 3254 329 3304 cap.
349 3241 363 3303 5
384 3245 414 3290 15
434 3241 618 3292 restituendum
642 3241 803 3301 necessario,
831 3241 899 3303 quod
930 3255 1010 3306 usqne
1040 3243 1073 3291 ad
1097 3241 1145 3291 Al·

156 3331 314 3382 schefskium
338 3333 433 3382 editum
460 3343 500 3382 est
528 3333 750 3396 (confirmantibus
779 3335 840 3384 Plil
868 3335 1036 3384 deterioribus
1054 3335 1144 3400 pleris-

156 3423 218 3489 que)
237 3425 397 3490 acriptum
416 3439 502 3484 esse,
528 3442 573 3490 pro
599 3441 650 3490 quo
676 3441 744 3476 nuuc
765 3428 849 3476 editur
868 3427 1030 3491 scripturn
1061 3439 1147 3480 esset

156 3515 247 3579 (stur,
266 3517 328 3566 Lor.
348 3523 372 3575 2,
392 3523 416 3576 4,
434 3516 527 3581 fragm.
546 3519 676 3582 Havete).
713 3518 776 3568 Tria
794 3519 889 3568 tribuni
909 3520 941 3568 ad
961 3534 1085 3582 augurum
1102 3521 1146 3570 da·

157 3618 254 3658 cretum
281 3609 306 3658 in
327 3611 497 3676 suspicionem
522 3619 548 3660 et
565 3611 659 3661 crimen
677 3612 819 3660 vocandum
838 3609 1148 3676 affe1·ebuut,quodpsr

157 3717 183 3751 ac
203 3702 307 3751 omuino
335 3701 437 3751 difficile
464 3701 555 3754 suisset
577 3706 665 3755 vidum
685 3703 830 3753 huiusmodi
849 3705 935 3757 nosci.
962 3703 1030 3767 quod
1057 3703 1147 3753 consul

156 3795 221 3844 nibil
240 3797 271 3844 de
291 3809 322 3844 ea
341 3809 367 3844 re
386 3797 546 3860 scripsisset,
566 3799 633 3860 quod
653 3812 730 3846 nemo
749 3797 813 3845 alius
831 3797 901 3846 testis
920 3805 994 3843 esset.
1041 3791 1145 3844 Nesci

157 3889 190 3937 ad
217 3889 298 3953 ipsum
317 3889 342 3936 in
361 3889 520 3938 observando
548 3889 794 3938 animadversionem
821 3889 946 3952 pertinet,
971 3901 1022 3936 nou
1042 3887 1146 3936 adrem

156 3981 297 4043 auguribus
314 3983 466 4041 iudicatamr
485 3982 597 4046 alioquin
606 3981 767 4030 scribendum
779 3980 869 4030 luisset
881 3980 973 4029 etism:
988 3993 1047 4030 neo
1064 3981 1147 4045 quit·

157 4089 251 4138 quam
270 4074 463 4124 mortalium
483 4081 634 4122 exstaret
651 4082 699 4122 eet.
