2800 4646
614 278 673 334 439
955 275 1162 328 nummu,

109 475 175 516 cur
201 457 441 527 ambularem,
467 457 626 528 similiave,
651 477 669 516 a
704 457 942 517 Weissenbornio
971 460 1117 537 eorrumpi
1146 471 1176 520 et

110 583 177 622 cum
211 564 374 640 vulgarium
408 564 539 622 codicum
572 559 675 640 (etiam
704 561 746 638 B)
778 563 1047 640 interpretamento:
1078 565 1175 641 quod

110 687 186 726 rem
208 669 400 726 traherent
421 669 463 726 sic
483 669 619 738 conflari,
642 677 674 724 ut
695 669 790 728 tieret:
817 671 912 744 quod
936 671 1079 728 tamdiu
1100 691 1172 730 rem

109 775 313 844 traherent,
335 793 400 848 quas
424 785 469 832 est
489 775 555 852 ipse
575 793 652 832 verte
673 774 824 850 scriptume
847 775 1002 834 enarratio.

201 878 271 955 Cep.
300 883 346 949 15,
368 881 386 936 9
410 879 451 955 tiu
477 879 669 956 descriptione
696 879 807 938 itineris
830 877 883 937 Cn.
908 881 1011 940 Manlii
1034 883 1173 940 Vulsouis

109 1005 164 1063 per
185 985 316 1059 AsiemJ:
335 984 424 1042 Inde
446 983 481 1040 in
506 1003 631 1061 agrum
652 985 941 1062 Sagalassenum
971 1033 999 1048 ..
1028 999 1174 1048 ventum

107 1102 173 1153 est
229 1090 370 1150 Colunt
391 1090 539 1160 Pisidae,
568 1091 674 1166 longe
712 1091 842 1167 optimi
876 1093 977 1150 bello
1009 1095 1174 1172 regionis

107 1198 195 1256 eius.
238 1197 352 1272 Quum
375 1215 489 1254 sares
510 1195 649 1253 animos
671 1193 781 1267 fucit,
812 1207 883 1256 turn
907 1199 990 1276 agri
1010 1199 1174 1257 fecundi·

106 1315 166 1360 tas
187 1313 222 1360 et
242 1303 441 1360 multitudo
464 1303 650 1360 hominum
673 1311 707 1358 et
728 1303 823 1360 situs
848 1347 877 1360 ..
908 1306 1020 1362 urbis.
1072 1304 1173 1380 (Con-

106 1409 164 1466 sul
270 1408 369 1466 misit
391 1414 470 1478 cet).
531 1408 707 1466 Necessario
741 1409 924 1468 scribendum
946 1409 1057 1482 feeit,
1092 1421 1125 1468 ut
1155 1429 1173 1468 a

106 1515 258 1574 notatione
279 1515 321 1573 rei
343 1523 489 1590 perpetuae
513 1513 663 1588 (colunt)
685 1524 838 1589 separetur
859 1516 998 1586 narratio,
1021 1517 1090 1591 quid
1111 1526 1171 1576 tum

105 1621 255 1692 acciderit,
288 1632 317 1679 et
345 1639 410 1680 eum
434 1619 547 1695 relique
580 1619 748 1677 narratione
779 1622 937 1695 (ventum
969 1633 1025 1679 est
1052 1667 1080 1684 ..
1109 1622 1173 1680 mi-

105 1723 174 1803 sit)
217 1728 416 1802 coniungstur.
494 1723 710 1784 Correctionem
753 1727 890 1803 precepit
931 1727 1065 1786 librarius
1108 1730 1171 1787 cod.

107 1833 182 1891 nov.
208 1837 236 1894 6.

191 1937 334 2015 Capiti,
359 1940 376 1996 3
399 1935 451 2014 (de
466 1937 577 2008 Gallis,
602 1937 651 2014 qui
666 1947 770 2014 postea
791 1938 820 1995 in
842 1938 946 1996 Asiam
971 1941 1173 2013 transimundi

104 2046 322 2120 Byzantium
353 2064 456 2120 quum
490 2044 770 2120 pervenissent,
806 2044 1034 2118 aliquamdiu
1074 2065 1171 2104 uram

105 2151 353 2226 Propontidis
385 2149 607 2225 vectigalem
635 2149 803 2207 habendo
825 2149 990 2226 regionis
1013 2151 1091 2207 eius
1113 2167 1171 2208 ur·

104 2254 167 2310 bes
189 2255 439 2316 obtinuerunt.
495 2256 591 2315 Urbes
612 2273 671 2312 non
694 2255 859 2312 obtinentur
884 2273 983 2326 orem,
1006 2275 1070 2330 ques
1091 2255 1172 2314 urbi·

103 2361 160 2416 bus
180 2371 266 2436 peret
287 2371 316 2419 et
335 2363 478 2430 adhaeret,
505 2361 676 2436 vectigalem
699 2361 842 2418 habendo.
912 2361 1037 2418 Barbari
1060 2372 1088 2420 et
1108 2363 1171 2420 bel-

103 2466 187 2524 licosi
215 2467 363 2536 homines,
395 2468 446 2526 sed
469 2469 507 2525 ab
530 2467 649 2524 urbibus
671 2477 700 2524 et
722 2467 924 2544 oppugnandis
955 2477 984 2524 et
1004 2468 1171 2526 habitandis

104 2569 206 2642 alieni,
229 2583 359 2649 apertam
386 2574 533 2650 regionem
564 2572 774 2648 percursabant
802 2573 1004 2647 vastandoque
1034 2591 1121 2648 agros
1143 2584 1172 2631 et

105 2675 243 2733 minando
266 2677 407 2748 Graecos,
441 2679 490 2754 qui
520 2681 605 2737 urbes
634 2679 759 2736 munitas
781 2680 932 2748 tenebant,
970 2679 1094 2754 vectigal
1116 2679 1170 2737 sibi

103 2779 230 2855 pendere
254 2784 408 2859 cogebant.
459 2785 517 2843 Res
538 2803 592 2860 per
614 2802 644 2841 se
666 2785 821 2860 perspicua
842 2783 1084 2856 confirmatoriis,
1107 2803 1171 2861 quae

105 2886 246 2963 Polybius
276 2889 337 2959 IV,
361 2894 400 2950 46
437 2891 473 2947 de
495 2889 664 2966 Byzantinis
687 2887 782 2946 Gallis
817 2891 961 2967 stipendia
993 2891 1171 2950 solventibus

103 2993 216 3051 scribit:
251 2986 347 3057 Κιιτολ
370 2997 436 3076 μὶν
454 2981 517 3058 οὖν
540 2987 602 3064 cde
625 2985 729 3076 α’ρχιές
753 2997 790 3058 ἐν
814 3006 888 3067 ταῖς
907 2990 1041 3077 ἐφόδοις
1057 2985 1171 3060 αυίνλν

104 3095 191 3176 (τῶν
216 3097 392 3176 Γαλατῶν)
422 3147 449 3163 ..
480 3099 569 3184 deipu
595 3098 765 3164 διετέλουν
795 3103 827 3163 σι’
853 3093 1036 3180 Βυζάντιοι
1058 3094 1171 3168 διδόν-

102 3227 170 3276 τες,
193 3197 259 3268 α’νιί
285 3207 488 3291 τρισχιλίους
505 3205 559 3270 καλ
573 3205 878 3289 πεντακισχιλίους,
895 3210 976 3270 nesi
993 3209 1026 3274 dl*
1040 3211 1094 3274 καὶ
1105 3234 1169 3295 μυ-

103 3308 199 3390 ρίους
220 3311 376 3395 χρυσοῦς,
399 3299 485 3396 ἐφ’χλ
505 3307 555 3396 μή
575 3311 821 3396 καταφθιίροιν
842 3306 907 3396 τήν
920 3306 1034 3398 χώραν
1045 3307 1168 3378 αὐτῶν·

102 3416 197 3486 τέλος
219 3409 523 3503 δ’ήναχκιὶσθηοαν
548 3409 759 3504 ὀγδοήκοντα
786 3412 938 3482 τάλαντα
957 3424 1168 3504 συγχωρῆσαι

102 3512 209 3604 φόρον
232 3525 343 3588 τελεῖν
368 3515 440 3586 κατ’
462 3519 630 3590 ἐνιαυτόν.
675 3532 808 3606 Apparet
832 3527 931 3604 igitur,
953 3529 1031 3604 apud
1055 3531 1170 3588 Livium

102 3649 202 3688 veram
230 3633 401 3709 scripturam
430 3643 574 3692 servatam
606 3653 669 3692 esse
690 3635 719 3691 in
742 3635 767 3692 B
793 3632 842 3707 (de
873 3633 905 3691 M
932 3639 1074 3710 taceturlr
1101 3637 1170 3694 eli-

102 3737 277 3812 quamdiu
297 3758 394 3796 oram
417 3739 680 3816 Propontidis,
703 3735 904 3816 vectigalis
926 3740 1096 3802 habendo
1119 3765 1169 3804 re-

100 3843 222 3920 gionis
243 3843 319 3902 eius
343 3847 460 3916 urbes,
485 3847 740 3910 obtinuerunt.
785 3846 942 3905 Ablativus
957 3850 1088 3926 gerundii
1110 3850 1169 3910 lor-

100 3965 178 4016 mam
208 3959 235 4006 et
268 3950 385 4010 modurn
419 3953 460 4010 rei
490 3951 641 4028 signifieat.
694 3953 778 4021 (Vid.
812 3951 948 4014 Gremm.
984 3957 1048 4015 Lat.
1072 3965 1087 4031 ξ
1111 3961 1169 4016 ltb'
