2820 4646
611 223 667 280 601
1014 220 1071 271 Lib.
1084 221 1170 274 XLV.

106 402 211 480 rrtgt
241 402 457 464 attestetur
494 399 696 474 aliquando
727 400 790 462 lit.
820 400 885 461 sel.
914 403 1169 462 moderatione

106 508 232 564 (letum
255 507 299 562 ed
320 505 510 562 licentium
532 513 617 580 pest.
635 506 811 562 treber-et
855 503 949 564 Ceret
968 515 1097 581 senatus,
1119 508 1170 565 be-

106 609 212 668 nevole
225 610 335 668 seilicet
355 610 536 668 Macedoniae
556 609 684 666 libertati
705 610 867 682 cousulens,
896 629 941 681 ne,
971 611 997 668 si
1017 629 1169 670 commuue

106 713 261 773 concilium
288 715 382 790 gentis
407 715 445 772 sit
476 714 607 787 (comitis
636 711 868 790 contionesque),
897 713 1054 789 aliquando
1075 733 1169 792 popu-

106 821 178 878 laris
199 821 287 878 homo
309 820 410 877 turbes
432 819 566 878 concitet.

191 923 265 1000 Cep.
292 926 340 994 19,
366 927 399 981 11
437 925 480 998 (in
510 924 643 982 oratione
665 923 766 982 Stratii
787 923 891 982 medici
916 925 993 999 epud
1025 925 1168 996 Attalum,

99 1030 247 1088 Eumenis
268 1025 417 1104 fratrem):
449 1028 618 1086 Attalum
638 1046 741 1098 vero,
769 1030 830 1104 qui
851 1037 959 1086 retete
979 1031 1168 1105 proximus

105 1135 171 1204 sit,
208 1135 289 1209 quis
321 1132 392 1190 uisi
423 1151 489 1208 pro
510 1150 596 1208 rege
625 1132 782 1190 hsbeet?
815 1152 931 1208 neque
963 1153 1003 1191 eo
1039 1135 1168 1208 solum,

106 1239 197 1314 quie
217 1247 340 1296 tentes
361 1244 563 1314 praesentes
592 1237 669 1294 eius
699 1255 787 1312 opes
809 1247 953 1308 cernet,
984 1240 1046 1298 sed
1073 1243 1168 1316 quod

105 1343 200 1401 haud
221 1343 446 1418 ambiguum,
476 1341 694 1417 propediem
728 1352 968 1418 regnaturum
991 1362 1085 1415 eum,
1117 1344 1167 1401 iu-

104 1447 290 1506 firmitate
324 1455 512 1522 aeteteque
545 1445 718 1503 Eumenis
750 1455 856 1504 esset.
900 1448 956 1506 Hic
978 1448 1093 1523 quidem
1117 1467 1167 1506 ne·

105 1537 233 1611 cessario
249 1569 303 1626 pro
317 1552 592 1610 Eumeuieesset
613 1549 796 1608 scribendum
813 1550 1048 1611 Eumenissit.
1082 1553 1111 1627 (§
1130 1557 1165 1611 ¹5

105 1656 360 1716 Dukerusverum
376 1658 478 1726 sensit;
503 1664 571 1731 post
591 1654 817 1712 infirmitate
839 1656 959 1714 excidit:
981 1675 1061 1715 esse
1084 1675 1166 1732 pes·

104 1783 226 1822 surum
248 1771 299 1820 aut
319 1763 412 1820 simile
433 1761 570 1836 aliquid.)

188 1867 262 1944 Cep.
285 1869 335 1936 Ἡ,
369 1871 402 1924 4:
432 1866 506 1926 Sed
537 1874 570 1922 et
602 1874 739 1940 praetor
776 1881 871 1922 novo
904 1867 1073 1941 maloque
1105 1885 1166 1924 ex·

103 1973 224 2048 emplo
248 1991 324 2030 rem
344 1972 533 2047 ingressus
555 1981 648 2042 eret,
678 1969 773 2044 quod
794 1979 881 2028 eute
904 1989 975 2028 uon
996 1971 1167 2030 consulto

104 2086 251 2148 senatu,
272 2094 342 2134 nou
364 2075 577 2134 consulibus
598 2077 827 2134 certioribus
847 2075 974 2146 fectis,
1063 2094 1167 2151 roge·

106 2183 245 2238 tionem
266 2180 391 2238 ferret
439 2180 555 2238 Livium
577 2181 742 2256 scripsisse:
772 2183 868 2256 quod
890 2201 960 2238 nou
984 2189 1067 2237 ento
1087 2197 1165 2237 cou-

105 2286 203 2344 sulto
225 2294 369 2356 scaete,
397 2285 422 2343 si
452 2303 537 2360 quem
568 2287 711 2343 sententie
740 2305 799 2344 uon
830 2287 915 2344 docet
941 2288 987 2360 (-
1015 2285 1167 2359 longeest

105 2391 181 2448 euim
205 2389 284 2448 eliud
307 2398 392 2447 ente
412 2409 480 2447 non
503 2391 676 2448 consulto
698 2397 830 2448 senetu
852 2388 966 2460 ferre,
1001 2390 1052 2448 ubi
1082 2399 1166 2447 ente

104 2495 270 2554 necessario
290 2497 327 2552 ad
349 2493 446 2552 lerr'e
474 2495 618 2570 pertinet,
645 2495 724 2552 eliud
754 2495 852 2553 ferre
882 2513 951 2552 uon
982 2505 1164 2552 euterun·

104 2601 203 2658 sulto
225 2609 353 2657 senatu
375 2601 445 2673 -),
475 2600 578 2656 seltem
601 2601 753 2676 enephore
774 2601 803 2657 iu
829 2619 899 2657 uon
922 2601 1005 2674 (non
1027 2609 1110 2658 ente
1138 2619 1164 2658 e.

104 2724 139 2775 s.‚
161 2723 231 2762 non
252 2721 348 2765 cons.
370 2723 396 2764 c.
419 2702 454 2779 i.)
475 2703 632 2762 admouere
653 2705 748 2762 debet.
804 2705 946 2764 Proximo
967 2724 1052 2763 versu
1076 2706 1164 2763 libre-

104 2811 165 2868 rius
195 2827 251 2886 pro
280 2808 564 2892 ferretvelleut
590 2809 705 2885 scripsit
734 2810 875 2868 uellent
897 2809 1052 2885 ferrent;
1080 2810 1166 2887 plurs

104 2915 218 2990 collegi,
239 2915 286 2971 his
310 2914 461 2984 adiunctis,
483 2915 521 2971 ed
543 2933 569 2975 c.
593 2918 620 2984 3,
644 2919 672 2975 6.

189 3019 261 3096 Cep.
286 3020 341 3086 22,
369 3023 385 3076 t
419 3019 462 3094 (in
484 3020 665 3078 Rhodiorum
694 3037 758 3076 sese
789 3021 975 3096 purgantium
1005 3020 1035 3078 in
1063 3029 1164 3078 seuetu

103 3127 238 3182 Romeuo
270 3125 426 3194 cretione):
460 3123 568 3182 Certe
600 3124 744 3199 quidem
778 3143 845 3182 vos
873 3125 964 3182 estis
996 3125 1164 3192 Romani,

104 3230 166 3304 qui
186 3230 271 3289 ideo
294 3229 425 3289 felicis
450 3230 550 3288 belle
571 3239 697 3287 vestre
718 3247 813 3299 esse,
843 3230 929 3304 quie
955 3229 1054 3286 iuste
1076 3229 1164 3297 sint,

102 3354 175 3412 prm
195 3335 301 3393 vobis
323 3335 440 3392 fertis.
484 3333 633 3394 Sententia
646 3333 795 3410 pertulere
809 3333 932 3402 videtur,
954 3342 986 3389 ut
1006 3333 1164 3390 scribetur:

102 3438 211 3498 Certe
232 3439 339 3498 iidem
370 3458 434 3497 vos
464 3439 554 3497 estis
576 3439 749 3508 Romani,
780 3437 843 3511 qui
874 3445 928 3494 cet.
977 3437 1042 3496 Nec
1063 3445 1162 3495 certe

102 3545 247 3620 quidem
272 3547 301 3602 h.
322 3543 341 3599 l.
363 3550 472 3618 aptum.

186 3647 259 3726 Cup.
283 3651 332 3720 23,
355 3651 373 3706 6
396 3647 438 3724 (ἰιι
462 3649 563 3706 eadem
586 3647 746 3723 oratione):
778 3647 906 3724 Neque
927 3647 1078 3707 lecimus
1099 3647 1163 3723 igi·

101 3763 161 3810 tur
183 3756 377 3830 quicquam
400 3763 573 3829 tenquem
594 3753 723 3810 hostes
744 3753 1052 3828 nequebonorum
1074 3752 1164 3810 soei·

101 3877 203 3916 orum
226 3858 410 3916 defuimus
439 3857 586 3928 officio,
617 3857 680 3914 sed
712 3877 731 3914 e
757 3857 862 3916 vobis
884 3857 1066 3934 prohibiti
1086 3858 1163 3931 (eod.

101 3960 329 4038 probibitio)
363 3973 541 4040 prestere
575 3962 724 4024 inimus.
784 3965 949 4022 Berberum
983 3963 1165 4039 prohibiti
