2800 4646
262 281 318 332 Lib.
328 281 458 330 XXXIII.
760 283 819 342 386

343 466 417 544 Cep.
442 470 488 536 15,
523 471 534 524 1
561 477 590 524 et
615 469 649 526 2:
679 468 959 526 Androsthenes
988 465 1154 544 (prefectus
1181 470 1319 547 Philippi,

260 573 307 630 cui
325 573 444 630 insidias
465 585 603 648 posuerat
616 573 810 638 Nicostratus,
823 575 998 632 Aehaeorum
1014 574 1142 650 praetor),
1164 577 1318 635 omniurn

260 679 426 753 ignarus,
448 676 627 738 Corintho
651 678 844 755 profectus
866 679 909 736 ad
930 679 1100 737 Nemeam
1197 691 1319 740 castre

259 785 368 842 locat.
417 785 473 842 Ibi
504 795 609 861 perte
638 785 789 843 dimidie
821 785 1006 844 exercitus
1027 783 1183 842 dimisse
1217 785 1318 844 dimi·

260 889 354 947 diam
384 888 566 949 trifariam
600 892 725 949 dimsit
747 896 835 959 (corr.
857 891 999 962 diuisit)
1021 901 1055 949 et
1076 909 1198 950 omnes
1221 893 1317 966 eqni·

259 1005 313 1053 tes
351 996 560 1056 discurrere
597 999 640 1056 ad
670 997 949 1074 depopulandos
988 996 1093 1054 simul
1129 995 1317 1055 Pellenen·

258 1102 348 1160 sium
374 1101 659 1178 Sicyoniumque
684 1120 792 1178 agros
821 1111 855 1158 et
880 1101 1082 1160 Phliasium
1109 1101 1219 1159 iubet.
1269 1103 1318 1162 Ite

258 1209 360 1279 codex,
382 1227 467 1283 quem
489 1208 580 1266 secuti
602 1207 726 1265 editores
745 1207 786 1264 sie
801 1206 977 1282 scripserunt
997 1207 1215 1282 orationemque
1229 1208 1318 1268 inter-

257 1324 435 1390 punxernnt:
478 1312 667 1370 dimidiam
705 1312 905 1386 (trifariam
940 1313 1080 1386 divisit)
1124 1321 1158 1370 et·
1194 1332 1317 1372 omnes

258 1421 400 1496 equites
423 1427 487 1488 oet,
508 1419 537 1476 in
559 1437 618 1494 qno
639 1419 763 1495 primum
779 1435 898 1494 prorsus
919 1417 1093 1478 incredibilis
1114 1428 1143 1477 et
1164 1439 1222 1478 non
1243 1421 1317 1480 tole-

257 1527 349 1584 randa
370 1536 413 1583 cst
434 1525 624 1602 parenthesis,
645 1543 704 1581 non
726 1523 844 1600 aliquid,
866 1523 944 1597 quod
966 1532 1050 1581 extre
1063 1525 1232 1600 primariam
1250 1545 1316 1584 seu·

256 1633 376 1690 tentiam
398 1631 531 1700 addatur,
552 1631 603 1688 sed
625 1631 716 1706 ipsius
740 1630 861 1687 actionis
882 1638 1006 1686 narratae
1027 1643 1139 1705 partem
1161 1631 1204 1689 ita
1224 1634 1316 1690 conti-

256 1757 336 1808 nens,
365 1747 397 1794 ut
424 1737 545 1794 verbum
575 1734 730 1809 (divisit)
759 1745 789 1795 et
817 1736 930 1793 obiecto
955 1735 986 1794 in
1008 1736 1147 1812 primerio
1173 1740 1317 1798 sententia

255 1844 389 1920 proxime
410 1841 583 1919 praeoedenti
610 1839 821 1916 (dimidium)
850 1841 1025 1918 adiungetur
1054 1853 1084 1900 et·
1109 1852 1240 1920 tempore
1260 1845 1315 1921 ipsi

257 1949 417 2006 narrationi
440 1957 509 2024 epto
531 1955 672 2024 ponatur,
699 1965 751 2004 nec
773 1947 831 2004 ullo
856 1948 974 2005 minimo
996 1949 1101 2006 indicio
1123 1968 1142 2006 a
1164 1951 1315 2008 continue·

326 2253 393 2302 qun
415 2249 461 2288 cet.
487 2239 538 2303 (die
557 2239 726 2300 Kricgsbeute
744 2251 777 2284 an
792 2236 965 2298 beweglichen
985 2239 1104 2298 Sachen),
1129 2241 1244 2302 genitivo
1270 2243 1316 2290 de·

324 2331 428 2391 finitivo,
448 2331 663 2396 quemadmodum
687 2329 798 2395 praede
815 2329 977 2378 hominum
998 2331 1103 2390 dieitur,
1129 2347 1185 2396 quae
1204 2333 1317 2383 homini-

323 2425 371 2472 bus
385 2433 486 2474 constet
504 2424 599 2489 (XLII,
614 2428 646 2473 56
659 2419 787 2487 retexis).
825 2419 887 2485 Cap.
907 2426 973 2474 let
992 2437 1095 2484 prorsus
1114 2427 1259 2475 necessarie
1277 2439 1318 2476 est

323 2517 526 2567 Drakenborchii
552 2517 711 2566 coniectura:
741 2525 855 2578 preater
885 2515 1084 2577 quingentos
1115 2515 1318 2568 Macedonas

324 2611 511 2674 mixtosque
535 2625 574 2659 ex
591 2609 675 2658 omni
693 2621 810 2667 genere
829 2607 1042 2666 auxiliorum,
1068 2611 1141 2677 quei
1160 2609 1222 2658 iam
1241 2619 1317 2658 ants

323 2703 371 2752 ibi
394 2703 525 2757 sustani
546 2702 617 2764 (cod.
636 2701 720 2764 quod
739 2736 746 2748 .
763 2736 769 2748 .
789 2698 916 2764 iuerat).
965 2699 1079 2750 Primum
1097 2701 1181 2750 alisna
1199 2711 1261 2752 eunt
1279 2704 1315 2752 ab

323 2795 372 2842 hac
391 2795 557 2844 similitudino
577 2793 696 2858 exempla
713 2793 844 2842 aDukero
857 2801 1012 2858 comparata,
1029 2793 1071 2842 uhi
1090 2803 1209 2857 separate
1226 2795 1316 2858 aliqua

323 2902 381 2951 pars
408 2886 560 2952 pronomine
591 2885 673 2934 neutri
703 2886 803 2948 generis
825 2886 983 2949 significatur
1013 2886 1100 2934 addito
1126 2887 1239 2948 genitivo
1268 2888 1316 2950 (id

322 2979 404 3042 quod
424 2975 564 3028 Gesseris
584 2977 747 3025 sedulium
767 2976 845 3039 tuit,
875 2980 960 3042 quod
985 2979 1113 3028 roboris
1133 2977 1209 3042 suit)
1234 2995 1318 3045 esque

323 3071 475 3133 significatio
508 3071 667 3134 appositione
699 3057 845 3132 adiungitur
878 3072 911 3120 ad
945 3073 1044 3121 numeri
1072 3069 1179 3136 plumiia
1210 3087 1316 3122 nomen.

321 3164 435 3222 Deinde,
466 3177 530 3225 quos
550 3162 713 3226 Kreyssigins
741 3163 803 3211 citat
820 3163 899 3222 locos,
919 3178 1006 3213 eornm
1024 3163 1089 3213 aiter
1107 3163 1218 3228 (XLIV,
1241 3171 1263 3227 1,
1287 3171 1313 3227 1)

321 3257 372 3305 ism
392 3271 407 3305 a
428 3257 557 3306 Gronorio
577 3265 688 3306 remotus
706 3261 752 3304 est
770 3269 817 3304 uec
836 3255 889 3304 nlla
901 3265 987 3320 potest
1000 3257 1140 3318 excogitari
1159 3273 1247 3319 eausa,
1266 3273 1318 3308 cor

323 3349 412 3398 Livius
431 3365 483 3398 nno
502 3349 560 3399 loeo
579 3350 615 3399 sie
630 3348 766 3411 scripserit,
785 3362 862 3410 quum
881 3349 970 3396 liceret
989 3349 1111 3396 utrumvis
1129 3351 1249 3410 scrihere,
1267 3361 1317 3401 ant

322 3450 400 3506 quot
424 3443 456 3491 in
480 3442 742 3506 supplementum
770 3449 814 3489 snt
839 3442 923 3502 quod
951 3441 1067 3504 suppl,
1094 3443 1202 3492 alterurn
1221 3453 1318 3508 postea

320 3535 469 3594 removebo;
491 3535 517 3582 in
537 3533 602 3582 libro
621 3531 722 3590 XXXI,
741 3536 765 3592 8,
785 3536 799 3581 9
824 3533 939 3594 (donec
962 3543 994 3582 et
1017 3535 1085 3599 ipse
1108 3535 1133 3583 V
1151 3536 1246 3584 milia
1265 3552 1317 3586 so-

322 3625 404 3676 cium
423 3643 460 3676 ao
478 3625 748 3676 nominiaLatiui
767 3623 956 3686 &iecissem
975 3627 1317 3692 idpraesidioSiciIiae

320 3720 500 3782 provinoiae
525 3719 627 3781 osset)
654 3732 706 3767 non
730 3725 781 3765 tem
808 3719 994 3782 presidium
1020 3735 1079 3769 cum
1098 3718 1230 3770 Gronovio
1249 3723 1317 3770 ecri-

320 3810 430 3860 bendnm
441 3813 540 3861 ridetur
553 3827 645 3876 quam:
663 3810 695 3858 id
713 3809 854 3874 presidi.
890 3809 954 3861 Eius
969 3811 1072 3873 genitivi
1082 3811 1170 3861 sermm
1184 3828 1317 3864 errorum·

320 3917 369 3966 qne
395 3905 454 3953 inde
481 3913 598 3954 natorum
618 3918 669 3954 non
687 3916 770 3967 penca
788 3903 897 3965 vestigia
921 3905 947 3952 in
966 3904 1015 3953 hae
1038 3905 1134 3953 decade
1150 3914 1219 3966 sunt,
1241 3905 1317 3954 reiut

319 3995 345 4043 in
364 3995 493 4054 XXXIV,
521 4003 566 4054 25,
587 4003 601 4046 5
629 3998 713 4061 ipsum
738 3997 893 4060 prsesidio
915 3998 940 4046 in
966 3997 1057 4047 ceteris
1077 3997 1150 4046 codd.
1171 4013 1217 4062 pro
1235 4013 1318 4062 prer-

319 4087 379 4136 sidi
399 4087 455 4150 (Β).
