2800 4646
226 271 282 322 Lib.
293 271 403 320 XXXV.
733 278 792 332 414

228 456 344 516 Erroris
364 455 475 515 initium
508 455 577 513 oriri
598 457 692 532 potuit
714 468 765 516 aut
785 477 822 516 ex
844 459 952 516 omisso
975 457 1009 516 in
1030 465 1098 534 post
1124 478 1151 522 ι
1173 469 1223 516 ont
1250 474 1287 515 ex

227 563 440 622 verberariore
463 560 686 638 (sociarunt).
696 559 721 636 ¹)
807 574 811 581 '

310 666 383 745 Cap.
406 671 456 738 41,
479 671 510 726 3:
532 670 756 741 Decrevere,
779 677 815 727 ut
836 667 1056 728 consulibus
1090 669 1131 742 (a.
1158 670 1287 740 ¹91‚P.

229 773 358 851 Scipioni
379 783 408 833 et
428 769 478 833 Μ’.
501 775 612 850 Acilio)
648 775 765 834 Italia
785 785 825 833 et
851 793 923 850 quo
944 785 1096 833 senatus
1129 773 1289 833 censuis-

228 890 285 939 set
306 883 357 956 (-
380 881 449 939 iam
471 899 551 938 esse
571 881 702 940 bellum
725 881 907 940 adversus
924 881 1147 940 Antiochum
1170 897 1289 956 regem
1387 871 1388 928 l

229 1005 351 1046 omnes
374 987 543 1046 sciebant
565 988 615 1058 -)
637 988 840 1064 provinciae
870 997 998 1044 essent.
1044 987 1109 1045 Nec
1129 987 1203 1046 ordo
1225 1005 1290 1045 var·

229 1094 331 1151 borum
352 1094 382 1151 in
403 1093 570 1170 parenthesi
590 1101 687 1150 rectus
709 1101 762 1161 eet,
782 1092 911 1168 pondere
930 1111 1022 1168 preve
1038 1093 1069 1150 iu
1090 1093 1160 1150 iam
1184 1093 1291 1150 advar-

228 1198 307 1256 bium
328 1199 528 1268 incumbente,
558 1217 612 1257 nec
638 1198 792 1266 sentcmia3
822 1199 950 1256 nondum
983 1197 1057 1256 enim
1090 1208 1155 1257 erat
1182 1199 1290 1257 bellum

230 1323 294 1362 cunr
317 1306 474 1376 Antiocho,
507 1306 558 1363 sed
578 1303 686 1362 instare
707 1303 736 1361 id
758 1306 932 1380 apparebat:
955 1305 991 1362 de
1012 1323 1047 1363 co
1070 1305 1224 1364 indicendo
1246 1305 1289 1362 la-

229 1421 290 1470 tum
312 1412 350 1470 ad
371 1411 509 1488 populum
534 1427 613 1482 osee,
645 1409 771 1487 proximi
792 1411 907 1470 damum
929 1411 995 1470 libri
1016 1431 1082 1490 cap.
1108 1416 1119 1470 l
1144 1420 1288 1470 umatus.

230 1513 351 1590 Scripsit
370 1515 484 1574 Liviusr
506 1533 586 1579 cam,
602 1535 682 1574 esse
707 1515 843 1574 bollum
866 1517 943 1578 adv,
970 1519 1052 1576 Ant.
1073 1537 1146 1596 reg.
1167 1535 1289 1576 omnes

230 1619 409 1680 sciebant.
453 1620 562 1680 Omnes
584 1623 727 1694 sciebant,
760 1641 825 1698 quae
847 1625 989 1700 ambiguis
1009 1623 1066 1682 illis
1086 1625 1197 1683 verbis:
1219 1643 1289 1700 qno

230 1743 300 1788 sen.
337 1727 543 1784 censuisset
573 1737 711 1803 tanquam
747 1729 857 1786 incerta
886 1729 1097 1806 significaretur
1124 1730 1290 1806 provincia,
1387 1761 1388 1786 t

230 1831 338 1889 nullam
365 1831 453 1888 aliam
475 1849 539 1888 esso
573 1833 628 1889 nisi
657 1835 763 1892 bellum
796 1854 860 1892 cum
882 1834 1039 1894 Antiocho.
1095 1837 1191 1895 Paulo
1223 1847 1291 1914 post
1387 1869 1388 1920 j

232 1939 259 2010 (§
284 1939 313 2009 6)
337 1935 465 1994 notanda
489 1937 602 2009 sultam,
624 1939 648 1996 si
671 1939 757 1997 Livio
778 1939 976 2017 imputabitur,
997 1941 1150 2000 insolentia
1172 1954 1202 2002 et
1221 1965 1289 2020 pra·

232 2043 308 2100 vites
329 2043 442 2101 dicendi
472 2043 502 2101 in
524 2044 580 2102 hac
601 2046 757 2122 scriptura:
788 2047 878 2105 Item
910 2047 953 2104 de
979 2047 1183 2123 provinciis
1205 2069 1289 2127 pra-

231 2157 349 2206 torum
371 2149 553 2208 decretum
575 2159 651 2220 est,
671 2153 787 2229 prima
808 2160 846 2211 ut
865 2171 944 2210 sors
965 2153 1054 2226 duae,
1075 2156 1290 2232 urbanaque

229 2361 347 2418 cunda
367 2361 513 2432 Bruttii,
535 2363 655 2420 tertia
680 2362 834 2432 classis,
866 2372 920 2426 cet.
977 2365 1052 2424 Mire
1073 2367 1149 2424 anim
1184 2367 1290 2426 dicitur

228 2467 343 2542 prima
375 2485 456 2525 sors
484 2469 559 2526 duae
580 2487 660 2527 esse
689 2474 770 2544 (pror
797 2470 959 2546 composita
980 2489 1017 2528 ex
1038 2472 1151 2531 duabus
1173 2471 1288 2553 rebus),

228 2581 365 2648 sequente
385 2575 544 2650 prasertim
573 2575 752 2646 secunde,
782 2593 847 2650 quoe
867 2575 924 2633 isto
945 2576 1032 2634 modo
1053 2581 1140 2637 tertia
1160 2599 1225 2638 essa
1245 2581 1288 2638 vi·

228 2679 318 2737 detur.
361 2680 528 2752 Vereor,ne
540 2681 640 2740 Livius
664 2681 823 2758 scripserit:
844 2681 965 2756 prima
988 2693 1027 2740 ut
1047 2699 1127 2741 sors
1143 2683 1288 2760 duplex,

228 2787 442 2862 urbanaque
470 2829 499 2848 ..
526 2787 758 2849 iurisdictio.
781 2799 884 2847 esset
944 2789 1066 2846 Poterat
1094 2787 1181 2846 etiam
1211 2789 1289 2846 duoe

229 2909 348 2966 prorsus
370 2886 502 2965 omittifl)

300 2995 385 3073 Cap.
408 3003 458 3072 47,
484 3002 501 3056 6
526 2999 691 3076 (Philippus
714 2999 831 3074 quidam
853 3000 1140 3076 Megalopolitanus),
1162 3018 1200 3058 sc
1221 3002 1290 3059 ori-

249 3331 275 3400 ιι
297 3337 357 3402 cap.
376 3344 418 3399 ιι,
438 3345 453 3388 c
472 3354 505 3388 ex
523 3340 552 3390 ιι
574 3340 634 3402 (eei
652 3355 698 3405 pro
716 3339 838 3390 Nabidi
863 3341 941 3390 naso
958 3355 1028 3392 nam
1047 3341 1092 3405 ιι)
1111 3335 1290 3392 eonsensum
1387 3309 1388 3314 ’

299 3429 417 3480 Nabidi
443 3433 668 3498 quoqucipa13
698 3449 757 3484 nam
788 3447 912 3498 qnoque
942 3441 973 3483 et
999 3435 1072 3499 ipsc
1093 3447 1146 3483 non
1165 3443 1233 3482 rocta
1250 3433 1293 3483 di·

300 3523 372 3572 citur.

249 3608 275 3678 ⁸)
303 3615 366 3683 Cup.
386 3621 429 3677 42,
447 3623 463 3667 8
483 3619 577 3676 nescio,
595 3616 695 3669 Liviine
721 3635 792 3670 orror
816 3617 998 3684 suscriptum
1016 3619 1137 3669 mondum
1155 3619 1189 3668 sit
1206 3620 1234 3668 in
1251 3619 1293 3669 his

300 3709 399 3759 verbis:
423 3711 461 3760 Et
489 3710 594 3774 primo
612 3725 713 3763 nares
731 3721 866 3778 spartea,
884 3726 965 3776 quas
983 3725 1051 3761 cum
1069 3725 1105 3760 ec
1131 3711 1293 3774 (Hannibale

302 3801 458 3866 Antiochus)
489 3805 643 3854 missurus
674 3804 707 3852 iu
726 3803 875 3854 Africam
900 3801 1022 3864 iuerat,
1050 3812 1179 3853 moratu
1207 3811 1292 3852 sunt.

301 3891 367 3941 Nam
387 3901 412 3942 et
429 3893 473 3942 lib.
485 3893 612 3954 XXXIV,
635 3900 668 3945 60
686 3896 816 3946 Hannibal
833 3900 1129 3946 narratur100tactas
1147 3909 1224 3946 naves
1243 3909 1294 3961 po·

302 3985 412 4034 rtulurse
429 4001 476 4036 nco
494 3995 602 4051 poterat,
620 3989 719 4052 opinor,
737 3989 812 4040 aliter
832 3991 974 4040 exercitum
987 3989 1094 4050 exAria
1106 3985 1294 4052 Carthaginem

303 4077 426 4127 traiicere.
