2822 4648
616 271 671 326 1³5
1017 266 1074 314 Lib.
1094 265 1139 314 VI.

109 453 231 510 retius
253 452 469 510 dextrorsus
500 452 721 508 maritimam
753 469 852 508 oram
881 461 993 523 atque
1017 449 1175 520 Antium,

109 556 148 629 Q.
172 556 359 615 Servilius
387 565 422 611 et
450 557 486 617 L.
512 555 700 631 Geganius
736 557 829 614 laera
858 554 902 610 ad
924 563 1065 611 montes
1087 555 1176 612 Ece-

109 674 204 718 tram
225 669 398 736 pergunt,
430 661 568 734 quoniam
600 681 693 736 neque
716 663 937 719 dextrorsus
972 659 1065 734 magis
1087 677 1175 733 quam

108 766 202 822 leave
226 765 425 823 accusativum
447 765 562 824 asciscit
592 767 693 840 (quum
715 766 874 842 prasertim
902 784 939 822 ne
962 781 1090 821 versus
1112 764 1175 838 qui·

108 873 176 928 dem
199 871 434 946 praepositionem
457 889 529 938 csse,
549 871 680 928 homines
693 873 767 930 scire
788 889 863 930 nunc
881 876 1024 946 oporteat,
1045 887 1098 926 nec
1120 868 1176 925 dici

109 995 211 1034 oram
234 993 364 1033 versus
385 977 436 1033 sed
460 976 495 1033 in
517 978 632 1034 autad
654 997 756 1035 oraru
778 974 1038 1049 versus,)neque
1054 991 1177 1048 zeugma

108 1081 202 1138 ullum
223 1081 253 1138 in
274 1081 412 1138 membris
434 1089 494 1138 tam
515 1082 669 1158 perspicue
691 1082 852 1156 aequalibus
873 1080 943 1138 ferri
963 1086 1069 1152 potest,
1091 1077 1176 1134 relin-

109 1187 219 1261 quitur,
241 1195 273 1242 ut
294 1185 545 1248 antenexciderit
565 1188 600 1244 in
622 1188 669 1259 (iu
693 1186 914 1245 maritimam
929 1185 1053 1253 oram),
1076 1201 1176 1256 quem-

108 1291 268 1348 admodum
293 1290 363 1348 elibi
376 1299 444 1365 post
463 1311 491 1354 m
502 1291 573 1363 (vid.
590 1293 628 1349 ad
640 1293 712 1360 VII,
723 1297 772 1362 41,
791 1289 897 1359 Smilla
917 1289 1029 1344 incerta
1049 1287 1174 1362 suspicio

107 1407 162 1465 est,
185 1397 325 1471 scriptum
347 1395 416 1453 oiim
445 1395 536 1454 fuisse
558 1399 600 1454 ad
628 1409 767 1456 montes
789 1407 824 1452 et
844 1387 1063 1466 Ecetram¹).

195 1499 269 1576 Cap.
292 1503 341 1571 32,
367 1505 394 1571 6,
418 1502 472 1560 etsi
493 1503 597 1560 mirum
620 1502 744 1572 videtur,
765 1500 946 1558 notissimam
968 1515 1069 1554 vocem
1084 1497 1176 1555 ultera

105 1625 167 1664 non
191 1607 285 1664 minus
307 1616 377 1663 nota
405 1617 600 1682 permutatam
622 1624 701 1677 esse,
728 1616 826 1664 tamen
856 1623 941 1662 nemo
972 1605 1057 1661 fidem
1078 1603 1175 1674 faciet,

106 1713 226 1770 Livium
250 1732 304 1788 pro
329 1723 431 1769 certa
452 1713 584 1782 victoria,
606 1713 643 1768 de
665 1731 723 1786 qua
745 1711 860 1786 agitur,
891 1711 1029 1768 claram
1053 1710 1174 1778 dixisse;

105 1817 171 1873 hnc
192 1827 237 1874 est
259 1817 344 1886 enim,
367 1817 526 1876 certissimo
551 1817 688 1892 loquendi
707 1835 771 1884 usu,
794 1835 858 1890 quae
877 1815 959 1873 fama
980 1827 1009 1872 et
1030 1814 1175 1871 sermoni-

107 1923 164 1979 bus
187 1921 365 1990 celebratum
387 1941 490 1996 neque,
513 1921 591 1996 quod
614 1920 675 1977 dies
697 1931 726 1977 et
747 1922 843 1980 clarus
865 1921 978 1990 dicitur,
1001 1921 1062 1978 sole
1078 1920 1174 1976 lucen-

105 2130 309 2140 ---—---—

125 2214 153 2283 ¹)
179 2217 256 2278 Quod
275 2219 289 2278 §
309 2224 324 2264 4
344 2220 526 2269 emendaturus
545 2234 629 2278 erem,
653 2218 789 2282 occupavit
807 2217 1048 2275 Weissenbornius,
1068 2216 1110 2280 qui
1127 2230 1173 2278 pro

180 2324 221 2368 eo,
244 2310 312 2373 quod
331 2311 426 2358 editur:
447 2326 484 2360 ne
502 2312 582 2376 quis,
606 2310 709 2373 quoad
729 2310 887 2358 bellatum
905 2318 1000 2368 esset,
1014 2310 1172 2358 tributum

180 2403 286 2459 daret,
311 2401 421 2451 fortasse
444 2404 646 2452 debellatum
676 2403 838 2452 scribendum
866 2415 924 2450 esse
948 2402 1095 2457 adnotavit,
1122 2415 1173 2462 quo

180 2493 245 2542 nihil
263 2501 348 2555 potest
366 2507 421 2542 esse
441 2496 533 2544 certius
553 2495 578 2542 in
597 2495 657 2543 belli
676 2495 726 2542 fine
747 2493 929 2555 significando,
958 2493 1086 2556 (alioquin
1105 2493 1172 2540 enim

180 2585 347 2634 scriberetur:
367 2585 470 2634 donee
489 2587 613 2635 bellum
634 2589 751 2646 essct);
777 2600 933 2649 quamquam
957 2585 1006 2633 hoc
1029 2585 1086 2650 ipso
1104 2585 1172 2633 Livii

180 2677 238 2725 ioco
257 2675 390 2724 Ernestius
405 2678 484 2725 utitur
501 2679 533 2726 ad
554 2680 635 2728 simile
653 2679 774 2727 mendum
799 2685 888 2725 contra
906 2675 1025 2726 Grotium
1050 2677 1172 2724 tuendam

179 2768 248 2830 apud
266 2766 384 2817 Tacitum
402 2769 467 2818 Hist.
486 2769 521 2824 11.
529 2777 576 2828 ⁴03
595 2787 654 2820 uam
672 2771 818 2833 ibiquoque
837 2767 924 2833 postd
945 2770 1039 2816 excidit
1057 2769 1103 2816 dc.
1140 2767 1172 2815 Iu

179 2857 246 2907 Livii
265 2859 332 2908 libro
350 2860 438 2920 XXII,
459 2863 656 2920 sl‚10incod.
676 2861 735 2910 Put.
755 2871 780 2910 et
801 2862 827 2909 iu
846 2862 914 2910 Med.
936 2877 951 2908 s
969 2877 1007 2924 pr.
1021 2875 1098 2908 manu
1112 2861 1174 2910 scri·

180 2951 249 3000 bitur
267 2954 351 3016 quod
370 2963 658 3016 spersvcrsutpro:
673 2955 755 3015 quod
775 2955 1046 3017 desperaverant.
1083 2951 1173 3002 Cicero

180 3043 212 3090 de
231 3043 281 3105 leg.
299 3059 354 3106 agr.
374 3043 415 3103 ΙΙ,
437 3051 481 3102 15,
501 3053 534 3094 40
562 3048 711 3110 scripserat:
737 3047 831 3108 quid,
856 3047 894 3094 dc
919 3060 980 3109 quo
1006 3045 1172 3108 disputari

179 3145 292 3184 contra
318 3137 411 3185 nullo
430 3147 530 3202 pacto
554 3146 679 3201 potest;
703 3139 729 3186 in
745 3138 877 3188 codicibus
892 3139 950 3186 inde
969 3137 1078 3196 iactum,
1105 3137 1173 3197 quod

181 3228 276 3276 editur:
304 3229 379 3291 quid
402 3231 487 3292 quod
512 3231 672 3293 disputari
697 3231 935 3289 contrs,omisso
955 3231 1066 3293 depost
1086 3228 1172 3290 quid,

179 3320 310 3380 geminato
328 3321 409 3370 altero
427 3320 450 3372 d.
494 3321 524 3370 In
543 3323 632 3370 eadem
651 3323 766 3370 oratioue
786 3313 831 3377 23,
853 3327 900 3381 31,
920 3322 963 3370 ubi
983 3331 1072 3371 contra
1090 3321 1173 3370 omui-

178 3425 221 3458 um
240 3409 331 3461 Latine
348 3413 506 3474 loquentium
526 3429 600 3464 nsum
620 3415 750 3464 scribitur:
769 3413 807 3471 id,
827 3415 914 3476 quod
931 3411 1108 3478 Campanis
1128 3427 1172 3460 ce-

180 3513 298 3567 perant
317 3509 406 3560 (ncmo
424 3506 491 3553 enim
512 3519 623 3568 unquam
643 3514 687 3554 aut
705 3519 818 3566 agrum
843 3513 888 3553 sut
912 3506 1049 3569 quicquam
1068 3504 1172 3553 omniuo

179 3596 282 3644 alicui
298 3610 414 3660 capere
438 3597 504 3646 dixit
524 3613 620 3662 proco,
641 3599 709 3660 quod
733 3607 772 3647 est
789 3598 959 3656 adimere),
985 3607 1053 3646 recte
1076 3596 1172 3645 Laure-

178 3689 259 3737 danus
281 3686 376 3738 iecerat
399 3689 494 3752 aliique
512 3690 695 3754 probaverunt:
711 3691 794 3754 quod
820 3691 858 3738 de
878 3687 1057 3755 Campanis
1076 3703 1172 3752 cepe·

178 3789 263 3838 rant3
286 3781 408 3830 uicerim
428 3781 522 3830 dicitur
547 3784 613 3843 (Liv.
633 3783 658 3844 1,
679 3789 726 3842 33,
746 3782 797 3842 IV,
818 3787 865 3842 56,
883 3783 918 3840 X,
938 3788 985 3840 33,
1004 3781 1110 3840 XXVI,
1130 3787 1172 3839 34,

178 3871 298 3930 XXXV,
318 3879 364 3930 40,
383 3873 524 3933 XXXVII,
545 3879 587 3935 57,
605 3875 668 3935 XL,
689 3881 735 3936 23,
754 3873 831 3933 XLI,
854 3881 896 3932 13,
923 3873 1013 3933 XLV,
1034 3879 1067 3922 43
1086 3883 1111 3922 et
1130 3879 1173 3932 44,

179 3962 235 4013 cic.
254 3979 302 4028 pro
321 3964 398 4014 domo
418 3969 460 4025 49,
483 3965 558 4031 143);
583 3981 737 4031 quamquam
767 3969 843 4016 etism
863 3981 944 4030 agar
971 3968 1009 4016 ab
1028 3967 1173 4016 Antiati-

178 4057 239 4104 bus
258 4063 372 4120 captus
391 4065 417 4106 ct
435 4071 473 4106 ex
492 4057 688 4109 Tiburtibus
707 4061 838 4124 reperitur.
