2822 4648
312 290 368 342 na
393 291 441 342 111.
621 265 623 270 ’
788 295 827 352 ss

276 477 490 536 excursioni
510 475 641 551 (active),
654 495 754 534 omnes
775 475 837 534 fere
848 478 1031 550 confitentum
1052 480 1103 537 sed
1118 480 1197 556 quod
1213 477 1337 536 Dukero

276 585 416 642 suadente
427 581 553 640 suffici
561 583 649 640 endo
660 582 840 640 intransitive
851 584 887 640 de
900 585 970 660 ipsis
983 585 1120 642 militibus
1131 583 1335 641 excursionum

276 689 370 748 labori
397 697 426 746 et
448 688 577 764 periculo
598 687 805 746 sufficientibus
827 689 982 766 accipitur,
1013 711 1071 750 non
1098 691 1192 748 solnm
1219 709 1273 765 per
1303 707 1335 744 se

276 796 427 854 durissimo
448 794 580 870 gerundii
604 794 748 852 ablativus
775 795 813 851 ad
832 795 975 856 obiectum
997 799 1144 856 sententiae
1166 795 1268 854 activae
1290 815 1335 852 re·

207 905 215 920 “
276 902 369 960 fertur
399 901 484 976 (alius
514 900 588 957 enim
609 900 722 974 generis
751 909 834 970 sunt,
867 921 932 976 quae
959 902 1211 961 Weissenboruius
1243 899 1336 974 citat),

276 1009 327 1066 sed
359 1021 479 1084 prorsus
515 1005 617 1062 evertit
653 1005 732 1064 illum
761 1007 969 1082 interpretandi
998 1017 1133 1066 conatum
1167 1007 1335 1063 adiunctum

276 1113 506 1192 proeliisque
533 1112 766 1186 experiundo.
806 1113 895 1170 Venit
915 1111 945 1168 in
967 1122 1100 1182 mentem,
1123 1112 1238 1170 Livium
1262 1112 1334 1168 scri-

276 1221 345 1276 bere
375 1217 505 1294 potuisse
526 1217 808 1275 excursionibus
830 1217 1049 1292 subigendo,
1084 1221 1140 1276 hoc
1161 1229 1221 1288 est,
1251 1237 1334 1276 exer-

276 1325 389 1383 cendo
414 1333 443 1380 et
463 1322 605 1392 durande,
630 1322 871 1396 quemadmodum
894 1324 1024 1382 homines
1046 1326 1188 1383 subacti
1211 1344 1252 1382 ac
1277 1327 1335 1382 du-

276 1432 347 1489 rati
375 1428 483 1488 bellis
513 1429 645 1487 dicuntur
666 1428 766 1499 XLII,
793 1430 840 1487 52.

367 1536 440 1613 Cap.
463 1537 511 1606 62,
534 1537 551 1592 3
575 1534 618 1608 (in
643 1533 774 1591 oratione
790 1533 907 1592 Horatii
928 1533 1053 1591 consulis
1075 1535 1112 1592 ad
1134 1536 1251 1609 milites)
1273 1537 1334 1594 edi-

277 1655 323 1701 tur
351 1662 426 1701 nuno
453 1641 625 1700 auctoritate
651 1639 782 1697 codicum
810 1641 886 1698 RM:
908 1640 944 1696 id
974 1641 1123 1698 consilii
1145 1643 1339 1718 animique

278 1749 468 1807 habiturus
488 1766 581 1817 sum,
612 1745 706 1820 quod
738 1744 783 1820 (M
805 1747 906 1820 quos)
939 1763 1005 1801 ros
1035 1745 1170 1806 milites
1191 1751 1333 1824 geritis.

222 1898 228 1916 a
277 1853 389 1914 Omitto
411 1855 524 1911 inanem
546 1851 745 1928 repetitionem
760 1853 840 1908 vocis
862 1852 997 1910 milites
1020 1851 1129 1928 (post§
1147 1855 1163 1910 2
1178 1873 1251 1924 vos,
1276 1857 1335 1912 mi-

277 1961 390 2034 lites);
412 1959 561 2018 molestior
583 1965 626 2014 est
646 1957 776 2032 pravitas
799 1959 950 2033 temporis3
972 1979 1066 2033 neque
1087 1960 1162 2018 enim
1183 1979 1248 2018 cum
1271 1961 1334 2017 ha-

277 2067 423 2124 biturus
455 2083 529 2122 sum
556 2063 690 2120 convenit
710 2063 857 2138 geritis3
879 2065 930 2120 sed
952 2065 1041 2122 multo
1063 2067 1181 2140 gravius
1203 2077 1248 2124 est
1268 2087 1334 2124 ora-

278 2171 364 2229 tionis
385 2181 415 2228 et
435 2169 581 2227 sententies
602 2169 717 2238 vitium3
744 2187 812 2225 nam
841 2167 1045 2245 (praeterquam
1067 2173 1146 2246 quod
1174 2173 1266 2230 idam
1288 2174 1335 2230 di-

276 2277 397 2336 cendum
419 2277 493 2350 erat)
529 2295 623 2350 neque
655 2274 847 2332 consilium
869 2277 1011 2349 geritur
1032 2297 1125 2353 neque
1146 2278 1246 2334 consul
1267 2280 1333 2336 Ro-

273 2373 378 2440 manus
404 2400 533 2457 unquam
555 2381 682 2438 dicturus
705 2388 783 2451 crat,
804 2399 836 2438 se
855 2381 885 2437 id
908 2383 1018 2440 consilii
1039 2385 1220 2454 habiturum,
1254 2386 1334 2459 quod

276 2487 380 2546 milites
409 2489 469 2546 sive
490 2495 624 2562 gererent
653 2485 714 2542 sive
742 2487 891 2546 haberent.
952 2489 1053 2546 Livius
1075 2491 1200 2566 scripsit:
1238 2491 1333 2565 quod

276 2614 339 2652 ros
362 2595 447 2652 mihi
477 2592 658 2662 feceritis,
686 2593 742 2649 hoe
763 2603 821 2664 est,
843 2594 921 2668 quod
944 2594 1104 2654 intellectus
1126 2605 1154 2652 et
1175 2597 1333 2654 estimatus

276 2711 437 2759 vastrorum
459 2699 620 2757 animorum
642 2700 760 2756 habitus
781 2700 851 2756 mibi
871 2699 927 2775 ipsi
941 2701 1101 2761 subiecerit.
1128 2703 1174 2760 Ea
1188 2702 1333 2777 scriptura

274 2806 398 2881 primum
409 2805 581 2881 permutatis
592 2805 693 2862 litteris
715 2815 771 2867 cet
783 2825 801 2885 g
822 2812 872 2872 (ex
882 2825 939 2880 quo
950 2807 1107 2882 saepissime
1118 2805 1333 2864 confunduntur

273 2911 341 2986 egi,
363 2909 441 2981 ieci,
462 2910 545 2986 legi,
567 2910 654 2978 feci,
684 2911 799 2981 similia)
824 2911 925 2968 leviter
952 2923 1089 2988 corrupta
1115 2924 1170 2983 est3
1207 2913 1274 2972 dein
1298 2913 1332 2970 fc

274 3035 340 3072 cum
361 3015 446 3072 mihi
467 3016 583 3087 coaluit,
616 3025 647 3073 ut
667 3016 801 3074 milites
823 3029 1018 3076 nascerentur.
1060 3021 1095 3077 In
1118 3020 1331 3078 codicearche-

274 3131 343 3197 typo
368 3120 540 3196 scripturam
562 3123 727 3198 ambiguam
751 3122 849 3194 brisso,
862 3133 1045 3198 patetexeo,
1069 3126 1147 3200 quod
1168 3127 1197 3182 in
1209 3127 1254 3184 Ll
1273 3138 1330 3184 est:

274 3227 369 3302 quod
391 3244 454 3283 uos
483 3227 568 3285 mihi
594 3229 805 3304 tetegeritia
837 3231 904 3302 (non
927 3230 1057 3306 profecto
1085 3231 1255 3306 corrigendo
1278 3251 1333 3289 na·

273 3343 344 3401 tum,
364 3331 415 3389 sed
438 3333 557 3408 propius
579 3334 673 3410 primo
701 3337 805 3394 mendo
827 3335 913 3393 mibi
939 3335 1138 3412 legeritis),
1165 3337 1194 3394 in
1228 3339 1276 3396 ffl
1302 3347 1331 3395 et

273 3438 350 3496 aliis:
375 3438 468 3512 quod
488 3457 552 3496 uos
574 3442 762 3516 tegeritis,
790 3443 896 3498 omisso
926 3442 1025 3512 mihi;
1046 3443 1074 3498 in
1098 3442 1233 3500 Parisino
1265 3437 1334 3499 lue·

273 3545 359 3602 ritus:
382 3545 475 3619 quod
496 3564 561 3602 uos
583 3547 670 3604 mihi
691 3547 909 3619 effeceritis,
934 3549 1053 3607 dubium
1075 3549 1201 3618 videtur3
1222 3547 1253 3604 in
1275 3548 1332 3605 ali-

273 3661 345 3725 quot
366 3650 557 3710 deterioribus
586 3655 685 3725 (Voss.
709 3655 744 3722 2,
765 3653 848 3709 Harl.
873 3656 907 3726 2,
938 3653 1042 3730 fragm.
1077 3655 1171 3724 Ham,
1196 3653 1334 3720 Gamla,

273 3757 393 3826 Kloclr.,
429 3757 511 3818 Port.
536 3759 623 3833 apud.
645 3755 754 3834 Drak.)
776 3777 812 3814 ea
837 3761 981 3836 scripturn
1002 3770 1061 3832 est,
1090 3760 1270 3831 coniectura,
1298 3771 1331 3816 ut

272 3864 385 3939 opinor,
406 3862 533 3935 inventa,
553 3863 668 3922 veritati
688 3865 837 3940 proxima;
857 3866 951 3941 ipsum
974 3865 1142 3924 leceritis
1158 3865 1329 3925 Gronovius

272 3969 300 4024 in
322 3969 459 4028 Gudiano
482 3968 571 4026 fuisse
592 3969 660 4028 dicit
681 3989 733 4028 nec
748 3983 854 4044 tamen,
876 3971 954 4047 quod
970 3972 1083 4042 mirera,
1094 3971 1192 4028 tenuit.
1223 3971 1331 4028 Facit
