2826 4640
583 269 642 327 483
1047 269 1107 323 Lib.
1119 269 1176 319 XL.

111 461 229 520 erent,
250 459 509 526 pervenerunt,
531 451 587 508 hoc
609 460 661 522 est,
683 451 713 526 in
735 451 927 523 Dardanium,
950 471 1039 528 quem
1062 453 1100 511 eb
1122 454 1179 512 ini-

111 555 155 612 tio
186 555 330 630 petierent
367 553 535 629 itinerisque
566 558 653 613 finem
694 567 916 633 proposuerant.
973 557 1089 618 Deinde
1124 579 1178 636 pro

111 661 356 737 Apolloniam
379 660 621 719 meridianam
643 663 673 720 in
698 663 765 720 edit.
788 663 878 721 Frob.
906 668 914 722 l
944 665 1006 723 sine
1028 665 1088 722 ulla
1108 685 1178 741 pro-

110 767 264 824 babilitate
286 766 471 824 substitutum
495 777 551 824 est:
582 768 953 828 Transdanubianem
983 771 1179 847 regionem,

110 881 273 948 posteaque
294 882 452 942 servotum,
474 873 528 930 nisi
551 873 630 948 quod
654 873 909 932 Weissenbornins
941 875 1177 952 Apolloniam

111 975 423 1035 mediterraneam
440 979 625 1054 regionem
643 978 767 1054 scripsit,
782 979 855 1054 ipse,
871 980 941 1055 quid
958 981 1179 1058 eubApollo·

110 1081 147 1138 ni
154 1101 205 1139 em
224 1081 336 1153 lateret,
347 1083 483 1160 ignorare
494 1103 526 1142 se
536 1083 632 1141 fassus
645 1085 819 1160 oblitusque,
825 1085 1006 1144 Dardanium
1017 1106 1075 1144 nou
1084 1087 1180 1146 minus

112 1187 352 1246 mediterraneam
376 1189 474 1260 fuisse,
497 1209 550 1248 nee
573 1189 690 1246 omnino
714 1189 787 1248 ullos
804 1189 1016 1250 Baetemarum
1039 1193 1077 1250 ad
1098 1213 1180 1253 mare

110 1312 283 1369 progressos
305 1293 402 1352 fuisse.
467 1293 657 1354 Scribendum
681 1304 758 1366 eret,
788 1295 907 1354 excluse
932 1297 1031 1374 inepto
1060 1301 1179 1376 supple-

111 1408 223 1456 mento:
262 1399 488 1482 equllenluni
522 1400 707 1476 regionem
738 1401 902 1476 repetiit.
960 1403 1010 1461 Ab
1044 1405 1180 1480 aquilone

111 1505 188 1562 enim
213 1506 242 1562 in
265 1504 468 1562 Macedoniam
492 1515 521 1562 et
542 1505 700 1562 Threciam
723 1505 941 1568 descenderant.

196 1610 267 1686 Cep.
294 1615 352 1680 59,
390 1612 407 1668 8
446 1611 488 1674 tin
517 1611 717 1686 prodigiorum
746 1612 1037 1691 commemoratione)
1069 1615 1180 1688 cleiis,

111 1716 162 1790 qui
187 1716 278 1774 Iulius
303 1715 475 1792 Obsequens
497 1717 617 1786 dicitur,
639 1727 668 1774 et
688 1717 790 1788 leue,
813 1720 892 1794 quod
912 1719 942 1777 in
967 1720 1092 1778 editione
1113 1721 1179 1780 Mo-

110 1821 233 1897 guntine
255 1831 312 1894 est,
343 1821 372 1878 in
408 1841 461 1879 euo
485 1822 585 1880 codiee
609 1823 712 1880 hebuit
734 1831 763 1880 et
784 1824 905 1882 eandem
929 1826 1070 1884 emtionis
1092 1827 1180 1886 inter-

110 1927 297 2003 punctionem
320 1936 436 1984 secutus
458 1937 511 1998 est,
533 1929 661 1986 dubitari
683 1939 781 1986 temen
803 1929 913 2005 nequit,
935 1931 1003 2006 quin
1025 1933 1112 1991 scribi
1128 1932 1180 1991 de·

110 2035 194 2090 beat:
217 2033 379 2108 lanxque
402 2053 479 2090 cum
502 2034 781 2110 integumentis,
804 2053 881 2110 qum
902 2033 987 2094 lovi
1009 2037 1180 2112 apposite

111 2137 195 2208 fnit,
216 2138 357 2196 decidit
379 2139 421 2196 de
442 2159 577 2198 mense.
620 2139 731 2199 Olees
761 2159 904 2216 qnoque
929 2151 1180 2217 pregustasse

11 2319 13 2330 Ι
112 2264 243 2315 mures,
262 2245 297 2302 in
322 2245 534 2320 prodigium
557 2263 702 2304 versum
724 2255 791 2318 est;
814 2246 932 2322 (vulgoz
959 2246 1104 2304 decidit.
1128 2247 1181 2305 De

112 2369 237 2408 mensa
259 2351 364 2408 oleas
386 2359 558 2426 quoque).
598 2353 702 2410 Lanx
723 2371 778 2428 pro
801 2351 892 2421 lane,
915 2367 979 2426 quae
1000 2369 1094 2425 neque
1108 2351 1181 2409 inte-

113 2455 365 2532 gunrentehebet
386 2455 490 2512 necin
512 2475 612 2514 mense
635 2457 801 2534 apponitur,
824 2455 932 2534 Cuperi
951 2456 1100 2514 inventum
1122 2467 1180 2528 est;

113 2571 223 2620 rectem
245 2561 387 2621 orationis
410 2561 640 2634 distinctionem,
659 2563 684 2619 si
706 2581 765 2620 non
787 2563 930 2638 resipere,
962 2561 1064 2620 saltem
1089 2561 1182 2638 perti-

114 2665 181 2724 cule
204 2685 352 2741 quoque
373 2675 536 2725 monstrare
559 2668 693 2725 debebat.
738 2667 940 2744 Coniungatur
968 2667 1024 2724 hoc
1045 2667 1182 2724 mendum

114 2771 310 2846 Obsequentis
334 2781 449 2830 etatem
472 2791 631 2866 assequens
664 2774 820 2846 cumino,
853 2773 932 2850 quod
966 2773 996 2831 in
1028 2775 1085 2830 fine
1112 2772 1181 2830 libri

115 2877 260 2934 XXXVI
283 2877 347 2952 (45,
367 2881 404 2950 9)
433 2876 517 2936 festis
541 2877 714 2938 Cassinderi
735 2879 847 2954 oequale
882 2887 934 2936 aut
965 2877 1112 2954 antiquius
1133 2878 1184 2934 de·

113 2983 287 3057 prehensum
310 2993 363 3042 est.
