2826 4640
241 223 298 274 Lib.
311 221 407 274 XLIV.
745 225 804 282 560

241 407 332 466 tetis
361 406 396 464 in
423 413 612 482 posterum
644 403 738 462 diem
769 403 915 470 animis,
956 404 1160 462 maioribus
1190 403 1313 480 copiis

242 521 353 594 etque
372 509 548 568 infestius
570 527 788 568 concursum
810 511 855 568 ob
875 509 971 579 illis,
1002 509 1032 566 si
1053 508 1126 566 looi
1147 509 1243 566 setis
1266 509 1314 566 sd

242 616 502 694 explicandam
525 615 637 674 eciem
660 613 804 676 inisset.
852 615 999 672 Vitiosum
1014 631 1314 672 esseconcursom

241 743 296 800 pro
318 739 533 781 concnrsum
558 730 671 792 osset,
693 720 743 778 elii
764 720 982 790 intellexemut3
1002 719 1089 794 plene
1109 719 1244 777 abundet
1267 721 1314 776 eb

242 829 321 887 illis
343 845 524 904 pravumque
545 843 706 902 pronomen
728 835 787 895 est;
819 825 869 883 sed
898 834 1040 902 praetereo
1068 843 1207 901 perverse
1238 844 1315 883 oon-

242 935 399 1008 iunguntur
431 933 466 994 Ιι
499 941 687 1006 posterum
724 929 818 987 diem
849 929 942 1004 (qnod
964 949 1052 1006 quum
1075 929 1189 1000 dicitur,
1212 930 1317 1006 egitur

242 1039 278 1096 ds
296 1037 396 1114 priore
417 1036 473 1106 die,
492 1035 573 1093 cuius
595 1043 828 1112 pugnennrrete
845 1032 904 1111 est)
925 1048 955 1095 et
975 1053 1192 1096 concursum
1212 1045 1315 1092 esset

243 1145 319 1222 (ipso
341 1151 460 1219 postero
482 1139 556 1217 dis);
578 1151 656 1198 recte
677 1140 735 1198 dici
756 1139 862 1214 possit:
893 1137 1059 1197 irritetis
1081 1141 1230 1210 animis,
1261 1141 1313 1198 in·

243 1249 378 1309 festius
407 1255 556 1323 postero
589 1245 647 1303 die
681 1262 895 1303 concursum
929 1254 1039 1314 esset3
1078 1264 1154 1303 nono
1187 1247 1246 1302 hoe
1276 1246 1312 1302 in

242 1365 427 1432 posterum
449 1352 542 1409 diem
557 1351 678 1409 verbum
696 1350 835 1427 postulet,
857 1350 936 1423 qnod
957 1351 1062 1426 prioris
1083 1351 1140 1408 diei
1161 1351 1312 1409 sotionem

243 1460 392 1536 significet.
440 1455 543 1516 Codex
571 1457 633 1532 ipse
655 1457 727 1514 setis
748 1455 875 1514 ostendit
896 1453 975 1512 eliud
996 1455 1135 1532 scriptum
1156 1455 1258 1526 lesisse,
1280 1456 1311 1513 in

244 1584 302 1640 quo
326 1565 367 1623 sic
386 1564 535 1622 scribitur:
560 1563 764 1620 maioribus
796 1561 914 1637 copiis
937 1561 1058 1636 adque
1089 1543 1311 1620 inlesiotius

243 1686 458 1727 concursum
479 1669 660 1726 abellisin
690 1667 762 1726 looi
784 1667 879 1724 setis
901 1665 944 1723 ed
967 1666 1060 1742 expl.
1091 1685 1140 1727 oc.
1163 1667 1185 1727 f.
1229 1667 1311 1724 Hinc

244 1773 380 1834 efficitur:
395 1773 565 1832 Irritotis
580 1775 614 1832 iu
629 1783 817 1850 posterum
833 1771 930 1829 diem
946 1771 1089 1842 animis,
1104 1772 1310 1830 maioribus

243 1880 362 1956 copiis
396 1889 507 1953 etque
540 1877 971 1941 infestiuscneururl
1000 1877 1150 1948 siculi,
1182 1877 1214 1934 si
1235 1877 1309 1935 loci

244 1985 334 2043 setis
350 1986 394 2042 ad
415 1982 669 2059 explicandum
702 1984 818 2042 eciem
840 1983 984 2040 fuisset.
1035 1981 1172 2057 Sequitur
1193 1982 1231 2038 de
1253 1983 1309 2040 hoc

243 2090 308 2166 ipso
330 2089 448 2147 ulterius
469 2088 527 2146 dici
548 2107 648 2164 pugne
669 2089 750 2147 locus
773 2091 801 2162 (§
825 2091 857 2156 6,
887 2097 1044 2164 postquam
1066 2087 1231 2163 expositum
1254 2099 1308 2157 est,

244 2196 382 2254 nteiorem
409 2203 522 2270 purtem
555 2192 706 2268 copiarum
738 2195 869 2252 locorum
897 2203 1002 2251 nature
1023 2211 1154 2270 pugnare
1176 2193 1308 2268 prohibi·

243 2311 303 2358 torn
325 2302 414 2374 esse):
446 2299 555 2356 Levis
577 2309 767 2357 armatura
788 2293 901 2357 etium
926 2318 992 2374 per
1013 2299 1210 2358 anfractus
1231 2299 1307 2374 iugi

242 2422 485 2480 procurrrere
506 2411 541 2461 et
561 2404 605 2462 eb
626 2403 808 2462 lateribus
830 2423 905 2464 cnm
921 2405 994 2462 levi
1015 2413 1207 2462 ermeturo
1228 2423 1307 2462 con-

243 2527 383 2582 serere,
404 2527 469 2585 per
491 2509 624 2584 iniquo
645 2519 756 2584 etque
775 2527 877 2584 eque
898 2511 980 2568 loce
997 2527 1152 2586 pugnem
1167 2519 1307 2586 petere;

243 2633 283 2672 sc
304 2612 383 2687 (cod.
403 2623 531 2690 petere
554 2614 611 2684 ed)
639 2614 813 2690 pluribus
835 2632 875 2672 so
897 2615 955 2673 dio
976 2615 1181 2674 vulneratis
1204 2635 1305 2691 quom

243 2719 468 2790 interiectis,
489 2719 675 2796 proelium
704 2728 811 2778 nocte
833 2719 1052 2795 diremptum
1083 2731 1147 2780 est.
1202 2721 1307 2796 Neque

244 2841 442 2884 conserere
464 2825 598 2884 obsolute
620 2825 677 2883 dici
701 2833 799 2900 potest
820 2833 873 2896 (—
896 2825 996 2901 itsqne
1017 2835 1069 2882 out
1096 2844 1236 2882 menum
1257 2835 1307 2882 eut

243 2947 399 3006 pugnem
433 2929 597 2988 addendum
622 2937 674 2987 out
701 2947 924 2988 concurrere
945 2930 1128 2988 scribendum
1150 2947 1214 2987 esse
1238 2947 1305 2986 eon·

243 3035 338 3092 iicitur
361 3035 433 3109 α),
466 3053 560 3110 neque
588 3052 744 3110 pugnem
764 3045 888 3109 petere
907 3037 944 3094 de
965 3035 1201 3094 concurrentibus
1224 3035 1304 3093 Leti-

242 3159 312 3198 num
337 3148 390 3210 est,
413 3158 509 3215 neque
529 3139 687 3198 infinitivus
719 3138 873 3198 historicus
902 3142 949 3200 hic
979 3141 1075 3199 locum
1104 3140 1203 3209 habet,
1233 3157 1304 3215 pre·

194 3294 201 3313 ,
243 3245 363 3304 cedente
384 3244 414 3302 iu
435 3263 471 3302 ee
493 3244 650 3314 sententis,
681 3242 728 3299 cui
754 3243 815 3300 hoec
836 3246 1002 3322 respondet,
1032 3242 1202 3321 imperfecto
1225 3243 1304 3320 (ste-

243 3349 354 3426 bsnt),
386 3365 479 3424 nequo
511 3367 565 3425 per
587 3366 628 3408 eo
659 3349 721 3404 haec
743 3357 821 3406 recte
842 3368 908 3409 oum
919 3351 1061 3428 proximis
1084 3349 1303 3425 coniunguntur,

244 3456 348 3532 quibus
369 3454 473 3530 proelii
495 3455 581 3512 huius
603 3452 660 3511 diei
683 3469 797 3512 summe
817 3465 846 3513 et
872 3465 991 3514 eventus
1013 3455 1201 3532 significetur.
1245 3455 1304 3512 Ac-

244 3561 320 3620 cedit
338 3559 446 3619 codicie
460 3560 604 3637 scripture
619 3557 677 3616 elio
692 3557 808 3617 docens.
845 3561 894 3620 Sic
915 3561 991 3619 enirn
1011 3561 1092 3619 locus
1113 3559 1304 3617 restituendos

244 3675 300 3725 ost:
322 3665 432 3724 Levis
456 3671 644 3722 armature
739 3682 936 3724 conserere
957 3686 1023 3743 per
1044 3667 1177 3740 iniquo
1198 3675 1304 3740 atque

243 3791 347 3848 teque
367 3771 449 3829 loce
472 3787 626 3846 pugnum
649 3775 798 3850 pstcrtl
820 3767 1016 3849 (potered).
1059 3770 1302 3830 Pluribusetc.

327 3874 401 3950 Cep.
426 3879 455 3946 5,
477 3876 495 3932 9
521 3885 550 3932 et
576 3879 625 3932 10:
654 3874 705 3942 (de
732 3876 873 3934 Romanis
901 3875 938 3950 Q.
961 3877 1074 3934 Marcio
1095 3875 1215 3934 consule
1236 3875 1304 3932 duce

243 3997 295 4052 per
317 3989 429 4035 montes
451 3978 481 4034 in
494 3978 699 4036 Macedonium
721 3981 967 4055 penetrantibus)=
988 3982 1107 4040 Nocte
1132 3980 1178 4038 ed
1198 3979 1303 4038 modi·
