2826 4640
238 251 296 302 Lib.
309 250 408 303 xntv.
745 254 803 312 562

239 444 352 512 partem
374 435 486 512 pedites
508 433 650 508 tenuisse,
688 455 782 513 eoque
804 437 912 494 omisso
936 435 1120 494 scribendum
1141 454 1220 494 esse:
1249 456 1310 513 po·

239 549 554 610 sueruntoestre,
591 560 743 616 quorum
776 559 862 620 pars
892 539 1310 602 maiortumulostene·

238 648 316 718 bat;
338 647 433 710 ιΙΙΙιΙ
456 645 507 717 (ab
531 647 588 705 alio
604 647 708 722 latere)
731 650 833 707 vallo
852 647 970 722 compi
992 666 1135 722 quoque
1155 659 1310 724 portem,

238 755 300 812 ubi
322 771 431 829 eques
453 753 639 824 tenderet,
661 755 988 831 amplectebantur.

323 858 397 934 Cup.
423 861 451 928 6,
478 857 505 914 2.
554 858 732 932 Hierocae,
763 879 847 935 quem
871 859 1016 933 Gryneus
1045 858 1131 916 valde
1151 859 1311 919 infeliciter

132 961 140 970 ’
237 964 433 1041 interpolavit,
454 962 606 1021 Beklrerus
622 975 651 1022 et
662 965 916 1022 Weissenborniue
930 963 1027 1034 talem,
1050 964 1144 1039 qualis
1158 966 1188 1022 in
1203 967 1308 1024 codice

239 1079 376 1146 corrupte
397 1069 522 1146 scriptus
544 1079 598 1144 est,
620 1071 807 1145 reliquerunt,
829 1071 934 1128 additis
955 1079 1067 1128 tantum
1089 1070 1201 1128 lacunae
1218 1073 1309 1141 notis,

237 1177 292 1236 etsi
315 1195 374 1234 non
395 1193 516 1253 prorsus
537 1175 730 1254 redintegrari
760 1185 872 1252 potest,
909 1176 988 1250 quod
1018 1175 1158 1234 nonnulla
1185 1177 1308 1234 excido-

235 1291 311 1354 rnnt‚
333 1292 431 1340 temen
452 1282 594 1358 insignem
619 1282 721 1358 recipit
750 1281 981 1340 emendationem
1012 1301 1078 1340 cum
1100 1281 1219 1340 alterins
1247 1282 1308 1341 loci

236 1390 414 1448 correctione
438 1409 498 1448 non
510 1389 604 1446 minus
619 1387 726 1464 insigni
745 1387 937 1446 coniunctam.
981 1365 1098 1446 Codicis
1115 1387 1193 1446 enim
1211 1387 1306 1464 scrip·

235 1505 302 1554 tura
325 1495 492 1553 huiusmodi
521 1503 581 1552 est:
614 1495 768 1566 (Perseus,
803 1495 904 1551 nuntio
936 1493 973 1550 de
1005 1495 1133 1552 exercitu
1165 1495 1305 1552 Romano

235 1621 289 1678 per
310 1611 423 1660 montes
454 1601 484 1658 iu
513 1599 718 1658 Macedoniam
751 1600 886 1658 traducto
916 1600 1115 1675 perturbatus)
1148 1599 1306 1658 subinde

235 1727 301 1784 per
322 1709 477 1783 aliaquae
505 1705 583 1777 (edd.
606 1725 673 1781 per
694 1705 768 1762 alia
790 1705 954 1780 alioque3
985 1707 1070 1768 scrib.
1093 1705 1204 1781 potius:
1240 1725 1306 1781 per

235 1813 313 1870 alie
335 1823 444 1888 etque
466 1807 588 1886 alia)¹)
626 1812 763 1887 pavida
796 1812 959 1870 oonsilio
989 1821 1022 1870 ot
1055 1812 1212 1889 imperia
1235 1821 1304 1870 tre-

223 1918 379 1992 pidans,
411 1917 503 1974 duos
525 1934 568 1973 ex
590 1917 717 1974 amicis
749 1917 890 1974 Pellam
922 1919 1078 1976 altorum
1113 1935 1229 1993 usque
1259 1919 1304 1976 ad

234 2025 381 2100 psthum
404 2022 559 2098 pecunie
584 2022 756 2098 deposita
778 2031 858 2080 arat
879 2043 922 2082 ex
942 2023 1127 2100 presidiis
1148 2036 1304 2082 revocet

235 2129 425 2204 omnisque
461 2129 583 2186 editus
613 2129 735 2204 aperit
769 2129 876 2187 bello.
930 2129 1000 2187 Non
1033 2129 1159 2188 dubitari
1194 2139 1304 2206 potest,

235 2235 303 2310 quin
326 2235 427 2292 eadem
451 2234 648 2311 significentur
669 2253 857 2312 praepropera
877 2234 1009 2311 imperia,
1041 2254 1163 2310 quorum
1186 2247 1302 2312 postea,

233 2341 351 2416 dempto
373 2351 501 2410 terrore,
533 2341 645 2398 Persea
666 2341 844 2415 poenituisse
865 2341 967 2399 Livius
989 2359 1013 2398 c.
1039 2343 1075 2398 te
1103 2343 1165 2400 init.
1188 2353 1301 2414 narrat,

234 2445 355 2502 alterum
378 2446 414 2507 de
435 2465 511 2522 goze
534 2446 667 2522 regiain
689 2465 770 2504 mare
793 2447 986 2522 proficienda,
1021 2447 1100 2522 quod
1127 2447 1230 2505 Niciae
1254 2453 1300 2506 fs·

233 2570 298 2609 cere
319 2552 413 2608 iussus
436 2561 507 2623 erat,
530 2553 652 2610 alterum
676 2553 713 2610 de
733 2553 887 2610 navalibus
902 2553 1119 2612 Thessalonica
1143 2553 1301 2612 incenden-

233 2658 286 2728 dis,
309 2657 408 2716 datum
430 2658 611 2720 Andronico.
666 2661 725 2718 Res
749 2669 993 2718 commemoretur
1016 2659 1103 2716 etism
1125 2659 1156 2715 in
1178 2677 1300 2736 excerp·

232 2765 269 2821 tis
290 2764 415 2822 Diodori
437 2765 631 2822 Peireseianis
661 2785 690 2842 p.
717 2767 776 2823 579
798 2765 912 2836 Woss.‚
943 2765 992 2824 ubi
1016 2783 1070 2841 pro
1092 2765 1180 2823 Nicia
1200 2765 1300 2822 Nicon

232 2870 405 2946 appellatur,
438 2871 487 2944 qui
519 2871 615 2928 iussus
645 2871 750 2928 dicitnr
771 2859 898 2955 oprtet
917 2866 962 2950 τῷ
987 2863 1085 2953 Φάκῳ
1109 2858 1218 2952 γάζαν
1241 2867 1297 2932 καὶ

231 2965 273 3036 τά
295 2963 451 3056 χρήματα
476 2956 742 3047 καταποντίσὰι,
773 2985 802 3034 et
831 2976 909 3053 apud
937 2977 1106 3053 Appianum
1136 2978 1166 3034 in
1195 2977 1299 3036 iisdem

230 3082 375 3157 excerpt-is
406 3077 536 3160 (Maced.
567 3083 604 3142 fr.
639 3085 697 3156 14).
741 3084 806 3141 Iam
834 3101 858 3141 c.
886 3085 937 3153 10,
966 3083 1049 3140 2sic
1070 3084 1218 3146 scribitur:
1249 3085 1298 3142 in·

231 3188 377 3246 cautior
411 3189 512 3263 (quam
535 3189 738 3261 Andronicus,
770 3189 819 3265 qui
842 3197 956 3264 tempus
991 3189 1134 3264 traxerat)
1166 3189 1298 3248 Nicias

230 3293 344 3352 Peilm
365 3293 598 3370 proiicieudo
615 3294 692 3368 (cod.
707 3293 955 3371 proiiciendse)
971 3295 1132 3370 pecuniae
1145 3305 1298 3371 partem,

248 3571 270 3638 ¹)
298 3574 583 3638 minutiusque,
609 3575 711 3624 aliter
728 3574 898 3636 aliterque
916 3576 985 3638 epnd
1009 3573 1114 3627 Celsum
1144 3583 1169 3626 et
1187 3576 1299 3628 fortasse

299 3669 367 3733 epnd
381 3667 446 3718 aiios
460 3667 596 3730 repetitum
615 3667 679 3716 boni
695 3667 832 3731 scriptores
851 3666 940 3716 alius
959 3677 1056 3731 etque
1075 3669 1176 3728 nlius,
1196 3670 1300 3720 aliter

299 3767 401 3823 atque
429 3759 546 3819 aliter,
572 3759 658 3809 olibi
683 3765 783 3822 atque
809 3757 894 3808 olibi
923 3760 1008 3810 dicere
1038 3762 1128 3811 soient
1174 3761 1300 3814 Livianus

298 3850 371 3900 iocos
389 3848 448 3914 plus
467 3853 556 3901 decem
581 3852 746 3915 collegerunt
772 3851 825 3900 lec.
850 3849 992 3902 Gronovius
1019 3861 1044 3904 et
1068 3853 1300 3906 Drakenborchius

299 3941 332 3988 od
351 3941 451 4000 XXIV,
469 3947 511 4004 20,
531 3947 556 3994 9.
