2826 4650
579 257 616 312 63
983 255 1038 304 Lib.
1059 255 1092 304 11.

67 457 305 514 unumquemque
343 457 380 495 ex
411 437 456 496 bis
488 439 622 496 trecentis
658 457 724 508 sex,
760 438 921 496 senioribus
953 438 1128 497 iunioribus-

68 565 143 620 qna,
199 544 332 602 omnibus
369 555 465 602 tamen
509 545 653 602 nobilibus
690 545 774 615 viris,
816 545 993 602 senatorium
1032 545 1127 606 locum

69 652 142 708 tueri
165 650 306 726 potuisse,
330 660 370 720 ut,
391 651 416 708 si
437 669 495 708 non
516 649 636 708 militurn
659 669 773 725 agmen,
795 651 846 708 scd
867 653 1043 710 senatusille
1057 653 1128 712 fuis·

69 769 122 827 set,
143 757 216 814 nihil
238 757 391 831 quisquam
412 757 441 813 in
463 775 498 814 eo
521 756 557 814 ad
579 757 747 832 dignitatem
768 757 1052 831 requisiturus'foret,
1075 762 1128 818 mi·

68 866 150 922 litum
173 875 270 922 autem
293 881 409 920 manum
438 882 502 920 eam
524 863 627 934 fuisse,
661 882 725 937 qnae
747 883 784 920 ex
805 865 891 920 meris
913 865 1033 922 ducibus
1061 886 1128 924 oon·

68 983 148 1028 stare
171 971 327 1029 videretur.
384 973 484 1044 Atque
514 971 588 1026 hanc
621 969 790 1026 sententiam
823 989 841 1026 a
863 970 947 1028 Livio
970 972 1129 1048 Eutropius

67 1078 192 1153 sumpsit
215 1079 257 1148 (1,
291 1075 354 1151 lt):
390 1077 452 1150 qui
484 1075 621 1150 singuli
655 1093 864 1150 magnorum
898 1078 1128 1136 exercituum

68 1186 182 1242 duces
204 1201 288 1239 esse
309 1183 497 1244 deberent;
536 1180 616 1238 cuius
651 1179 811 1239 imitatione
841 1183 968 1240 nondum
999 1183 1129 1241 animad-

69 1309 165 1360 versa,
188 1290 253 1364 ipsa
275 1309 321 1346 me
342 1289 398 1346 loci
420 1287 535 1345 Liviani
557 1286 749 1344 consideratio
772 1287 831 1356 bis,
852 1287 949 1345 multis
972 1289 1130 1360 interiectis

69 1397 162 1466 annis,
185 1395 344 1465 admonuit,
367 1405 398 1452 nt
418 1394 587 1452 scriberem:
623 1411 772 1468 quorum
801 1392 978 1451 neminem
1007 1395 1130 1453 ducem

69 1521 273 1578 sperneres,
288 1501 460 1577 egregius
483 1499 950 1574 quibuslibettemporibus
971 1511 1128 1560 senalus.

69 1611 134 1666 Iam
163 1617 296 1684 apparet,
317 1608 430 1666 ourilla
452 1607 681 1682 quibuslibet
702 1605 931 1680 temporibus
948 1603 1129 1682 addantur¹).

70 1715 223 1786 (Senserat
245 1715 354 1790 aliquid
372 1714 456 1789 pravi
476 1714 594 1770 subesse
606 1711 799 1786 Tanaquillus
821 1711 928 1779 Faber,
950 1713 1037 1768 homo
1059 1732 1128 1770 acu·

71 1833 126 1884 tus,
148 1821 199 1895 qni
222 1840 276 1895 pro
298 1831 446 1878 senatus
467 1819 553 1878 scribi
565 1817 697 1874 voluerat
718 1817 918 1887 exercitus,
933 1817 1052 1875 licenter
1063 1838 1130 1894 pro·

71 1927 157 1986 fecto.
206 1926 281 1984 Sunt
302 1926 434 2000 quedem
456 1925 626 1983 coniecturae
647 1942 700 1998 per
711 1941 742 1979 se
763 1941 883 1999 prorsus
894 1923 1092 1998 improbanda
1103 1933 1132 1982 et

72 2043 168 2088 tamen
191 2049 252 2086 non
274 2031 364 2106 inepti
384 2031 481 2088 indicii
503 2030 634 2104 indices.)

155 2137 230 2212 Cap.
261 2140 315 2206 51,
349 2141 358 2192 l
390 2137 619 2194 emendationem
651 2155 669 2193 a
699 2155 745 2193 me
775 2137 813 2192 ad
842 2135 901 2194 Cic.
924 2133 988 2192 Fin.
1015 2154 1045 2210 p.
1073 2137 1130 2193 537

70 2243 252 2318 propositam
275 2243 391 2316 (quum
422 2244 493 2299 haec
515 2252 669 2318 accepta
700 2243 827 2299 clades
854 2251 907 2298 est
938 2261 992 2317 pro
1022 2240 1131 2317 esset)

71 2349 326 2407 Weissenbomius
349 2359 378 2404 et
391 2349 527 2406 Hertzius
548 2349 637 2406 secuti
659 2357 734 2406 sunt.
782 2347 840 2406 Sed
862 2348 920 2406 alia
935 2347 1004 2404 mihi
1025 2349 1054 2404 in
1076 2349 1133 2406 hoc

72 2456 166 2531 capite
188 2455 294 2512 multos
316 2457 374 2514 iam
396 2473 488 2513 annos
510 2457 598 2512 haeret
618 2455 647 2510 in
670 2455 766 2514 animo
788 2454 930 2530 suspicio,
952 2473 1040 2528 quam
1060 2473 1132 2529 qno-

72 2563 151 2620 niam
179 2563 282 2619 sedare
308 2572 337 2619 et
357 2563 459 2620 eiicere
478 2579 537 2618 non
557 2560 649 2635 potui,
670 2579 812 2636 promam,
833 2560 884 2616 sed
905 2558 1058 2616 subtimide
1079 2577 1132 2616 neo

74 2677 105 2723 ut
126 2685 192 2724 cum
215 2669 325 2738 cereris,
355 2687 428 2743 quas
449 2687 590 2742 propono,
612 2667 782 2724 coniecturis
803 2683 922 2740 prorsus
944 2665 1045 2722 eodem
1067 2665 1132 2722 loco

71 2773 173 2829 haberi
188 2773 285 2834 velim.
322 2777 401 2834 Nam
416 2774 495 2850 quod
509 2778 524 2843 ξ
540 2777 557 2830 4
571 2773 708 2830 Veientes
720 2772 853 2828 dicuntur
874 2771 974 2828 velut
990 2773 1033 2829 ab
1051 2790 1132 2829 arce

72 2879 239 2936 Ianiculi
274 2881 406 2956 passim
436 2881 470 2936 in
501 2881 699 2937 Romanum
734 2896 857 2953 agrum
886 2877 1043 2952 impetus
1078 2877 1132 2934 de-

73 2985 187 3051 disse,
220 2987 259 3055 id,
281 2987 418 3062 quoniam
440 3003 542 3062 reapse
565 2983 644 3040 nulla
664 2981 719 3040 fuit
740 2983 863 3042 Ianiculi
885 3002 952 3052 arx,
984 2984 1131 3057 quomodo

72 3091 194 3166 intelligi
216 3093 334 3162 debeat,
368 3093 521 3150 obscurum
551 3099 685 3148 nonest.
749 3089 807 3149 Sed
831 3108 885 3166 pro
909 3109 954 3160 eo,
976 3089 1054 3164 qnod
1075 3099 1132 3146 est:

73 3199 118 3254 ab
146 3199 317 3255 Ianiculo
344 3198 444 3254 velut
473 3197 518 3254 ab
545 3215 644 3266 arce,
677 3196 827 3254 dicaturus
853 3194 958 3252 velut
984 3195 1026 3251 ab
1048 3213 1133 3251 arce

71 3304 236 3362 Ianiculi
267 3304 357 3380 (quod
388 3304 480 3379 magis
508 3301 625 3360 alterius
651 3301 707 3360 loci
729 3320 793 3359 oum
823 3321 889 3359 arce
910 3299 1032 3358 Ianiculi
1053 3318 1132 3357 com-

72 3412 257 3486 parationem
291 3409 453 3485 signifioara
483 3408 627 3481 videtur),
663 3426 721 3464 non
754 3407 859 3464 iniuria
886 3406 1010 3464 dubitari
1046 3424 1132 3481 posse

71 3519 170 3574 eredo.
230 3518 334 3590 Itaque
359 3515 513 3572 videndum
531 3524 618 3590 puto,
647 3534 683 3571 ne
705 3515 805 3572 Livius
832 3513 974 3571 hocloco
996 3511 1132 3586 loquendi

72 3623 170 3681 forma
198 3641 267 3680 usus
294 3622 331 3678 sit
359 3621 437 3697 apud
459 3620 579 3678 Graecos
600 3621 630 3678 in
658 3620 801 3695 particula
836 3609 897 3691 cic,
932 3609 1042 3697 ὥςπερ
1074 3617 1131 3676 fre-

90 3953 116 4020 ¹)
150 3957 224 4006 Hane
248 3958 452 4006 emendatIonem
478 3955 595 4006 Hortalus
621 3955 653 4002 ab
679 3953 840 4017 Ingarslevio
858 3961 984 4016 sumptam
1012 3952 1038 4000 in
1058 3959 1131 4001 textu

145 4051 238 4114 posuit.
