2810 4644
598 291 655 348 377
986 287 1156 342 Liuxm

101 492 159 532 res
192 473 273 531 ideo
311 472 544 544 instituisse,
593 483 630 532 ut
657 474 786 550 legati,
832 474 981 542 tribuni,
1022 487 1156 534 centu-

101 581 242 650 riones,
276 579 414 636 milites
454 578 613 654 denique
653 581 838 657 triumpho
878 582 1072 652 adessent,
1120 597 1157 640 nt

102 687 222 744 virtus
243 703 362 744 rernm
384 696 570 760 gestarum
592 685 691 756 eius,
724 685 780 744 eni
813 697 940 744 tantus
960 686 1078 745 honos
1099 689 1156 746 he·

101 795 256 863 beretur,
277 790 426 867 publice
448 789 647 861 videretur,
669 791 725 848 nisi
745 791 825 866 quod
846 792 976 850 nonnulli
998 793 1157 852 habebunt:

100 911 137 957 nt
157 899 314 956 virtutes
334 915 451 954 rerum
478 937 530 958 ...
555 895 706 971 publice
727 897 889 968 videret,
910 899 976 956 inde
998 917 1017 958 s
1037 900 1157 976 Sigonio

100 1005 252 1063 edebatur:
291 1013 328 1060 ut
355 1003 494 1061 veritus
524 1021 644 1060 rerum
768 1001 916 1077 publice
953 1003 1156 1077 videretur,

99 1112 241 1182 oratione,
261 1121 294 1168 ut
315 1106 468 1168 Creverius
495 1119 573 1166 recte
594 1108 748 1186 iudicavit,
779 1107 897 1165 minime
917 1109 1025 1169 Latine
1046 1113 1155 1184 (veri-

100 1229 159 1275 tes
188 1216 336 1292 publice
367 1215 542 1284 videtur).
579 1215 714 1298 'Nostra
743 1223 846 1284 etate,
879 1233 968 1289 quum
999 1217 1029 1273 in
1054 1218 1081 1276 Β
1112 1239 1156 1277 re·

99 1334 213 1400 pertum
241 1331 329 1378 esset:
364 1331 404 1378 ut
442 1329 772 1396 rerumgestarum
810 1319 906 1390 eins,
935 1323 1056 1382 meh.
1092 1325 1155 1382 he-

100 1431 263 1498 beretnr,
300 1446 329 1502 p.
361 1427 398 1488 R.
426 1425 591 1496 videret,
623 1426 719 1502 spatio
748 1443 842 1482 vscuo
873 1426 948 1484 inter
978 1438 1016 1484 ut
1047 1439 1076 1486 et
1107 1449 1156 1488 re-

99 1553 175 1590 rum
196 1532 313 1604 relicto,
345 1529 532 1607 Kreyssigius
562 1549 686 1607 eumque
716 1531 807 1588 secuti
838 1533 925 1590 ceteri
960 1533 1156 1610 scripserunt:

99 1649 138 1696 ut
158 1639 352 1696 veritatem
377 1655 494 1694 rerum
607 1636 767 1712 populus
791 1638 827 1696 R.
853 1638 1016 1710 videret,
1046 1641 1156 1700 laeuae

97 1744 300 1820 supplemento
322 1741 481 1818 Sigonieno
503 1753 624 1813 retento,
647 1761 717 1800 cusu
738 1752 850 1800 tentum
874 1753 996 1802 mutato.
1045 1749 1104 1807 Sed
1124 1761 1157 1808 ut

97 1849 241 1916 omittam,
262 1867 320 1906 non
341 1857 402 1906 tem
424 1847 523 1923 quaeri,
547 1866 659 1906 venene
680 1849 739 1906 sint
758 1866 805 1906 res
826 1859 924 1924 gestie,
936 1869 1025 1925 quem
1041 1865 1156 1929 quanta

100 1962 155 2026 (et,
187 1973 294 2012 verene
326 1973 427 2012 eenrm
449 1953 552 2028 ieme),
575 1953 711 2011 Latinum
732 1972 792 2012 non
814 1966 859 2012 est
879 1964 970 2013 totum
981 1957 1157 2016 hoedinendi

96 2079 205 2138 genus,
227 2062 424 2120 veritatem
446 2059 498 2116 rei
519 2059 648 2118 videre
669 2079 723 2136 pro
746 2079 803 2130 eo,
834 2061 911 2137 quod
934 2074 996 2120 est:
1026 2063 1156 2124 videre

97 2185 171 2224 rem
192 2185 313 2224 veram
348 2185 438 2224 esse.
496 2166 600 2240 Neque
629 2166 704 2224 enim
737 2183 866 2242 unquam
893 2167 990 2226 Latini
1019 2169 1061 2228 sie
1089 2189 1155 2228 eum

96 2272 273 2344 affirmandi,
294 2273 420 2349 negandi
440 2271 654 2347 intelligendivs
675 2271 770 2330 verbis
793 2272 948 2343 abstracte,
971 2293 1035 2349 quae
1056 2274 1155 2333 dicun·

96 2391 154 2450 tur,
174 2379 302 2450 nomine,
325 2379 419 2454 qualis
441 2396 562 2454 qumque
583 2395 629 2435 res
651 2378 697 2446 sit,
718 2377 877 2434 indicantia
891 2379 1078 2455 coniungunt,
1088 2381 1155 2438 ber·

96 2487 229 2559 bamque
251 2495 318 2542 sunt
345 2493 375 2542 et
395 2484 541 2542 veteribus
570 2483 719 2552 inaudite,
752 2501 815 2557 quae
837 2483 924 2540 etium
956 2503 975 2541 n
1002 2485 1156 2561 philologis

97 2591 169 2666 poni
190 2590 284 2659 video,
306 2589 502 2647 affirmare
524 2590 722 2646 veritatem
745 2587 906 2646 alicuius
927 2590 995 2657 rei,
1022 2609 1155 2666 negare

96 2695 468 2753 verisimilitudinem
487 2695 539 2752 rei
567 2695 743 2769 sirnilieque;
780 2695 878 2770 itaque
901 2693 1082 2753 falsitatis
1103 2715 1156 2754 no·

95 2821 164 2859 men
186 2821 222 2858 ne
244 2803 406 2860 habuerunt
427 2801 542 2876 quidem
565 2801 661 2858 Latini
683 2801 738 2858 nisi
760 2811 892 2858 extreme
912 2797 1040 2876 aetute¹).
1088 2802 1156 2861 Sine

97 2907 188 2966 dubio
212 2908 313 2965 Livius
334 2907 502 2983 scripserat:
539 2919 576 2964 ut
604 2913 860 2970 testeum-um
882 2919 1067 2982 gesturum

96 3035 127 3090 p.
143 3015 178 3072 R„
200 3014 351 3072 videret.

183 3118 255 3196 Cep.
280 3121 337 3186 50,
363 3123 395 3176 ll
422 3119 515 3176 oratio
537 3117 578 3174 sic
602 3118 831 3194 interpungende
853 3131 910 3176 est:
933 3119 978 3178 Et
1005 3122 1047 3178 de
1068 3122 1157 3178 alte-

96 3245 138 3283 ro
168 3225 272 3284 sedile
299 3224 428 3282 scitum
458 3225 559 3300 plebi
589 3223 817 3282 estfactum.
865 3225 945 3300 (Hoc
965 3227 1100 3284 universe
1121 3227 1157 3295 ei,

97 3331 178 3407 quod
200 3331 237 3389 de
255 3331 352 3407 priore
373 3329 455 3387 aedile
479 3328 616 3386 traditum
639 3331 866 3407 esureepondet.
913 3332 1041 3390 Additur
1054 3333 1157 3390 deinde

98 3437 267 3514 explicatio,
287 3437 339 3494 sed
359 3437 410 3506 ite,
432 3445 464 3492 ut
484 3434 570 3492 simul
582 3434 668 3510 plura
679 3436 992 3512 comprehendenturz)
1010 3439 1157 3513 Rogan-

97 3543 198 3602 tibus
222 3543 384 3602 tribunis
405 3541 470 3617 pl,
492 3559 583 3616 quos
604 3541 694 3599 duos
820 3542 1007 3616 iuberent,
1036 3556 1074 3602 ut

98 3650 135 3708 L.
170 3649 328 3706 Manlius
353 3647 537 3706 Acidinus
568 3647 764 3706 decederet
786 3648 827 3705 de
850 3649 1043 3724 provincis
1064 3651 1156 3709 mul·

97 3767 157 3812 tos
179 3765 265 3830 post
287 3775 409 3827 annos,
431 3754 556 3832 plebes
584 3797 613 3815 ..
640 3754 837 3830 imperium
863 3771 943 3811 esse
971 3801 998 3814 ..
1025 3756 1143 3814 iussit.

97 3921 123 3927 .-
150 3921 296 3928 ...Μ-*-

118 3989 143 4058 ²)
168 3993 371 4059 Intelligere
388 3996 614 4060 prestentism
633 3996 679 4045 rei
708 4005 734 4044 et
753 3993 862 4053 similis,
881 3995 908 4042 in
927 3995 1019 4056 quibus
1037 3995 1092 4045 ltus
1110 4007 1156 4054 est,

173 4088 304 4136 dicuutur:
332 4087 396 4139 Sinn
414 4087 491 4138 delur
508 4087 604 4141 huben.
