2822 4648
293 245 351 300 Ino.
368 244 413 294 lv.
766 251 820 304 110

258 430 349 488 otium
371 439 568 487 renascentem
588 429 796 486 nominandam
810 428 910 500 fuisse,
931 428 1036 485 deinde
1052 447 1087 486 ea
1099 447 1198 485 rernm
1214 445 1339 503 genera

259 545 288 594 et
308 537 404 612 legum
426 544 607 610 argumenta,
636 535 666 592 in
691 535 795 610 quibus
818 533 1000 610 postulandis
1021 543 1049 590 et
1080 533 1252 591 adiuvandis
1272 534 1338 590 illa

259 643 399 700 libertatis
423 640 564 698 memoria
579 651 742 716 appareret.
776 642 881 714 Itaque
895 640 995 697 Livius
1017 640 1144 714 scripsit:
1164 659 1207 696 ne
1227 639 1336 696 domi

258 769 322 826 per
355 749 466 805 otium
497 765 631 802 memor
668 746 858 803 libertatis
891 746 1118 803 coloniarum
1152 757 1214 801 aut
1243 746 1337 820 agri

257 855 398 931 publici
419 861 478 910 aut
503 849 681 927 suffragii
702 851 721 908 l.
745 849 766 906 i.
789 851 947 907 consilia
969 851 1093 925 agitet.
1136 852 1225 908 Recte
1247 851 1336 908 libro

259 958 320 1028 VI,
347 959 383 1014 27
413 975 504 1031 genus
525 957 658 1032 ponitur,
687 956 801 1012 omissis
822 956 956 1031 singulis:
988 975 1051 1030 per
1076 956 1187 1012 otium
1208 956 1334 1012 liber-

259 1063 348 1120 tatis
378 1063 593 1120 meminisse.
652 1063 748 1136 Quum
779 1061 883 1136 aliquis
917 1071 978 1118 aut
1008 1093 1034 1101 --
1073 1071 1134 1118 ent
1163 1061 1335 1136 particulas

258 1177 370 1225 tantum
392 1168 430 1224 ad
452 1168 525 1226 duos
540 1169 683 1244 genitivos
698 1169 734 1225 iis
748 1167 893 1225 subiectos
908 1167 1073 1236 rettulisset,
1095 1167 1334 1226 coloniarum

259 1276 321 1331 sine
345 1274 450 1349 copula
479 1275 583 1350 vagari
607 1275 708 1338 noluit.
765 1272 1053 1351 (Weissenbornius,
1087 1291 1151 1347 quse
1179 1271 1335 1328 sententia

258 1381 376 1437 subesse
394 1379 521 1450 deberet,
537 1381 636 1443 sensit,
658 1381 708 1438 sed
730 1389 842 1438 retento
864 1379 1162 1452 coloniarumque
1184 1377 1334 1452 expedire

258 1506 315 1544 non
337 1486 453 1562 potuit.)

341 1591 414 1667 Cap.
429 1595 477 1660 60,
501 1593 517 1648 ³
541 1591 602 1663 (ubi
624 1589 725 1647 Livius
747 1590 986 1648 commemoravit
1007 1589 1145 1664 gaudium
1166 1587 1261 1664 plebis
1284 1587 1332 1642 ob

257 1698 430 1774 stipendium
454 1697 490 1753 de
511 1695 628 1770 publico
653 1696 856 1770 promissumlz
899 1695 1053 1753 Tribuni
1074 1693 1209 1770 plebis,
1231 1711 1331 1750 eom-

258 1803 373 1860 munis
395 1803 560 1860 ordinum
584 1801 723 1858 laetitiae
745 1802 1021 1876 concordiaeque
1043 1801 1113 1858 soli
1135 1808 1332 1874 expertes,

257 1926 405 1982 negare,
438 1917 509 1965 tam
543 1907 578 1963 id
610 1907 728 1964 laetum
752 1908 920 1984 patribus
942 1907 1125 1964 universis
1155 1923 1331 1979 necpro-

256 2031 400 2088 sperum
433 2012 526 2082 fore,
567 2033 671 2088 quam
702 2014 773 2089 ipsi
806 2015 1005 2072 crederent.
1064 2012 1188 2071 Tribuni
1216 2029 1330 2086 parum

257 2117 412 2188 curabant,
437 2119 507 2192 qnid
528 2119 676 2194 patribus,
701 2119 843 2177 universis
867 2121 1044 2195 prasertim,
1074 2120 1169 2176 laetum
1190 2117 1328 2174 futurum

257 2233 345 2293 esset3
378 2224 497 2299 plebeiis
522 2225 599 2300 (qni,
636 2235 668 2282 nt
699 2244 776 2282 nunc
805 2225 954 2296 scribitur,
986 2243 1105 2301 prorsus
1137 2225 1329 2294 omittuntur)

257 2330 446 2388 consulebant
468 2339 519 2387 aut
537 2332 687 2388 consulere
705 2350 738 2388 se
757 2331 926 2388 simulantes
942 2332 1048 2389 donum
1067 2343 1180 2406 patrum
1201 2349 1329 2406 suspec-

256 2443 316 2493 tum
340 2437 513 2506 reddebant3
535 2437 634 2512 itaque
656 2437 811 2512 (proximis
828 2435 937 2510 verbis)
960 2437 1089 2511 plebeios
1110 2438 1189 2513 ipsos
1211 2437 1328 2494 tributo

257 2541 432 2600 conferendo
454 2542 605 2616 pecuniam
630 2543 773 2618 stipendio
805 2542 999 2600 necessariam
1027 2545 1166 2600 conficere
1187 2552 1326 2600 coactum

257 2648 291 2704 iri
313 2648 420 2704 dicunt.
477 2646 600 2704 Sublato
632 2649 801 2723 patribus
834 2649 933 2705 omnia
953 2658 1034 2706 rect-a
1061 2658 1128 2705 sunt-
1156 2667 1209 2705 nec
1236 2649 1326 2723 quid·

257 2771 344 2826 quam
368 2751 516 2809 minimum
539 2753 729 2810 desideratur.
784 2753 842 2828 Qui
864 2755 893 2811 id
921 2771 1025 2809 nomen
1050 2752 1175 2822 addidit,
1206 2754 1328 2811 videtur

256 2858 440 2915 universis
468 2859 576 2916 nudum
607 2877 642 2916 ac
665 2858 727 2915 sine
756 2859 939 2916 substantivo
969 2877 1027 2915 non
1050 2859 1148 2916 tulisse
1170 2859 1248 2916 etin
1271 2860 1326 2916 tri·

256 2964 397 3020 bonorum
429 2965 560 3020 oratione
590 2965 721 3040 patribus
748 2964 929 3040 potissimum
959 2965 1087 3022 laetitiam
1116 2966 1263 3041 dempturn
1286 2966 1325 3023 iri

255 3067 410 3143 significari
432 3069 567 3126 voluisse.
615 3071 825 3146 (Negationem
849 3089 886 3128 ex
908 3073 998 3128 verbo
1021 3072 1183 3146 repetitam,
1204 3082 1237 3129 ut
1257 3091 1325 3129 nec

254 3192 465 3249 prosperum
496 3195 550 3250 pro
587 3184 649 3232 ant
686 3176 815 3245 dicetur,
859 3195 918 3234 non
952 3196 1225 3248 commemorarem,
1265 3179 1324 3234 nisi

256 3279 422 3346 Dobreum,
455 3281 532 3338 acuti
561 3281 707 3338 hominem
739 3281 851 3353 iudicii,
885 3283 936 3340 sed
965 3283 1070 3342 Graece
1099 3302 1186 3358 quam
1215 3282 1324 3339 Latine

255 3385 424 3455 doctiorem,
447 3386 476 3442 in
499 3405 534 3443 ea
562 3387 680 3444 haesisse
712 3387 855 3456 viderem3
876 3387 1057 3445 satisfacient
1084 3389 1111 3445 ei
1138 3387 1323 3456 dubitationi,

256 3509 320 3566 quea
347 3492 384 3549 ad
412 3491 472 3552 Cic.
494 3493 531 3549 de
553 3492 617 3550 Fin.
644 3496 670 3563 1,
700 3495 769 3570 tp.
794 3481 836 3552 65'
861 3493 1016 3569 disputavi.
1067 3494 1323 3552 Weissenbornius

255 3598 356 3655 vitium
379 3599 526 3656 sententiae
549 3598 635 3667 vidit;
664 3599 694 3655 in
716 3600 887 3676 corrigendo
910 3601 1085 3673 aberravit.)
1136 3600 1249 3658 Eodem
1271 3617 1322 3656 ca-

254 3704 314 3779 pite
330 3709 345 3774 ς
363 3707 380 3762 8
398 3705 534 3762 mendum
554 3705 651 3780 argirit
665 3706 865 3781 apertissimus
880 3705 1081 3763 soloecismus:
1104 3725 1192 3781 quos
1215 3724 1322 3779 quum

255 3819 289 3868 et
323 3829 341 3866 a
372 3811 541 3886 patribus
572 3811 790 3868 conlaudari
818 3819 853 3868 et
879 3830 898 3868 a
924 3811 1078 3869 militari
1109 3819 1214 3867 atate
1245 3819 1321 3866 tan-

255 3935 357 3990 quam
389 3917 503 3974 bonos
536 3916 635 3973 cives
668 3917 834 3993 conspici
855 3917 986 3992 vulgus
1008 3917 1189 3974 hominum
1212 3916 1321 3984 vidit,

254 4033 417 4097 repente,
450 4031 575 4096 spreto
598 4022 799 4079 tribunicio
834 4023 990 4092 auxilio,
1023 4031 1206 4080 certamen
1240 4040 1321 4079 eon·
