2822 4648
313 244 370 294 Lib.
390 243 451 292 Vll.
783 248 841 302 144

277 428 441 502 equitum
472 446 488 484 e
515 427 651 486 castris
673 425 866 503 profectus
887 426 977 484 duce
998 424 1162 500 hospite,
1195 426 1229 484 in
1250 425 1348 484 insi-

278 532 358 590 dias
376 532 642 608 praecipitatus.
691 531 750 590 Hic
771 550 888 606 quoque
910 531 1079 590 Gronovius
1100 541 1168 605 post
1195 532 1252 588 tria
1271 550 1347 608 pnr-

277 638 396 714 tioipia‚
419 655 483 711 quae
505 637 590 712 quasi
613 637 722 713 gradus
746 637 869 696 actionis
891 637 1074 712 significant,
1104 637 1133 692 in
1165 636 1230 711 ipso
1262 639 1345 694 exitu

277 744 320 800 rei
352 743 527 800 declarando
562 743 684 800 verbum
716 742 827 800 finitum
859 742 1024 817 ponendum
1047 740 1135 800 fuisse
1169 743 1254 813 vidiq
1289 763 1347 801 nec

278 859 384 918 temen,
406 859 437 906 ut
457 849 482 905 is
504 848 613 918 voluit,
636 848 893 923 praecipitatur
914 865 977 918 nec,
993 857 1025 904 ut
1049 846 1235 918 Gebhardus,
1255 869 1347 924 prte-

277 953 467 1029 oipitavit‚
487 954 538 1010 sed
560 954 607 1010 hic
629 972 745 1028 quoquo
770 953 982 1028 praecipitat
1005 953 1198 1012 scribendum.
1242 955 1346 1014 Relin-

278 1059 375 1134 quitur
396 1059 587 1128 XXXVHI,
610 1061 645 1128 2,
673 1062 729 1128 tt,
760 1058 809 1116 ubi
830 1060 951 1116 verbum
974 1059 1092 1135 proprie
1112 1060 1149 1116 de
1171 1059 1347 1118 cadentibus

276 1165 306 1222 in
326 1181 455 1240 praeceps
476 1165 594 1239 ponitur
616 1163 735 1234 (multi
761 1183 900 1240 pavore
920 1165 956 1221 in
980 1164 1137 1240 derupta
1168 1165 1345 1241 praecipi·

277 1271 367 1342 tati).
416 1271 458 1329 Ut
479 1270 517 1326 ad
540 1271 622 1338 V11,
645 1273 662 1328 6
684 1271 817 1340 redeam,
839 1289 899 1326 non
919 1268 1025 1326 iniuria
1047 1269 1183 1327 Dukerus
1204 1271 1343 1346 copulam

277 1374 452 1432 desideravit
473 1375 548 1432 inter
567 1375 822 1451 precipitaret
843 1385 872 1432 et
893 1374 1081 1432 occideret
1101 1375 1147 1432 vol
1168 1375 1265 1450 potius
1287 1395 1345 1434 oo·

276 1481 479 1548 cidorotur3
495 1479 833 1536 etoxciditfocillimeet
855 1489 922 1556 post
933 1479 1199 1563 p'rteeipitoret.
1233 1479 1345 1538 Occi·

276 1587 432 1654 deretur,
456 1585 534 1660 quod
559 1583 627 1641 olim
650 1584 679 1640 in
702 1585 877 1642 editionibus
899 1593 971 1652 erut,
995 1585 1213 1642 adelerioribus
1234 1587 1344 1644 codici-

276 1691 330 1748 bus
352 1701 507 1766 sumptum,
530 1691 598 1764 quin
621 1689 828 1747 restituendum
851 1691 896 1758 sit,
918 1709 977 1746 non
999 1689 1109 1756 dubito,
1132 1691 1185 1748 etsi
1206 1691 1246 1748 ibi
1269 1709 1344 1749 con-

276 1795 385 1852 iectura
406 1805 505 1852 natum
527 1796 638 1865 iudieo;
668 1814 736 1852 nom
764 1814 858 1870 neque
894 1796 937 1851 ab
965 1795 1094 1852 insciis
1124 1813 1189 1852 cum
1217 1795 1343 1852 circum·

266 1879 411 1956 ¹ventus
433 1901 567 1975 coniungi
590 1899 649 1956 ullo
672 1901 758 1958 ruodo
780 1900 1098 1977 potest(utpri1num‚
1123 1900 1146 1958 si
1169 1899 1213 1958 dis
1234 1901 1344 1975 placet,

274 2005 387 2062 dicatur
408 2007 681 2069 circumventas
705 2006 748 2062 ab
772 2005 912 2075 inseiis,
936 2025 1036 2080 quom
1061 2007 1342 2074 interficerent,

275 2119 304 2167 et
325 2111 428 2167 deinde
450 2109 592 2186 mortuus)
621 2129 714 2185 neque
737 2111 837 2168 Livius
866 2113 922 2168 hoc
942 2129 1001 2168 uno
1025 2111 1089 2169 loeo
1112 2119 1163 2168 ant
1185 2110 1341 2186 quisquam

279 2215 368 2272 dixit:
391 2215 519 2272 occido
542 2217 587 2273 ob
610 2215 747 2290 aliquo,
773 2217 842 2290 quia
862 2215 964 2272 aderat
994 2217 1157 2284 occidor3
1185 2216 1344 2274 interire

277 2322 320 2378 ab
343 2320 467 2394 aliquo
490 2322 577 2378 aliam
607 2322 694 2378 habel
725 2321 876 2378 rationem.
923 2322 960 2378 In
982 2321 1083 2378 codice
1101 2329 1268 2378 nostrorum
1295 2342 1344 2379 nr-

276 2427 399 2502 chetypo
427 2429 531 2504 opinor
558 2425 662 2496 fuisse,
694 2427 773 2500 quod
800 2428 832 2483 M
855 2429 959 2496 habet,
987 2427 1221 2498 occiderent,
1249 2447 1344 2503 prave

276 2533 528 2590 accommodatum
549 2531 587 2588 ad
608 2529 880 2588 interficerent.

360 2637 433 2714 Cap.
461 2641 506 2708 10,
531 2639 583 2694 te:
617 2637 721 2694 lnter
742 2637 945 2694 carminum
975 2656 1091 2712 prope
1119 2600 1259 2694 modum
1290 2639 1342 2696 in·

276 2743 426 2800 condita
453 2745 614 2818 quaedam
651 2743 874 2800 militariter
910 2742 1118 2800 ioculantes
1154 2743 1342 2817 Torquati

276 2865 473 2922 cognomen
489 2849 656 2906 auditum.
679 2848 828 2906 Enarrant
843 2867 957 2925 prope
979 2849 1174 2906 carminum
1191 2850 1342 2906 modum.

276 2951 437 3026 Equidem,
473 2953 542 3028 quid
573 2955 610 3011 sit
641 2950 925 3030 propemodum,
947 2953 1021 3022 scio;
1058 2973 1176 3029 prope
1197 2955 1341 3014 modum

276 3057 433 3116 alicuius
455 3059 507 3116 rei
529 3079 587 3116 non
608 3059 725 3116 memini
740 3078 786 3114 mo
801 3077 925 3132 usquam
944 3059 1048 3133 legere,
1071 3060 1121 3116 sed
1137 3059 1341 3118 carminum

275 3163 311 3220 in
339 3164 479 3222 modum
513 3176 542 3222 ct
567 3165 673 3222 similis
700 3183 777 3238 saepe
807 3173 837 3220 et
863 3164 941 3240 apud
973 3164 1046 3221 alios
1075 3174 1103 3221 et
1125 3165 1202 3240 apud
1224 3165 1341 3223 Livium

276 3269 328 3342 (V,
352 3270 369 3325 8
391 3269 545 3327 lixarum
569 3270 605 3326 in
627 3268 784 3338 modum,
812 3272 845 3325 15
865 3269 1113 3326 vaticinantis
1134 3268 1169 3324 in
1189 3270 1341 3340 modum,

276 3373 634 3460 VI‚llcontionants
657 3375 675 3433 i.
693 3393 731 3430 m.
753 3383 782 3428 et
803 3372 861 3430 alio
884 3375 999 3432 ordine=
1025 3376 1061 3432 in
1084 3373 1223 3432 modum
1246 3375 1341 3452 iugi·

275 3478 409 3536 entium
431 3479 603 3551 XXXVII,
627 3481 688 3550 46).
735 3479 840 3552 Itaque
861 3479 907 3536 hio
930 3499 1063 3555 quoque,
1092 3489 1125 3538 ut
1154 3479 1208 3550 vl,
1239 3485 1287 3552 31,
1314 3487 1341 3547 5,

274 3583 309 3640 in
325 3593 392 3640 ante
407 3605 433 3646 m
456 3585 598 3642 excidisse
619 3584 723 3660 opinor
738 3583 991 3660 scribendumque:
1011 3587 1119 3644 Inter
1141 3586 1339 3644 carminum

274 3708 388 3764 prope
417 3689 452 3746 in
481 3690 620 3748 modum
653 3689 844 3746 incondita
866 3691 1023 3765 quaedam
1051 3691 1269 3748 militariter
1290 3693 1339 3750 io·

275 3793 449 3851 aulantes.
487 3793 659 3852 Coniunctio
682 3803 711 3851 et
732 3795 804 3852 ordo
819 3797 984 3866 verborum,
1006 3797 1123 3854 sivein
1145 3797 1206 3854 sive
1228 3816 1340 3873 prope

274 3900 440 3974 praepositio
477 3901 614 3975 ponitur,
650 3901 772 3958 candem
809 3902 899 3960 habet
932 3902 1087 3970 duritiam,
1121 3902 1210 3960 nihilo
1242 3913 1339 3960 tamen

274 4003 353 4062 illam
388 4005 579 4062 molestiorem
616 4025 704 4080 qnam
735 4007 764 4064 in
796 4007 871 4064 libro
904 4007 1057 4075 xxvul,
1094 4009 1146 4077 12,
1183 4009 1216 4066 6:
1251 4009 1341 4066 Post
