2800 4646
263 278 383 330 Libxb.
769 275 828 334 468

263 464 480 520 instructam
511 469 720 518 tenuerunt.
772 460 828 518 Ab
853 458 1028 516 Romanis
1058 458 1154 515 nihil
1185 468 1329 516 motum.

264 569 306 629 Ut
325 569 388 626 hec
408 565 573 625 scribuntur
604 573 633 622 et
653 565 913 641 interpunguntur‚
944 563 1164 622 intolerabiliter
1185 565 1229 622 his
1252 566 1330 623 idem

262 674 299 732 de
320 671 470 748 Hispanis,
492 670 537 728 bis
558 670 595 728 de
615 669 757 728 Romanis
778 670 883 728 dicitur
904 669 1100 745 temporisque
1119 671 1230 728 notatio
1252 677 1331 746 (per

263 777 501 855 quatriduum
523 775 628 848 cont)
658 793 752 850 pravo
781 775 847 832 loco
883 775 1019 834 adheret.
1078 777 1170 833 Recta
1198 779 1331 834 namatio

262 885 326 956 erit,
347 884 372 942 si
394 883 519 959 primum
542 880 677 938 universo
698 899 746 938 rea
775 880 998 956 significabitur,
1024 881 1127 938 deinde
1149 901 1256 956 perse
1279 883 1332 938 ad-

262 991 382 1060 iicietur,
405 986 542 1063 quamdiu
565 985 668 1044 eodem
690 995 768 1044 statu
790 1004 837 1042 res
862 986 1018 1053 manserit,
1052 987 1183 1044 oratione
1214 987 1257 1046 sic
1281 989 1331 1044 de-

262 1095 384 1172 scripta:
420 1092 478 1151 Ibi
506 1099 646 1149 stetere
680 1092 839 1168 Hispani
865 1093 1004 1148 hostem
1043 1101 1328 1168 exspectantes;

263 1204 447 1262 Romanus
476 1195 577 1252 intra
607 1195 745 1253 vallum
777 1214 862 1254 suos
891 1196 1081 1254 continuit.
1145 1199 1214 1255 Per
1242 1217 1331 1273 qua·

261 1307 421 1366 triduum
444 1301 655 1361 continuum
670 1301 774 1360 etilli
796 1302 920 1360 eodem
943 1301 1025 1359 loco
1043 1303 1158 1360 aciem
1174 1302 1332 1360 instruc·

261 1424 332 1470 tam
354 1417 552 1468 tenuerunt
573 1413 609 1470 el
633 1407 676 1464 ab
698 1407 874 1466 Romanis
905 1407 999 1464 nihil
1024 1415 1165 1468 motum.
1213 1409 1331 1466 Excidit

260 1529 295 1576 ct
317 1526 385 1595 post
406 1523 432 1588 t,
465 1522 497 1572 ut
528 1511 598 1570 alibi
629 1531 687 1570 non
717 1531 786 1570 raro
817 1511 927 1570 facturn
960 1511 1073 1570 ostendi
1095 1515 1132 1571 ad
1154 1515 1201 1584 X,
1225 1517 1276 1584 21,
1300 1522 1326 1572 ti.

262 1627 415 1682 Postremo
437 1621 492 1678 sub
514 1621 599 1676 finem
623 1618 726 1693 capitiis
746 1617 774 1692 (ξ
798 1619 827 1684 9)
852 1616 1000 1674 scribitur:
1017 1637 1132 1694 prope
1153 1619 1233 1677 sine
1255 1639 1331 1678 cer·

260 1729 393 1786 tamine
418 1725 622 1801 capiuntur
645 1733 788 1792 castra;
817 1723 971 1793 castris,
1009 1741 1084 1796 quae
1104 1744 1189 1800 pars
1212 1726 1330 1782 maxi.

260 1853 312 1890 rue
334 1852 353 1889 a
372 1831 627 1907 pugnantibus
650 1829 819 1905 conspici
839 1837 1001 1904 poteret,
1026 1829 1155 1886 iniecit
1179 1828 1329 1886 Acilius

260 1941 388 2014 ignem,
415 1937 596 1995 substantivo
619 1935 778 2004 castris,
800 1935 830 1992 iu
852 1953 910 2009 quo
934 1933 1044 1991 nullum
1066 1944 1110 1992 est
1132 1934 1262 2010 pondus,
1285 1935 1327 1991 ni-

260 2045 300 2103 hil
322 2043 467 2102 contrarie
488 2043 626 2112 relatum,
660 2040 765 2098 vitiose
796 2040 920 2115 repetito
944 2050 973 2098 et
995 2041 1025 2097 in
1046 2041 1157 2098 initium
1180 2041 1329 2098 sententia

260 2160 397 2210 retracto.
445 2147 539 2206 Nulla
560 2156 604 2205 eat
624 2145 778 2217 dubitatio,
803 2144 871 2220 quin
895 2145 995 2204 Livius
1018 2145 1178 2222 scripserit:
1202 2165 1231 2221 p.
1254 2165 1278 2204 ε.
1302 2166 1326 2204 c.

259 2256 458 2333 capiuntur
493 2263 633 2323 castra;
667 2251 785 2331 caplis
814 2294 842 2310 ..
871 2249 1002 2307 iniecit
1026 2251 1174 2308 Acilius
1197 2251 1328 2326 ignem,

260 2361 411 2420 notissima
432 2361 537 2434 figura,
559 2377 646 2433 quarn
669 2357 867 2427 XXXVIII,
893 2357 944 2423 13,
968 2360 984 2412 4
1010 2356 1160 2414 Belrherus
1181 2377 1198 2414 e
1221 2358 1326 2414 Bamb.

261 2468 345 2525 Livio
366 2465 491 2523 reddidit
522 2463 729 2536 (castellum
767 2463 802 2519 vi
839 2461 950 2537 cepit3
983 2472 1131 2538 captum
1160 2461 1325 2520 Alaban·

258 2572 435 2630 densibus
456 2569 641 2642 reddidit).

342 2673 415 2751 Cap.
438 2677 487 2745 34,
511 2676 543 2731 2:
569 2673 742 2749 Aquileia
764 2671 913 2730 colonia
933 2673 1064 2730 Latina
1086 2673 1211 2732 eodem
1233 2693 1325 2732 anno

258 2782 291 2837 in
313 2798 402 2855 agro
425 2779 617 2838 Gallorum
641 2789 697 2835 est
726 2779 895 2836 deducta.
955 2778 1061 2847 Miror,
1091 2779 1234 2836 neminem
1266 2780 1323 2836 ani·

257 2885 447 2943 madvertisse
469 2893 498 2941 et
522 2884 664 2941 rationem
678 2889 731 2952 (—
743 2883 840 2941 Roma
861 2883 937 2941 euim
953 2883 1069 2941 colonia
1089 2884 1118 2940 in
1140 2903 1206 2942 cum
1219 2885 1324 2952 locum,

259 2991 307 3047 ubi
328 2990 425 3047 sedern
450 2989 587 3047 habitura
608 2999 661 3059 ost,
684 2988 843 3054 deducitur,
863 2989 893 3046 iu
916 2989 1085 3064 eoqueloco
1101 2989 1244 3060 conditur,
1268 3010 1322 3047 non

256 3096 407 3154 deducitur
434 3099 482 3164 -)
510 3104 538 3152 et
568 3093 832 3152 constantissimum
856 3094 933 3152 Livii
955 3095 1142 3170 omniumque
1165 3113 1249 3152 usum
1272 3116 1321 3173 po·

255 3202 377 3270 stulare,
399 3211 431 3258 ut
452 3199 610 3256 scribatur:
642 3198 676 3254 in
700 3199 1037 3273 agrumGallorum.
1064 3197 1150 3274 (Cap.
1174 3201 1228 3270 29,
1255 3207 1264 3259 l
1290 3203 1321 3258 in

255 3327 381 3384 agrum
402 3307 611 3374 Etruscum,
647 3323 671 3363 c.
698 3307 746 3373 43,
774 3309 802 3361 l:
833 3323 973 3380 agrum,
1007 3323 1077 3378 quo
1105 3349 1133 3363 ..
1166 3306 1320 3365 deduce·
1373 3329 1374 3333 ¹

254 3421 363 3480 retur,
387 3410 436 3478 X,
471 3411 504 3466 3:
526 3427 628 3484 ager,
668 3409 958 3484 inquemet13:
992 3411 1027 3468 in
1049 3429 1173 3486 agrum
1196 3415 1321 3489 AEqui·
1372 3433 1373 3447 ¹

255 3517 425 3581 colorum,
447 3515 602 3584 XXXIV,
625 3519 663 3572 45
687 3525 716 3572 ει
737 3517 908 3588 XXXVII,
931 3519 979 3586 53,
1003 3521 1052 3586 47,
1075 3517 1321 3587 XXXVIII,55,
1371 3517 1372 3559 l

255 3621 409 3691 XXXIX,
434 3623 497 3694 40.)
551 3619 627 3696 (Cfr.
662 3641 726 3696 quse
753 3621 790 3678 de
812 3623 939 3690 XXIV,
974 3623 1029 3689 20,
1059 3625 1070 3679 1
1106 3622 1167 3680 dixi
1189 3644 1219 3700 p.
1240 3626 1320 3698 257.)
1370 3623 1371 3673 t

255 3727 365 3784 Eodem
388 3727 482 3802 capite
503 3725 580 3784 infra
605 3724 633 3804 (d
656 3731 698 3797 d),
721 3727 771 3784 ubi
792 3729 899 3785 editur:
921 3728 958 3784 Is
980 3741 1062 3784 erat
1084 3729 1133 3800 (de
1154 3729 1204 3786 MJ
1226 3731 1319 3788 Acilio
1369 3725 1370 3785 l

253 3832 415 3892 Glabrione
439 3833 532 3904 dicit),
554 3833 615 3907 qui
643 3833 724 3908 ipse
745 3853 821 3892 eam
843 3833 950 3892 sedem
973 3843 1144 3904 voverat,
1168 3853 1238 3910 quo
1266 3837 1320 3893 die
1368 3809 1369 3899 l

252 3957 327 3994 cum
359 3957 443 4013 rege
466 3939 654 3996 Antiocho
685 3940 728 3996 ad
754 3941 1029 4016 Thermopylas
1063 3941 1319 4016 depugnasset,
1367 3921 1368 4011 l

253 4041 283 4096 in
310 4043 364 4099 hoc
397 4051 544 4117 postremo
579 4045 670 4101 verbo
703 4061 798 4116 neque
821 4044 994 4102 coniunctiri
1025 4047 1104 4104 modi
1126 4066 1221 4123 neque
1243 4051 1319 4125 plns·
1366 4039 1367 4123 l
