2826 4650
620 224 656 282 l'l

99 421 161 461 non
180 403 253 460 sen's
273 403 450 479 respondere
469 404 550 480 prius
571 405 744 483 (vestare)
766 413 899 481 peteret,
931 406 1010 481 quod
1039 425 1098 466 non
1119 407 1163 466 in·

99 507 251 584 telligeret„
271 507 344 566 nihil
363 508 438 566 inter
456 509 617 586 ingressum
639 512 702 588 agri
722 512 834 572 hostilis
856 520 885 570 et
905 511 1097 572 vastationem
1119 512 1162 570 in·

97 623 223 684 teresse,
257 623 309 672 sut
332 613 382 690 qui
411 615 468 675 hoo
495 616 591 692 ipsum
619 618 810 676 animadverti
840 613 942 692 vellet,
973 618 1003 676 in
1026 620 1162 678 vestendi

96 721 193 778 verbo
216 719 356 778 contineri
383 721 468 778 simul
498 723 665 782 intrendi
697 724 844 782 notionem
875 724 1051 784 contrariam
1078 726 1161 784 elteri

94 825 330 901 egrediendi,
361 845 454 903 eeqne
481 829 543 888 eive
570 830 711 888 eorrectio
742 830 804 888 sive
832 831 983 890 adnotetis
1008 850 1097 906 quum
1119 832 1160 890 sic

642 955 661 992 e

95 1025 176 1072 esset
199 1016 374 1092 perscripto:
407 1017 467 1074 nbi
497 1025 530 1075 et
559 944 723 1092 iztsrterrz,
751 1018 819 1078 inde
844 1019 874 1076 in
897 1021 991 1092 Med,
1022 1021 1104 1080 Leid.
1133 1026 1158 1095 l,

94 1122 164 1180 eliis
186 1133 283 1180 ortum
305 1131 363 1179 est:
391 1123 451 1180 ubi
482 1133 515 1180 et
542 1123 682 1182 intrare
710 1135 874 1198 vestare,
908 1127 1012 1186 deinde
1032 1127 1062 1185 in
1084 1129 1158 1202 eliis,

95 1229 279 1304 transposita
299 1229 416 1304 copula:
438 1229 496 1287 ubi
520 1229 663 1289 intrare
689 1241 723 1290 et
753 1241 913 1290 vestare.
956 1233 1027 1308 (Qui
1049 1233 1158 1293 factum

93 1335 143 1404 sit,
165 1343 201 1392 ut
219 1335 290 1391 Per.
311 1334 410 1391 etalii
431 1335 518 1411 pauci
537 1337 594 1394 hoe
614 1336 679 1395 loeo
700 1336 804 1410 integri
826 1337 892 1409 sint,
913 1339 1058 1414 operietur
1070 1341 1159 1417 paulo

92 1437 192 1516 poet)
242 1440 317 1497 Item
339 1441 625 1517 interpretamentum
646 1450 724 1514 eret,
749 1461 808 1500 non
829 1444 978 1512 varietatis
1000 1444 1159 1519 adnotatio,

92 1545 177 1620 quod
201 1545 276 1603 libro
306 1547 356 1616 11,
385 1551 438 1616 56,
467 1549 484 1604 2
512 1547 554 1606 sio
575 1547 668 1606 codex
689 1548 863 1624 archetypus
884 1549 1021 1624 seriptum
1042 1552 1156 1612 habuit:

813 1654 1158 1716 administraturum

92 1755 173 1792 eum
197 1735 374 1794 vexandis
395 1735 531 1811 prioris
553 1736 638 1794 anni
659 1737 874 1798 oonsulibus
897 1740 1159 1814 permissurum

91 1841 326 1900 tribunatum
348 1843 558 1914 eredebant,
591 1862 628 1900 ex
655 1861 712 1918 quo
739 1843 768 1903 in
790 1844 868 1905 Med.
891 1852 920 1904 et
940 1845 1005 1908 eod.
1026 1847 1159 1906 Rheneni

91 1947 206 2006 netum
230 1957 287 2004 est:
320 1949 586 2024 permissurum
619 1948 961 2008 administraturum
992 1952 1158 2012 tribune-

90 2062 165 2110 tum
195 2051 311 2128 (deinde
331 2055 360 2112 in
381 2054 600 2125 recentissimis,
632 2054 711 2129 quod
738 2053 807 2112 ferri
830 2055 937 2131 duplex
957 2059 1078 2116 verbum
1099 2079 1157 2120 non

90 2167 229 2234 poteret:
258 2158 600 2235 pertinacissimum
623 2158 968 2220 administraturum
990 2163 1157 2224 tribune·

90 2275 167 2322 tum
201 2274 252 2320 eut
276 2265 617 2341 pertinacissimum
639 2266 880 2324 admissurum
901 2268 1157 2348 tribunatum),

88 2369 119 2426 in
140 2371 218 2428 Per.
245 2371 287 2439 (et
309 2371 396 2428 Voss.
422 2375 451 2440 1)
474 2370 532 2428 olio
554 2371 667 2428 ordine:
697 2372 1046 2434 administraturum
1077 2398 1157 2454 pen-

88 2476 293 2534 missurum
316 2477 643 2550 tribunatum(unde
664 2477 693 2534 in
714 2496 772 2534 uno
794 2478 1025 2537 recentiortum:
1047 2483 1157 2541 admi-

88 2582 334 2638 nistraturum
356 2580 571 2657 permissum
593 2583 829 2642 tribunatum.
882 2583 964 2643 Leid.
983 2589 1006 2654 1,
1027 2585 1111 2644 Harl.
1140 2592 1150 2646 1

88 2688 238 2762 multique
253 2687 409 2745 deteriores
430 2687 486 2744 hoe
507 2687 791 2764 interpretamentum
813 2709 871 2748 non
893 2689 1022 2764 habent).
1065 2692 1157 2751 Pror-

85 2812 140 2852 sus
163 2803 265 2852 eutem
286 2794 413 2852 eiusdem
434 2803 479 2850 est
500 2793 623 2868 generis,
645 2795 724 2869 quod
744 2795 774 2854 in
791 2796 866 2854 libro
888 2795 929 2868 X,
950 2798 1009 2868 6,3
1028 2797 1069 2855 sie
1091 2799 1156 2858 dieo

1006 2922 1021 2959 e

86 2985 235 3060 seriptum
267 2982 424 3056 aliquando
457 2981 561 3040 luisse:
596 2983 736 3059 plebem
766 2984 927 3059 quietem
954 2903 1156 3047 οξοῖξξὲἰα

85 3090 123 3148 ἰιι
146 3089 321 3147 colonius
348 3087 550 3146 multitudo
577 3089 793 3164 praestabat,
822 3089 877 3146 nisi
899 3091 977 3165 quod
999 3109 1155 3153 consensus

86 3207 261 3255 nostrorum
294 3193 426 3252 codicum
446 3195 597 3252 ostendere
620 3195 750 3266 videtur5
767 3195 841 3252 ‘iem
867 3195 896 3252 in
925 3197 1025 3256 codiee
1054 3219 1153 3260 eorum

87 3306 254 3380 archetypo
282 3320 319 3360 ex
348 3299 510 3375 antiquiore
540 3301 703 3358 huiusmodi
725 3301 912 3360 adnotatione
933 3313 1027 3364 ortum
1049 3305 1153 3366 fuisse:

86 3409 257 3486 quietam
280 3415 314 3464 et
332 3415 572 3464 exoneratam
596 3407 773 3466 deducte.
818 3406 941 3484 (Contra
961 3410 991 3468 in
1012 3411 1090 3486 Vll,
1117 3417 1152 3473 16

1008 3535 1094 3575 soce
1125 3539 1135 3576 1

92 3605 103 3658 l
129 3599 162 3656 in
185 3597 345 3672 archetypo
367 3595 436 3652 nihil
457 3595 546 3654 luisse
567 3597 622 3654 nisi
646 3595 762 3655 seivit
783 3597 927 3673 occepit
956 3610 1007 3657 aut
1028 3529 1154 3674 seivpit}

86 3703 218 3761 ostendit
252 3701 315 3762 cod.
343 3701 507 3772 Medieeus;
543 3703 571 3759 in
602 3702 703 3760 ceteris
735 3711 779 3760 est
809 3705 1052 3783 accepitque.)
1116 3709 1153 3766 In

87 3810 239 3886 plerisque
269 3815 365 3866 sutem
395 3808 559 3867 huiusmodi
584 3808 714 3866 locorum
742 3809 771 3866 in
793 3809 891 3868 codiee
918 3822 1082 3871 nostrorum
1105 3833 1152 3872 sr-

86 3919 218 3993 elretypo
240 3933 331 3990 supra
351 3915 500 3991 seriptum,
520 3933 579 3972 non
599 3915 628 3972 in
650 3915 714 3991 ipso
736 3916 836 3974 ordine
857 3916 1047 3994 perscriptum
1064 3918 1152 3978 inter·

143 4041 255 4079 unomen
271 4041 364 4078 sum..
374 4039 429 4078 nu.
918 4019 934 4070 2
