2822 4648
299 252 357 300 Lib.
378 250 424 300 lv.
771 255 826 310 102

347 435 419 513 Cap.
444 437 492 505 tt,
518 437 535 492 3
554 436 597 498 tiu
619 435 650 494 S.
665 437 828 513 Tempauii
851 438 1014 495 decurionis
1033 438 1169 512 equitum,
1186 440 1333 502 oratione,

264 561 353 618 quum
376 544 515 600 adversus
539 540 572 598 C.
595 541 800 617 Sempronium
822 543 902 600 testis
930 544 1034 600 citatus
1065 548 1168 613 asset):
1196 545 1333 620 Itaque

263 667 305 704 ne
349 648 391 705 ab
433 665 472 702 se
514 648 761 722 imperatoria
798 649 958 707 tonsilia
1005 669 1075 706 nau
1113 651 1334 708 consulares

264 761 364 809 artes
392 752 647 826 exquirerent,
671 773 746 830 qua
769 755 990 830 pensitanda
1019 773 1163 829 quoque
1185 758 1334 832 magnis

264 859 397 915 animis
419 859 710 934 atqueingeuiis
733 869 863 918 esseut.
908 859 1249 936 Particulamquoque
1272 880 1333 918 non

263 973 340 1021 reete
361 963 486 1039 positam
509 981 582 1033 essa,
604 965 638 1021 F.
663 965 702 1021 V.
725 965 842 1024 Reizius
864 965 963 1036 (euius
985 966 1092 1022 notulae
1113 967 1225 1042 aliquot
1247 968 1335 1026 Livi-

264 1087 327 1125 anae
348 1077 416 1125 aute
438 1069 551 1144 aliquot
571 1087 662 1127 annos
686 1072 723 1128 ab
746 1070 877 1145 Hauptio
900 1070 1026 1145 vulgatu
1041 1075 1125 1143 sunt)
1139 1073 1220 1142 vidit,
1234 1091 1335 1148 neque

264 1175 517 1232 Weissenbornius
539 1175 757 1232 contradicere
779 1175 922 1232 sustinuit.
979 1175 1037 1234 Sed
1066 1185 1144 1235 totus
1172 1181 1334 1238 verborum

265 1281 336 1336 ordo
359 1281 514 1338 mutandus
536 1289 607 1351 erat,
640 1281 665 1338 si
686 1281 757 1336 nihil
779 1280 856 1337 aliud
881 1280 943 1336 vitii
967 1291 1058 1338 esset:
1088 1301 1163 1358 quse
1187 1287 1334 1361 magnis

265 1405 409 1460 quoque
447 1388 578 1444 animis
614 1397 722 1462 atque
756 1387 918 1462 ingeniis
952 1389 1173 1461 pensitanda
1205 1403 1332 1446 essent

265 1492 349 1567 (nont
379 1511 454 1567 quae
489 1492 712 1568 pensitanda
743 1492 885 1567 magnis
920 1499 1085 1567 qnoque).
1149 1493 1207 1552 Sed
1235 1513 1334 1569 neque

263 1599 451 1673 pensitare
473 1617 526 1674 per
547 1615 578 1654 se
602 1605 659 1668 est,
688 1597 835 1672 quomodo
856 1607 1006 1668 enarrant,
1035 1599 1188 1672 diligenter
1213 1611 1334 1673 sumpto

265 1713 395 1779 tempore
417 1705 610 1773 considerare,
633 1721 727 1778 neque
743 1705 798 1760 boo
809 1704 989 1778 Tempanius
1011 1713 1106 1779 negat,
1129 1704 1224 1760 subito
1247 1721 1280 1760 se
1302 1715 1333 1761 et

265 1829 302 1865 ex
323 1819 453 1884 tempore
486 1810 522 1866 de
545 1809 739 1884 imperatoriis
770 1809 896 1865 consiliis
918 1809 1047 1866 iudicare
1068 1828 1171 1886 posse,
1201 1819 1334 1884 tempus—

265 1933 321 1988 que
343 1925 375 1971 ut
396 1915 451 1972 sibi
475 1917 568 1985 detur,
589 1915 728 1990 postulat,
750 1914 802 1970 sed
823 1923 915 1970 totum
937 1915 993 1971 boe
1014 1914 1150 1972 iudicium
1173 1935 1191 1972 a
1212 1934 1252 1984 se,
1275 1917 1333 1972 mi·

263 2021 313 2077 lite
342 2040 399 2076 uno
431 2021 467 2078 de
496 2021 609 2092 multis,
642 2021 729 2094 longa
750 2019 850 2076 reiicit.
905 2021 1011 2094 Itaque
1040 2021 1130 2077 multo
1151 2020 1217 2095 plus
1241 2041 1333 2096 quam

264 2126 380 2183 Reizius
402 2127 459 2182 iam
483 2125 651 2184 Gronovius
673 2126 795 2194 viderat,
831 2127 906 2183 hano
928 2144 991 2183 esse
1012 2125 1193 2196 sententiam,
1215 2127 1253 2182 ad
1275 2127 1333 2182 im-

264 2231 412 2306 peratoria
443 2230 564 2288 consilia
593 2230 640 2286 vol
660 2231 833 2306 pensitanda
863 2242 891 2289 et
911 2232 1066 2288 iudicando
1099 2231 1147 2305 (de
1169 2251 1227 2306 qno
1252 2253 1333 2290 nunt·

265 2347 378 2412 agatur,
400 2337 576 2412 imperatore
598 2347 753 2406 scotaneto,
790 2338 895 2394 nodum
918 2337 955 2394 ad
977 2356 1012 2393 eu
1033 2337 1205 2395 invenienda
1227 2348 1256 2395 et
1277 2357 1332 2395 ex-

264 2444 425 2518 sequenda)
447 2461 554 2517 magno
577 2461 650 2518 opus
672 2461 734 2498 esse
757 2443 854 2500 animo
879 2457 905 2500 et
928 2443 1062 2517 ingenio,
1091 2443 1169 2516 quod
1199 2444 1332 2518 Tempa-

265 2549 328 2605 nius
360 2549 389 2606 iu
421 2567 452 2606 se
484 2568 542 2606 non
568 2567 631 2606 esse
657 2548 744 2617 seiat3
772 2549 870 2622 itaque
903 2559 1029 2614 tautum,
1056 2547 1124 2622 quid
1154 2549 1258 2606 viderit
1285 2549 1331 2624 ip·

264 2672 313 2725 se,
343 2654 484 2711 dicturum
521 2675 592 2712 esse.
662 2655 758 2730 Ipsius
792 2673 908 2729 quoque
942 2656 1095 2711 verborum
1120 2655 1332 2711 emendationis

336 3010 475 3068 ineert03
494 3009 538 3057 sod
559 3009 788 3072 multograviorin
803 3010 914 3058 clamore
933 3009 1071 3071 segnius
1090 3024 1173 3072 saepe
1194 3009 1329 3066 iterato,

335 3101 454 3164 quonism
474 3102 589 3163 segnitiei
611 3104 739 3150 contraria
757 3111 795 3150 est
814 3102 934 3166 frequens
954 3102 1100 3161 renovati03
1125 3101 1250 3166 (debebat
1277 3102 1331 3148 sal·

335 3199 386 3240 tem
405 3193 469 3242 dici:
489 3209 587 3257 stupe,
614 3195 668 3242 sed
687 3195 864 3256 segnitor3l
892 3203 1021 3258 postremo
1044 3209 1163 3258 magnam
1194 3193 1271 3242 babet
1291 3193 1331 3241 lo·

335 3287 427 3348 quendi
454 3288 590 3335 novitatem
624 3295 650 3334 et
672 3287 836 3336 insolentiam
860 3301 941 3350 steps
973 3287 1121 3336 iteratos
1152 3287 1246 3350 (sape
1265 3287 1333 3334 ite·

335 3392 399 3426 rum
419 3377 557 3438 laetus);
579 3392 661 3440 noque
681 3380 782 3427 memini
803 3379 864 3427 certi
884 3380 982 3427 numeri
1003 3381 1133 3428 notionem
1153 3379 1178 3426 in
1192 3379 1330 3428 illoverbo

335 3485 441 3532 usquam
459 3470 633 3528 obscuratum
660 3471 853 3520 iterationis
873 3471 1059 3520 substantivum
1087 3486 1134 3535 pro
1161 3472 1329 3520 renovatione

335 3563 411 3611 etiam
433 3564 523 3626 asapius
542 3563 610 3612 laetu
630 3563 804 3622 Quintilianus
823 3565 909 3628 posuit
926 3564 960 3622 X,
984 3571 1005 3622 l,
1029 3563 1127 3620 19.X1‚
1147 3569 1171 3622 2,
1190 3569 1233 3614 ³5.
1276 3565 1329 3613 Ita·

334 3669 384 3716 que
404 3655 490 3704 vitium
513 3656 616 3704 subesse
636 3665 733 3704 certum
753 3664 804 3715 est,
825 3656 969 3704 emendatio
987 3656 1098 3714 incerta,
1119 3657 1165 3705 uisi
1184 3657 1254 3720 quod
1274 3659 1329 3706 saio

334 3747 396 3794 nihil
414 3747 502 3812 profici
530 3748 582 3796 alio
609 3747 665 3796 soni
692 3749 794 3796 nomine
817 3747 898 3809 (velut
918 3747 1088 3809 clangore)
1113 3763 1159 3810 pro
1184 3748 1328 3798 elamore

333 3840 413 3888 altero
433 3841 489 3889 loeo
509 3840 654 3888 substituto.
681 3839 822 3937 Ippooopin
841 3840 975 3888 verborum
995 3841 1077 3889 inanis
1089 3839 1228 3904 (-X‚36,
1243 3846 1258 3889 ³
1272 3851 1327 3890 tan-

333 3941 386 3980 tum
407 3932 499 3995 inpar
518 3941 550 3980 et
567 3933 722 3981 incertus
741 3932 866 3980 clamor
885 3934 1151 3996 commemoratur-l
1165 3931 1234 3987 lauit.
1248 3935 1328 3983 utali-

334 4024 395 4087 quid
414 4039 447 4072 ex
465 4025 631 4073 annotatione
651 4023 717 4072 Livii
736 4024 845 4073 orationi
863 4024 1000 4073 adhaesisse
1019 4033 1116 4089 putem.
