2826 4640
284 278 442 328 mxm
787 281 847 338 534

283 463 498 524 rideantur.
517 473 550 516 ut
570 460 673 518 itm
695 463 793 536 piter
812 463 852 518 ob
875 460 1043 518 mlhm
1065 461 1280 519 sim'litudinem
1302 463 1351 518 lit·

284 579 413 624 teranun
446 567 532 624 ride
560 565 726 642 'artaeque
754 575 900 643 putenm.
948 565 1009 624 Sed
1039 567 1141 623 eadm
1171 568 1352 643 negligeritis

285 671 421 729 libratim
441 673 471 729 in
493 673 707 730 conviciari
728 673 865 748 pracepit
879 671 1102 747 proximivehi
1124 671 1349 732 (rideanturt

285 777 531 846 mussona,
561 797 621 852 quo
641 777 743 853 paucis
764 787 830 853 post
853 777 950 834 vehis
973 795 1028 852 pru
1054 779 1181 851 gravis
1202 777 1350 854 publice

284 883 400 958 scripsit
420 883 584 958 gravide
603 883 767 959 publiea.
817 884 940 940 Frustn
971 899 1011 939 ex
1040 883 1147 939 utinm
1174 883 1352 940 conicetur:

285 987 464 1064 opunte-t

369 1091 444 1169 Cap.
464 1094 514 1162 42,
539 1095 551 1148 l
577 1091 620 1162 (in
641 1091 744 1149 eedem
767 1093 929 1166 onemo:
950 1097 1000 1150 Aa
1021 1111 1126 1168 quum
1148 1094 1350 1168 processis-

284 1215 357 1254 sem
378 1197 462 1255 inde
485 1197 530 1256 ad
552 1197 726 1254 visendas
758 1199 945 1256 Larissam
967 1209 1002 1254 et
1022 1203 1192 1255 Antrous
1213 1207 1248 1252 et
1271 1197 1348 1253 Pte·

285 1301 378 1372 leon,
393 1322 463 1378 quo
484 1305 519 1361 in
546 1303 755 1379 propinquo
777 1303 890 1360 multo
910 1315 997 1360 ante
1017 1304 1144 1360 debita
1164 1311 1253 1358 rota
1275 1321 1349 1377 per-

286 1407 482 1478 solverem,
503 1407 670 1484 Delphos
691 1407 940 1465 sacrificandi
955 1379 1074 1464 'ceusu
1094 1407 1252 1464 essendi.
1290 1409 1349 1464 Ne·

285 1531 436 1588 queque
463 1531 518 1588 pro
547 1525 603 1582 ut,
632 1531 691 1570 noa
720 1525 860 1589 sequente
888 1514 1107 1589 comparativo.
1134 1513 1235 1569 livius
1267 1513 1350 1570 dixit.

286 1637 380 1692 neque
400 1617 430 1674 in
451 1619 617 1695 propinquo
637 1619 832 1694 persolvendo
852 1629 924 1675 vota
944 1629 1036 1679 eram.
1057 1619 1108 1676 sed
1123 1619 1247 1694 Delphis
1268 1619 1348 1694 ipsis.

286 1721 405 1782 Codex:
436 1767 465 1784 ..
493 1737 527 1782 et
548 1724 713 1800 Pycleon
736 1725 866 1799 quain
887 1725 1097 1800 propinquo
1118 1724 1275 1799 Delphis
1296 1744 1350 1781 su·

286 1829 513 1886 erilicandsi
555 1847 667 1886 censs
705 1829 819 1886 multo
864 1839 948 1885 ante
989 1829 1114 1886 debite
1145 1839 1232 1884 vota
1273 1849 1347 1905 per·

285 1934 464 1992 solverem
487 1934 653 2010 Delphos
674 1933 830 1991 eseeudi.
887 1935 991 2008 ltaque
1015 1943 1067 1990 aut
1093 1934 1135 1990 sic
1164 1935 1346 1991 scriberem

284 2039 414 2099 videtur:
437 2039 524 2115 quia
544 2041 580 2097 in
594 2040 803 2116 propinquo
819 2036 956 2116 [eram]
971 2038 1213 2096 sacrificandi
1228 2059 1347 2108 eausa,

285 2142 355 2222 [ut]
380 2145 493 2202 multo
514 2155 598 2202 ente
619 2145 751 2203 debita
773 2155 861 2202 vota
881 2145 1145 2222 persolverem,
1179 2143 1348 2219 Delphos

285 2249 453 2322 escendi‚
481 2261 534 2308 sut
559 2251 614 2308 sic:
645 2251 730 2325 quia
758 2251 794 2308 in
816 2253 1023 2328 propinquo
1044 2249 1181 2324 Delphi
1202 2246 1343 2326 [erent]

284 2355 529 2414 sacrificandi
561 2373 691 2422 causa,
736 2352 803 2432 [ut]
838 2375 876 2412 m.
907 2377 934 2413 a.
963 2357 993 2416 d.
1022 2375 1052 2412 r.
1081 2355 1346 2432 persolverem,

284 2461 444 2518 escendi.
497 2463 576 2519 Nam
608 2459 725 2518 retineri
757 2469 883 2534 utroque
910 2462 977 2519 loco
1008 2481 1113 2519 nomen
1135 2459 1284 2534 (Delphi
1312 2503 1338 2517 ..

286 2567 465 2642 Delphos)
488 2587 547 2625 uon
569 2576 665 2644 potest
685 2564 749 2621 sine
770 2565 912 2622 orationis
933 2565 1013 2623 vitio.
1057 2565 1140 2622 Infra
1162 2569 1176 2633 ξ
1200 2568 1218 2622 6
1240 2566 1346 2625 nescio.

284 2673 335 2748 qui
357 2671 465 2731 lectum
489 2674 536 2743 sit,
567 2683 613 2740 ut,
647 2690 735 2747 quum
765 2669 795 2726 in
816 2669 917 2727 codice
937 2679 1015 2728 recte
1034 2671 1172 2746 scriptum
1195 2681 1285 2727 esset:
1312 2717 1338 2729 ..

285 2779 495 2849 Eumenem
517 2777 782 2852 conquiescere
804 2775 926 2833 socios
948 2787 1093 2834 vestros
1118 2794 1187 2831 uon
1218 2793 1344 2850 posse,

284 2881 430 2958 Gryneus
451 2883 563 2941 ederet:
596 2883 802 2952 Eumenem,
838 2899 902 2938 uec
932 2901 1061 2958 conqu.
1093 2899 1165 2938 soc.
1202 2891 1344 2938 vestros

284 3006 401 3063 posse.

366 3093 440 3170 Cep.
471 3097 528 3164 ts,
561 3099 586 3154 l.
646 3092 741 3150 Huius
769 3093 873 3168 cepitis
895 3091 1016 3162 initium,
1047 3090 1201 3148 manifesto
1221 3091 1341 3166 plurium

282 3201 437 3258 verborum
466 3199 581 3258 deiectu
609 3197 757 3268 laborans,
787 3197 932 3274 Gryneus
951 3195 1061 3256 lrustra
1081 3196 1290 3272 interpolando,
1312 3207 1340 3250 ut

283 3305 425 3382 integrum
447 3307 610 3374 videretur,
637 3303 752 3361 efficere
775 3313 897 3361 conatus
920 3313 973 3360 est.
1031 3303 1067 3359 In
1089 3301 1187 3360 codice
1209 3302 1251 3358 sic
1273 3301 1339 3356 scri-

283 3407 374 3468 bitur:
397 3407 443 3466 Et
464 3409 645 3467 dicentem
668 3419 801 3467 etcum
824 3410 1017 3466 adsensum
1032 3407 1195 3465 Marcius
1216 3415 1343 3462 auctor

283 3511 354 3570 luit
376 3513 543 3571 mittendi
564 3516 711 3573 Romam
733 3515 853 3590 legati
876 3523 1001 3573 essent
1023 3531 1100 3570 cum
1122 3509 1341 3586 experienda

282 3617 460 3675 omnieed
482 3619 646 3677 ultimum
665 3638 728 3677 nec
743 3619 1096 3695 pretermittendum
1117 3635 1213 3693 spem
1234 3615 1338 3672 ullam

282 3723 511 3780 censuissent
531 3725 1084 3800 reliqueeonsultutioerutcet.
1107 3723 1340 3798 Apparetneque

283 3827 426 3886 Marcium
451 3831 535 3888 unius
556 3830 644 3906 legati
676 3812 807 3889 mittendi
839 3839 987 3888 auctorem
1011 3827 1101 3886 luisse
1122 3845 1215 3900 neque
1241 3825 1339 3882 Marcii
1387 3871 1388 3886 2

281 3933 403 3990 consilio
434 3935 476 3991 sie
505 3953 565 3992 rem
589 3935 751 3994 conlectam
773 3937 873 4008 finisse,
905 3945 937 3993 ut
958 3943 1069 3992 tontum
1092 3933 1128 3990 de
1150 3941 1212 3988 tuto
1233 3931 1339 4004 legato-

282 4055 346 4094 rum
368 4037 470 4096 itinere
491 4039 665 4098 consultatio
686 4041 905 4116 relinqueretur.
960 4039 1058 4098 Plenoe
1082 4037 1220 4096 orationis
1247 4035 1339 4094 forma
