2822 4648
284 267 411 319 Linvtl.
752 271 808 326 152

246 451 435 528 postulationi
457 451 543 526 longo
565 450 661 526 aptius
672 450 869 527 adiunguntur
887 450 951 508 illa:
973 451 1140 510 Alterum
1161 471 1312 528 respon·

248 576 322 615 sum
342 557 497 615 salutem
508 587 559 626 -‚
581 555 748 628 alterum,
770 555 925 613 ominari
947 556 1091 628 horreo,
1106 557 1311 632 quidforet.

248 663 306 737 Qui
327 663 412 738 quid
435 660 583 719 sententiae
605 679 624 718 a
647 661 791 736 superiori
814 680 897 718 nexas
918 661 1041 720 indicem
1055 663 1178 737 putavit,
1200 682 1237 719 ex
1259 663 1314 719 iu·

248 769 343 826 betis
364 768 433 826 feeit
454 766 625 826 iubeatie.
674 767 741 824 Hoe
762 775 860 824 autem
883 766 1048 838 constituto,
1071 768 1315 843 apparentiam,

247 875 403 946 dilabor,
433 872 548 930 Livium
579 891 637 930 non
673 890 740 929 eum
769 890 884 930 summa
915 873 1105 948 ambiguitate
1136 892 1314 950 prosper-

249 991 385 1050 tantes‚
406 979 555 1036 interiecto
577 985 717 1052 portas,
741 977 885 1034 rettulisse
897 978 936 1035 ad
959 977 1243 1049 multitudinem,
1258 979 1317 1037 sed

249 1095 378 1162 portas
398 1085 494 1140 viam
519 1083 603 1140 hino
625 1081 1104 1159 ferentamprospeetantes
1119 1084 1235 1154 dixisse,
1247 1103 1318 1160 qum

248 1197 434 1266 prospectum
465 1189 521 1245 viae
549 1188 705 1257 baberent,
739 1207 797 1262 quo
829 1207 935 1265 genere
965 1188 1103 1263 loquendi
1131 1189 1252 1247 Tacitus
1285 1199 1319 1247 et

249 1295 361 1354 Plinius
383 1303 505 1368 uterque
524 1301 652 1362 utuntur,
684 1293 737 1350 etsi
759 1293 828 1352 alibi
841 1291 1027 1369 '(xxxm‚
1054 1291 1108 1370 ll)
1144 1297 1317 1354 Acarna-

249 1402 344 1459 niam
366 1401 544 1458 orientem
569 1397 681 1456 solem
713 1409 883 1474 spectare
913 1401 982 1459 dicit
1000 1401 1038 1458 de
1058 1401 1124 1476 ipso
1146 1400 1211 1457 situ.
1254 1401 1318 1458 Re-

249 1507 321 1564 tinui
342 1505 589 1582 pendentibus
611 1505 720 1562 animi
747 1514 850 1562 contre
871 1506 1006 1575 codices,
1034 1525 1072 1564 ex
1095 1506 1198 1580 quibus
1219 1525 1320 1581 nuper

249 1611 408 1687 repositum
430 1619 474 1668 ast
495 1609 638 1670 animis.
690 1611 732 1670 Ut
754 1611 831 1668 enim
853 1610 957 1668 Latina
989 1611 1104 1670 dicatur
1125 1611 1161 1668 de
1182 1611 1319 1687 pluribus

249 1717 407 1792 pendere
429 1716 575 1786 animia,
607 1717 683 1790 quod
714 1734 771 1773 uno
804 1714 953 1774 Ciceronis
974 1717 1039 1775 loco
1065 1728 1167 1776 eontra
1187 1718 1321 1793 permul-

250 1832 295 1880 tos
317 1820 478 1879 contrarios
501 1839 608 1896 parum
630 1821 836 1890 confirmatur,
871 1823 1009 1896 quoniam
1030 1824 1060 1881 in
1092 1825 1148 1880 heo
1169 1823 1322 1881 locutione

250 1937 359 1986 eertum
383 1927 472 1984 babet
492 1927 588 1983 locum
611 1926 682 1983 illud
707 1927 820 1984 animi
843 1927 878 1984 de
899 1928 967 1984 sede
986 1929 1104 1998 dictum,
1125 1931 1182 1986 hoe
1196 1929 1320 2004 quidem

249 2035 315 2090 loco
342 2031 442 2090 Livius
465 2051 530 2088 eam
554 2031 679 2088 formam
705 2032 848 2088 vitaturus
876 2040 939 2089 erat
961 2035 999 2090 ob
1021 2035 1115 2110 ipsam
1143 2034 1322 2108 ambiguita-

250 2149 319 2214 tem,
344 2157 380 2195 ne
403 2138 551 2195 videretur
573 2137 705 2194 animis
728 2137 814 2210 (dat.)
836 2138 1080 2214 pandentibus
1108 2141 1323 2198 renuntiari

251 2244 391 2318 aliquid
414 2244 510 2300 dicere
534 2242 579 2320 (ut
600 2243 682 2298 visus
706 2251 750 2298 est
773 2243 969 2314 Alscheislio‚
991 2217 1172 2321 ’comparanti
1188 2265 1205 2302 a
1223 2263 1247 2302 a.
1281 2249 1322 2302 10

250 2351 335 2408 huius
356 2349 437 2408 libri:
459 2350 592 2408 animis
614 2365 676 2424 spe
707 2356 874 2422 metuque
906 2350 1181 2424 pandentibus);
1213 2351 1323 2408 animis

251 2456 327 2513 enim
348 2455 419 2511 nihil
440 2456 630 2514 renuntiatur.
674 2452 824 2509 Librarius
845 2452 982 2512 facillima
1015 2456 1052 2512 ad
1073 2455 1324 2531 pendentibus

252 2560 484 2619 accommodavit
512 2554 685 2633 animis1).

336 2665 409 2740 Cap.
433 2667 482 2736 35,
503 2671 520 2722 5
544 2676 573 2722 et
596 2669 613 2722 6
640 2655 687 2743 (in
707 2664 743 2721 P.
768 2663 851 2720 Deoii
885 2664 993 2722 tribuni
1014 2665 1155 2735 militum,
1185 2664 1324 2722 oratione

253 2771 447 2846 apudmilites
469 2777 568 2838 snos):
591 2768 675 2828 Cum
698 2787 738 2826 oo
761 2770 1039 2852 honorasset,
1064 2771 1125 2845 qui
1146 2772 1323 2828 hesterno

253 2877 310 2932 die
328 2876 473 2932 delendi
499 2876 616 2933 omnis
638 2875 823 2932 exereitus
855 2875 1004 2932 fortuna
1024 2895 1088 2952 per
1109 2875 1323 2932 socordiam

253 3000 422 3039 ususnon
444 2982 509 3048 sit,
542 2983 634 3038 huno
662 2990 734 3036 tam
768 2992 1011 3056 opportunum
1051 2981 1179 3039 collem
1200 2981 1321 3038 immi-

253 3097 394 3144 nentem
417 3087 532 3162 capiti
555 3105 618 3143 suo
641 3103 710 3143 non
733 3095 818 3142 ante
841 3086 982 3144 viderit
1004 3105 1107 3162 quam
1129 3097 1274 3162 captum
1303 3106 1324 3143 a

205 3231 209 3240 ·
252 3192 445 3262 nubianos
466 3203 538 3250 tam
561 3208 698 3267 paucos
719 3199 776 3248 tot
796 3191 867 3265 ipsi
885 3192 1034 3250 milibus
1056 3193 1237 3251 hominum
1252 3209 1321 3248 nee

254 3316 406 3356 ascensu
426 3299 615 3357 arouerint
641 3315 704 3354 nea
726 3304 895 3353 tenentes
921 3297 1039 3354 looum
1064 3331 1100 3342 -
1124 3297 1223 3354 vallo
1245 3295 1321 3353 eir-

254 3403 514 3462 eumdederint.
562 3403 611 3462 Sia
634 3402 722 3477 vulgo
745 3402 842 3470 edunt,
865 3401 979 3459 oodioes
1001 3402 1087 3477 longa
1108 3403 1248 3478 plurimos
1271 3419 1323 3458 se·

273 3663 298 3732 ¹)
323 3669 362 3718 De
383 3684 404 3717 a.
423 3675 464 3729 32,
491 3674 521 3717 12
548 3668 610 3716 nihil
631 3668 726 3726 dicam,
750 3667 888 3730 quoniam,
915 3666 984 3730 quod
1012 3665 1245 3716 manifestissimum
1272 3675 1321 3722 est,

324 3762 417 3810 modo
436 3769 494 3826 post
508 3760 710 3809 lectionibus
729 3759 869 3808 tollendum
886 3773 949 3808 esse.
969 3759 1036 3807 male
1049 3773 1081 3807 ax
1096 3757 1225 3820 superiore
1244 3769 1321 3804 versu

324 3855 467 3917 repetitum,
488 3853 564 3902 etiam
584 3851 803 3910 Weissenborniu,
830 3859 927 3900 murata
945 3850 1038 3900 frustra
1056 3848 1272 3912 interpretatione,
1293 3849 1322 3896 in

324 3954 436 3994 mentam
461 3947 539 3997 venit.
581 3946 710 4008 Perqaam
732 3943 838 3992 ridicule
861 3943 938 3992 horno
958 3943 1049 3991 virtute
1068 3956 1098 3990 ao
1118 3941 1213 3990 meritis
1237 3937 1322 3988 fideus

325 4046 431 4100 negaret
449 4052 477 4086 ae
496 4037 581 4088 solia
600 4035 755 4085 laetioribus
774 4043 826 4084 tres
844 4035 994 4084 consulatus
1016 4035 1144 4098 adeptum.
