2810 4644
598 281 658 338 293
962 280 1018 330 Lib.
1037 279 1126 330 XXV.

91 485 159 542 quea
181 465 242 541 igni
264 473 437 539 consumpta
457 471 534 532 sunt,
559 462 660 520 Livius
682 462 759 520 dixit
779 462 886 534 XXX,
911 464 939 534 6,
962 467 990 524 6.
1034 463 1161 522 Deiec-

92 583 130 628 ta
149 589 205 647 pro
230 569 352 626 deleta
370 570 465 644 (urbs)
490 569 521 625 in
542 568 607 628 cod.
629 567 840 644 Bambergeasi
871 568 1006 626 scribitur
1037 569 1161 639 XXXI,

95 679 144 746 29,
171 679 218 733 ll.

178 779 252 856 Cap.
279 783 326 850 to,
347 781 404 839 20:
433 777 602 838 Ceterum
625 777 760 854 (Fulvius
792 789 821 835 et
842 776 983 836 Claudius
1006 779 1162 854 consules),

92 907 136 944 ne
157 887 402 944 Beneventum
433 884 511 941 sine
530 883 705 960 prasidio
729 893 831 940 esset
861 893 895 940 et
915 894 954 942 ut
976 885 1019 942 ad
1040 885 1163 942 subita

93 991 205 1062 belli,
226 989 470 1062 eiHnnuibal,
494 987 589 1064 quod
611 985 795 1044 facturum
816 989 912 1046 haud
931 990 1162 1061 dubitabant,

92 1098 141 1155 ad
163 1117 264 1172 opem
287 1095 476 1154 ferendam
504 1092 620 1152 sociis
654 1089 816 1167 Capuam
850 1095 1031 1166 venisset,
1065 1095 1162 1170 equi-

93 1217 149 1260 tee
168 1203 239 1260 vim
260 1202 445 1260 sustinere
466 1207 636 1278 possent,
665 1198 719 1257 Ti.
743 1197 948 1258 Gracchum
983 1219 1025 1258 ex
1047 1201 1163 1258 Luca-

93 1309 150 1365 nis
190 1326 265 1364 curn
298 1308 472 1382 equitatu
502 1324 542 1362 ac
581 1304 655 1362 levi
688 1314 875 1361 armatura
915 1305 1161 1363 Beneventum

93 1413 223 1470 venire
243 1413 378 1470 iubent.
435 1413 506 1470 Non
534 1420 595 1466 tarn
624 1409 654 1466 id
683 1409 817 1467 consules
842 1409 1028 1486 prospexisse
1049 1409 1163 1484 opinor,

93 1531 127 1575 ut
149 1519 260 1593 equites
282 1518 349 1588 (sni,
372 1517 451 1593 quod
474 1517 545 1575 dure
567 1517 662 1589 abest)
684 1515 744 1572 vim
766 1516 907 1574 sustinere
928 1523 1048 1591 possent
1070 1513 1161 1588 (quod

91 1627 190 1700 ipsum
218 1624 303 1682 nimis
324 1623 435 1680 infinite
456 1623 518 1680 sine
541 1622 671 1697 genitivo
693 1619 829 1697 dicitur),
859 1639 948 1696 quarn
970 1631 1002 1676 ut
1022 1618 1078 1694 ipsi
1101 1637 1163 1676 om·

91 1731 164 1788 nino
187 1729 332 1804 equitatus
368 1728 490 1800 Punici,
521 1746 580 1802 quo
605 1726 733 1784 maxime
755 1726 905 1784 Hannibal
934 1725 1068 1802 superior
1089 1735 1162 1792 erat,

92 1836 155 1893 vim
177 1835 367 1906 studuerant,
396 1843 424 1891 et
446 1834 512 1892 ideo
535 1833 704 1892 Gracchum
731 1849 797 1888 curn
827 1831 959 1906 equitatu
988 1840 1017 1887 et
1038 1828 1095 1886 levi
1117 1847 1164 1884 ar·

92 1951 213 1998 matura
230 1941 425 2000 arcessivisse.
468 1941 573 2013 Itaque
602 1937 735 2012 suspicor
756 1955 838 2012 paene
860 1937 976 1994 Livium
999 1934 1164 2010 scripsisse:

91 2045 235 2121 equitis
257 2045 494 2120 (equitum)vim
513 2041 698 2100 sustinere
720 2053 881 2116 possent.
913 2041 1048 2100 Ceterum
1060 2057 1164 2115 parunt

93 2161 232 2210 accurate
264 2151 326 2210 haec
359 2159 584 2226 componuntur:
621 2157 655 2204 et
694 2158 732 2204 ut
764 2147 808 2204 ad
839 2148 962 2205 subita
1000 2145 1089 2203 belli
1131 2185 1159 2204 ..

92 2257 238 2333 equitis
268 2255 343 2332 (sive
371 2253 526 2332 equites)
555 2252 626 2310 vim
658 2253 842 2310 sustinere
871 2257 1041 2328 possent}
1075 2249 1165 2306 inulto

91 2364 203 2422 rectius
224 2362 353 2420 huncum
376 2371 452 2420 erat:
484 2370 518 2418 et
539 2359 581 2416 ad
601 2359 726 2416 subita
747 2359 852 2430 belli,
886 2369 938 2430 ut,
968 2356 998 2413 ei
1021 2363 1084 2424 oet,
1105 2351 1166 2428 pri·

92 2489 175 2526 munt
199 2469 334 2526 universo
360 2466 491 2536 oonsilio,
524 2463 628 2522 deinde
649 2465 796 2540 praecipua
818 2475 900 2540 perte
922 2455 1100 2531 indicata¹)

186 2572 261 2649 Cap.
289 2576 335 2643 to,
357 2575 375 2629 8
406 2571 442 2628 de
470 2569 564 2628 Flavo
588 2569 708 2626 Lucano
736 2589 803 2627 cum
825 2571 953 2645 Magone
974 2566 1094 2624 insidias
1116 2565 1164 2626 Ti.

94 2679 236 2740 Graccho
259 2687 388 2735 struente
405 2676 439 2733 iu
460 2675 559 2733 codice
581 2675 608 2732 P
630 2674 672 2732 sic
694 2676 838 2746 scribitur,
860 2675 972 2744 ceteris,
994 2671 1166 2746 utquisque

94 2784 215 2843 minime
237 2793 390 2858 corruptus
412 2791 474 2852 est,
505 2780 638 2856 proxime
662 2781 879 2839 accedentibus:
901 2778 1063 2838 Deducit
1084 2777 1167 2849 (Fla-

94 2891 165 2962 rus)
196 2881 355 2948 Poenum
383 2888 418 2944 in
447 2887 565 2945 locum
595 2887 724 2960 paucis
757 2887 961 2946 Gracchum
995 2883 1167 2942 adductu-

95 3011 311 3069 rumarnago
333 2993 384 3051 ibi
407 2993 556 3069 pedites
578 2992 798 3067 equitesque
813 2999 1017 3048 armarcsct
1037 3007 1168 3064 capere

96 3119 164 3159 eas
185 3100 341 3158 latebrae
370 3099 432 3157 ubi
463 3099 646 3174 ingentem
674 3117 859 3155 numerum
892 3095 1089 3154 occuleret.
1132 3093 1168 3151 In

96 3209 205 3264 horum
226 3205 382 3262 verborum
403 3203 497 3280 prima
519 3215 603 3279 parte
626 3222 685 3261 non
716 3203 887 3260 mutandum
916 3221 981 3259 curn
1015 3200 1169 3260 Gronovio

97 3311 291 3380 inlocum,
323 3309 374 3367 aad
396 3310 626 3385 intelligendum,
658 3309 705 3366 hic
736 3327 862 3383 quoque,
895 3315 928 3364 ut
958 3325 1034 3382 soepc
1056 3285 1094 3362 in
1125 3305 1169 3362 his

98 3416 194 3486 libris,
214 3415 326 3474 litterae
348 3415 461 3492 aliquot
489 3418 526 3473 ob
557 3415 773 3472 similitudinem
800 3413 955 3480 excidisse3
985 3410 1169 3468 scribendum

97 3521 261 3578 estasim:
297 3520 487 3592 inlocum,
523 3541 594 3603 qu
615 3541 689 3586 m
721 3519 849 3597 paucis
881 3517 1090 3576 Gracchum
1112 3514 1170 3571 ad-

98 3627 296 3684 ducturum
329 3626 390 3683 ait.
423 3627 610 3697 (Gronovius
643 3627 695 3684 ait
730 3627 938 3692 ducturum,
971 3620 1103 3696 neglecto
1140 3639 1171 3686 ι,

106 3825 306 3835 .--——-—-

122 3967 149 4034 1)
177 3972 194 4032 3
215 3977 247 4020 to
272 3971 350 4020 miror
371 3971 473 4021 Liviam
501 3972 634 4036 scripsisse
659 3979 770 4019 tectae
794 3967 943 4018 collibus
968 3975 1043 4029 apte
1067 3966 1106 4014 ad
1131 3973 1173 4014 te·

176 4063 303 4126 gendes
321 4063 461 4114 insidias
479 4063 661 4128 oppositis,
687 4063 821 4110 invenuste
840 4058 944 4122 tegendi
961 4057 1041 4108 verbo
1058 4059 1173 4122 repetito.
