2800 4646
567 300 627 358 389
927 295 987 346 bit.
999 295 1131 345 XXXIII.

66 496 148 547 recte
170 507 209 546 ex
229 485 471 544 nominabant
502 483 619 542 auditur
648 482 678 541 in
702 480 898 540 declaratione
924 480 1063 538 adiuncta
1083 479 1132 538 di·

66 595 217 664 cebant;
255 610 325 650 uam
354 589 434 666 quod
465 590 516 648 alii
545 590 607 648 siue
638 586 870 664 interpunctione
897 585 940 644 sio
970 585 1131 644 orationem

68 699 253 759 continuent:
275 697 513 755 nominabant
533 696 643 754 etium
665 695 835 752 tribunos
940 691 1132 762 cecidisse,

67 813 102 861 ut
142 805 380 863 nominabunt
416 802 575 878 accipietur
612 819 667 878 pro
697 799 909 858 nominatim
940 798 1132 868 dicebant,

67 911 134 968 iure
154 892 351 986 improbatum
372 917 517 985 repugnat
538 909 614 966 enim
636 925 705 965 usus
725 905 872 983 loquendi.

155 1013 227 1092 Cup.
251 1017 301 1088 25,
331 1019 382 1074 tl:
418 1015 463 1074 Et
494 1015 534 1074 Τ.
567 1012 765 1088 Quinctius
797 1013 1025 1071 Flamininus
1054 1030 1130 1070 cum

67 1120 212 1178 duabus
233 1120 445 1198 legionibus
474 1121 704 1198 provinciam
734 1119 856 1177 eodem
883 1119 1051 1178 exercitu
1074 1117 1131 1175 ob-

67 1225 189 1283 tinere
210 1225 341 1289 iussus.
393 1228 497 1286 Posito
528 1227 674 1304 legionum
704 1243 825 1284 numero
854 1225 952 1300 inepte
975 1223 1132 1300 superaddi

66 1331 197 1388 eodem
222 1334 401 1402 exercitu,
423 1332 577 1392 Creveriue
591 1331 746 1400 intellexit3
769 1337 860 1400 (recte
879 1330 1034 1388 diceretur:
1057 1347 1132 1388 cum

65 1437 214 1495 duobus
234 1437 589 1516 legionibueiisdem
611 1437 671 1495 vel:
693 1434 977 1513 queeheberet).
1010 1434 1133 1512 Opinor,

67 1543 187 1602 oLivio
202 1543 340 1620 seriptum
355 1543 458 1602 fuisse:
480 1545 604 1604 eodem
628 1545 811 1602 sociorum
834 1543 1009 1601 exercitu.
1053 1543 1132 1600 Nem

66 1649 165 1708 minus
197 1650 349 1726 probabile
369 1650 485 1709 videtur
515 1651 601 1709 illud:
642 1670 718 1709 cum
750 1651 889 1708 duabus
923 1649 1132 1724 legionibus

66 1755 167 1813 aliene
187 1773 276 1813 mann
298 1756 428 1814 odditum
451 1775 515 1816 esse
536 1759 619 1816 huic:
640 1759 765 1816 eodem
789 1753 963 1814 exercitu.

154 1860 226 1937 Cap.
249 1863 307 1933 28,
341 1865 358 1920 9
391 1857 456 1940 (ubi
486 1863 523 1922 de
554 1865 761 1939 quaestiouibus
792 1863 896 1940 agitur,
928 1879 991 1936 quas
1023 1859 1133 1918 Thebis

67 1968 176 2026 habitae
198 1976 266 2026 sunt
287 1968 323 2026 de
344 1968 388 2039 iis,
413 1969 463 2043 qui
485 1971 523 2028 ob
538 1971 645 2028 oaedem
661 1969 824 2045 Brachyllis
843 1969 873 2026 in
894 1967 990 2025 vincla
1011 1966 1133 2025 coniecti

66 2077 185 2147 oranti:
207 2072 315 2133 Torti
335 2081 420 2149 post
439 2075 550 2150 paulo
571 2075 754 2145 insontes,
772 2091 876 2148 quum
899 2074 1040 2132 scirent
1060 2073 1135 2148 ipsi

66 2180 179 2250 nihil,
201 2179 377 2256 opinione
400 2181 555 2238 omnium
576 2199 642 2257 pro
663 2179 803 2238 indicio
828 2179 882 2236 usi
910 2179 1133 2255 Zeuxippum

64 2296 103 2344 et
124 2286 369 2347 Pisistrotum
395 2287 685 2345 nominaverunt
743 2285 792 2345 Sic
820 2303 896 2343 nunc
920 2285 1025 2353 edunt3
1055 2281 1133 2340 iuB

65 2405 168 2452 tamen
190 2410 249 2450 non
271 2403 315 2449 est
335 2393 405 2462 usi,
436 2392 515 2468 quod
544 2393 575 2450 in
596 2391 665 2451 odit.
686 2392 768 2468 Meg.
797 2389 953 2448 manifeste
973 2388 1133 2465 interpole-

64 2501 151 2558 tiouc
184 2497 314 2556 additum
347 2507 404 2568 eet;
437 2499 479 2557 sic
507 2498 582 2556 enim
615 2498 657 2556 ibi
686 2498 834 2556 scribitur:
870 2515 974 2572 quum
996 2495 1135 2554 scirent
1237 2487 1244 2505 '

66 2606 145 2683 ipsi
166 2605 375 2682 opinionem
396 2605 566 2675 omnium,
588 2625 629 2663 ea
652 2625 717 2681 pro
737 2603 875 2661 indicio
897 2603 952 2660 nsi
974 2610 1028 2662 cet.
1077 2602 1134 2658 At·

65 2711 131 2786 qui,
161 2711 211 2786 qui
231 2710 287 2786 ipsi
307 2709 377 2766 torti
397 2709 526 2768 iudicant
545 2711 672 2787 aliquid,
701 2729 796 2786 neque
828 2709 965 2767 indicio
983 2715 1135 2766 utuntur

66 2835 164 2892 neque
196 2834 262 2892 pro
294 2815 401 2873 indicio
431 2815 530 2892 eliqua
552 2817 701 2894 opinione3
734 2816 763 2873 in
795 2815 855 2885 illa,
888 2834 976 2891 quam
1010 2815 1135 2873 editores

65 2921 147 2981 eftici
169 2921 332 2992 voluemnt,
354 2912 497 2979 sententia
515 2921 669 2980 dicendum
691 2931 767 2980 erut:
790 2921 997 2998 opinionem
1025 2919 1135 2978 omui·

66 3049 124 3088 um
149 3027 270 3087 secuti
291 3046 355 3103 pro
376 3026 516 3084 indicio
537 3027 764 3105 Zeuxippum
788 3037 841 3087 etc.
898 3028 976 3086 Nam
998 3045 1064 3102 pro
1085 3025 1136 3083 in-

65 3135 169 3194 dicio
199 3133 357 3209 aliquem
387 3133 577 3191 nominare
607 3135 708 3194 eodem
743 3155 864 3214 prorsus
898 3133 986 3192 modo
1023 3131 1136 3202 dicitur,

65 3259 130 3317 quo
161 3259 227 3316 pro
257 3239 473 3297 testimonio
505 3239 647 3315 aliquid
675 3242 812 3315 dicere,
844 3261 898 3302 nec
927 3239 1136 3317 possunthoc

67 3347 179 3406 divelli.
223 3345 281 3406 Sed
301 3346 403 3404 Livius
423 3346 499 3403 idem
521 3345 608 3417 illud,
637 3347 716 3422 quod
745 3347 899 3423 participio
931 3344 1048 3404 secuti
1075 3343 1137 3420 ple-

67 3455 137 3512 nius
159 3451 317 3528 eignidcari
337 3461 462 3528 poterat,
484 3451 601 3510 brevius
617 3451 691 3509 dixit
711 3451 775 3508 solo
796 3451 939 3508 oblotiro:
961 3449 1136 3526 opinione

66 3559 228 3618 omnium
333 3558 627 3615 nominaverunt.

156 3663 229 3741 Cep.
254 3665 345 3734 sus
379 3663 429 3739 (de
458 3681 531 3740 pace
560 3662 698 3739 Philippo
729 3661 792 3737 regi
820 3661 918 3734 detuit
961 3660 1136 3718 Valerius

69 3771 207 3829 Antius
229 3780 447 3846 quaternum
469 3768 604 3828 milium
626 3769 745 3844 pondo
761 3767 1081 3843 argentiveotigal
1102 3766 1136 3824 in

69 3877 195 3934 decem
221 3893 338 3934 ennoe
369 3873 583 3952 impositum
619 3873 696 3952 regi
730 3873 859 3944 tredit;
892 3872 1068 3932 Claudius
1101 3873 1137 3930 in
1232 3943 1240 3954 ¹

68 3999 191 4040 annos
223 3981 380 4057 triginta
410 3989 590 4057 quaterne
618 3981 719 4040 milia
750 3982 868 4058 pondo
902 3989 938 4038 et
964 3979 1138 4048 ducenta,

68 4105 236 4163 praesens
267 4087 402 4164 viginti
431 4087 534 4145 milia
568 4087 701 4163 pondo.
755 4086 940 4159 Neceeserio,
968 4086 1088 4162 opinor,
1109 4083 1139 4142 in

72 4194 131 4252 beo
165 4193 307 4252 cretionis
336 4193 433 4252 lorme
469 4192 621 4252 dimndum
658 4202 735 4252 erat:
770 4193 967 4270 presentie
1002 4192 1137 4269 viginti
