2800 4646
259 253 317 304 Lib.
334 255 473 305 xxxvn.
764 259 823 317 428

258 447 372 509 esset;
394 439 498 496 deinde
520 437 629 496 factum
651 457 751 514 quos.
803 439 1057 498 lnauacoluthum
1081 440 1183 498 Livius
1207 440 1238 498 in
1270 440 1320 498 toli

258 545 399 602 orationis
419 543 516 602 forma
536 552 597 602 tam
624 552 723 620 aperta
744 545 876 603 instituta
898 553 927 602 et
950 553 1011 602 tam
1033 544 1113 604 faeill
1130 545 1321 604 incidersnon

259 649 362 726 potuit.
405 650 500 708 Paulo
522 659 607 726 post,
629 650 679 707 ubi
700 651 797 726 agitur
828 651 864 708 de
887 650 922 712 L.
944 650 1068 708 AEmilio
1091 661 1214 727 praetore
1237 669 1323 710 cunc·

259 765 338 814 tents
360 755 549 832 Colophoniis
581 755 678 826 (Notii
706 756 820 830 ineolis)
842 755 982 812 auxilium
1016 754 1109 829 ferre,
1130 757 1172 816 sic
1190 757 1326 815 scribitur

260 865 288 934 (§
314 861 379 936 12):
400 862 585 918 Eudamus
607 861 782 932 Rhodius,
805 861 865 936 qui
885 869 1107 918 attenuarat
1127 880 1204 920 sum
1219 861 1326 933 Sami,
1388 903 1389 912 η

259 967 468 1042 cupientem
497 965 696 1041 proficisci
727 967 761 1022 in
789 965 1098 1040 Hellespontum,
1129 968 1326 1044 cunctique
1388 961 1389 1056 l

259 1072 401 1129 instare
422 1080 456 1127 et
477 1071 613 1142 dicere,
636 1080 771 1146 quanto
793 1071 912 1129 satius
935 1089 1014 1128 essa
1035 1072 1093 1129 val
1116 1073 1243 1131 socios
1270 1075 1328 1132 ob·
1388 1075 1389 1082 ’

260 1176 403 1234 sidione
425 1177 583 1234 eximere
605 1176 662 1234 vel
682 1185 735 1234 ete.
782 1177 944 1246 Vitiosum,
966 1187 998 1234 ut
1019 1176 1089 1234 ferri
1110 1187 1250 1252 nequeat:
1277 1179 1326 1236 di·
1388 1247 1389 1256 χ

260 1301 352 1351 esre,
371 1289 509 1356 quanto
537 1281 653 1338 satius
675 1301 770 1352 esss;
792 1283 818 1339 si
839 1290 936 1340 esset
956 1282 1115 1358 scripseris,
1136 1283 1324 1359 subineptum
1388 1271 1389 1298 l

261 1397 358 1446 tamma
378 1395 434 1445 est:
456 1387 588 1457 dicere,
611 1395 747 1462 quanto
769 1387 888 1444 satius
910 1397 1120 1464 esset,quum
1132 1387 1326 1446 rectissimum

260 1503 350 1551 esset:
467 1493 620 1564 instare;
656 1499 796 1568 quanto
831 1492 948 1550 satius
970 1503 1128 1554 esseeto.
1150 1497 1202 1562 (-
1224 1493 1328 1550 saltem

259 1598 395 1656 dixisset:
416 1607 450 1654 et
471 1597 655 1656 disserere
677 1605 727 1656 aut
749 1604 784 1652 et
805 1598 964 1673 exsequi
986 1607 1037 1656 aut
1057 1599 1199 1656 instare
1223 1617 1328 1657 exse-

261 1702 404 1778 quendo
423 1701 486 1776 -).
531 1703 662 1774 Vereor,
690 1720 726 1758 ne
741 1702 875 1758 mendum
897 1703 993 1762 subsit
1013 1703 1255 1779 scribendumque
1277 1705 1329 1761 sit:

260 1809 409 1877 instare,
430 1815 469 1862 ut
490 1807 650 1877 ducerem
673 1817 808 1882 quanto
830 1808 951 1866 satius
973 1826 1053 1866 esse
1075 1818 1130 1870 stc.
1160 1808 1256 1870 (linc.
1282 1811 1329 1880 39,

263 1915 295 1970 3:
317 1911 582 1968 conclamatum
614 1911 775 1986 undique
797 1922 868 1984 est,
898 1914 1048 1972 duceret
1075 1915 1265 1990 extemplo
1296 1927 1328 1974 et

262 2025 429 2076 uteretur
454 2015 585 2072 ardore
606 2016 773 2075 militurn.

345 2120 418 2196 Cap.
443 2123 497 2190 30,
534 2122 551 2178 2
587 2118 640 2200 (de
671 2122 758 2179 classi
780 2125 916 2181 Romana
938 2124 1112 2199 Rhodiaque
1134 2135 1165 2182 et
1187 2127 1329 2185 Antiochi

261 2227 401 2304 proelium
442 2225 584 2302 inituris):
627 2227 770 2286 Robore
802 2228 952 2287 navium
984 2240 1019 2288 et
1053 2232 1194 2290 virtute
1227 2232 1326 2290 mili·
1388 2237 1389 2252 ¹

261 2343 333 2391 tum
355 2333 509 2391 Romani
539 2333 648 2408 longe
679 2332 802 2408 regios
823 2335 1064 2408 praestabant;
1091 2337 1241 2394 Rhodia
1265 2355 1330 2394 ne-

261 2458 323 2497 ves
346 2438 521 2515 agilitate
551 2446 585 2494 et
621 2445 702 2495 erte
722 2439 1018 2512 gubernatorum
1040 2449 1074 2497 et
1094 2442 1253 2500 scientia
1274 2461 1330 2498 re-

262 2546 402 2621 migum.
450 2542 596 2602 Periaouii
618 2543 680 2600 hoec
701 2553 746 2599 est
769 2543 948 2614 coniectura;
983 2545 1011 2602 in
1040 2546 1188 2605 codicibus
1209 2547 1329 2623 legitur:

261 2650 372 2726 longe
408 2647 573 2708 Rhodios
594 2649 822 2723 praestabant
853 2650 890 2718 (B
914 2650 1033 2708 lodios
1056 2648 1178 2731 errore).
1240 2653 1330 2710 Recte

264 2755 433 2813 Perizonius
455 2761 560 2829 negat,
582 2753 612 2809 in
634 2754 828 2829 preparandis
852 2757 1019 2814 narratione
1036 2755 1141 2831 proelii
1172 2755 1248 2812 inter
1269 2756 1331 2812 Ro·

264 2876 367 2916 manos
388 2859 578 2933 Rhodiosque
600 2867 629 2916 et
650 2877 687 2916 ex
708 2858 802 2915 altera
824 2868 910 2934 perte
933 2861 1030 2936 regios
1052 2870 1119 2937 epte
1140 2860 1238 2918 induci
1251 2879 1330 2918 com·

263 2963 444 3038 parationem
468 2965 666 3022 Romanorum
689 2963 930 3038 Rhodiorumque
958 2966 1032 3024 inter
1053 2983 1104 3036 se,
1135 2975 1183 3036 ut,
1216 2985 1275 3042 qus
1298 2985 1331 3024 re

263 3068 390 3125 Romani
412 3069 543 3126 Rhodios
575 3069 710 3138 vicerint,
743 3069 872 3140 dicotur;
908 3068 949 3145 (et
972 3071 1097 3128 debebat
1129 3090 1145 3128 e
1183 3073 1331 3129 contrario

265 3172 333 3229 addi
353 3173 382 3230 in
406 3173 498 3231 altero
533 3175 663 3232 membro
685 3172 898 3250 Romanas3)
931 3195 1031 3234 verum
1059 3195 1118 3234 non
1154 3195 1171 3232 e
1206 3176 1331 3251 regios

264 3287 362 3336 netum
385 3279 455 3336 illud
476 3279 660 3352 Rhodios,
693 3279 744 3336 sed
773 3280 983 3356 interpretandi
1012 3299 1104 3338 causa
1132 3280 1264 3338 additum
1286 3283 1332 3354 (ut

264 3382 334 3439 illud
357 3401 460 3458 quam
483 3383 628 3440 AEtolos
651 3384 681 3442 in
703 3385 856 3454 XXXVI,
880 3387 928 3456 25,
953 3387 1003 3458 7),
1026 3403 1115 3460 quum
1140 3385 1242 3444 Livius
1266 3387 1331 3444 uni·

264 3507 348 3545 verse
372 3489 408 3546 ds
431 3487 523 3546 tribus
546 3487 685 3546 elassibus
708 3491 871 3548 Romanam
893 3509 951 3548 uno
974 3509 1095 3566 genere,
1124 3491 1257 3550 Rhodias
1286 3493 1331 3550 al-

265 3603 327 3652 tero
350 3593 520 3651 excelluisse
540 3593 718 3670 scripsisset,
750 3595 836 3670 regiis
858 3595 964 3652 nullius
986 3595 1028 3652 rei
1052 3597 1200 3654 tribuisset
1221 3596 1332 3672 princi·

264 3708 380 3774 patum:
413 3698 559 3756 Robore
590 3699 736 3756 navium
773 3709 807 3758 et
833 3701 914 3761 virt.
947 3700 1015 3758 mil.
1044 3703 1197 3760 Romani
1218 3701 1331 3778 longe

264 3802 504 3879 praestabant,
517 3804 667 3862 Rhodias
688 3823 800 3862 naves
821 3805 997 3881 agilitate
1018 3814 1074 3864 cst.

348 3906 422 3984 Cep.
447 3911 495 3979 31,
519 3913 552 3966 7:
572 3909 705 3967 Rhodii
728 3919 811 3986 (post
834 3909 977 3988 proelium
999 3910 1105 3970 navale
1126 3912 1165 3970 ad
1187 3911 1329 3989 Myonne-

265 4030 328 4068 sum
352 4031 370 4068 a
405 4013 438 4071 L.
468 4013 590 4070 AEmilio
627 4023 750 4088 protere
783 4017 901 4074 domum
933 4015 1028 4074 redire
1060 4015 1142 4092 iussi)
1174 4017 1328 4094 impigre
