2826 4640
571 299 630 355 5³3
972 297 1031 348 Lib.
1047 299 1136 349 xutt.

60 495 124 552 pro
147 477 213 549 ad).
260 477 433 537 Interfectos
462 481 518 539 hos
548 481 680 539 homines
705 498 778 551 csse,
800 499 889 556 quum
911 483 1037 540 Romam
1061 484 1136 543 irent

63 583 231 649 (delaturos
250 601 282 641 ae
298 584 336 641 ad
346 587 496 644 Romanos
508 584 642 662 professi,
657 605 722 661 quae
740 587 877 644 aPerseo
890 585 1067 662 agerentur),
1077 607 1135 646 non

61 707 158 762 quum
180 689 247 747 inde
268 688 405 754 redirent,
428 700 552 767 apparet
573 711 590 749 e
611 711 636 749 c.
662 694 708 760 13,
735 695 763 749 7.
815 691 868 762 (In
890 697 905 762 ξ
931 695 943 750 1
969 693 1043 750 sitne
1065 693 1135 750 sim-

61 793 182 869 pliciter
203 794 360 852 tollendum
392 815 459 854 nos
489 816 526 854 an
550 797 737 867 mutandum,
764 797 879 868 nescio,
901 816 966 856 cum
988 817 1137 876 respon-

59 899 218 957 deamus
240 901 357 974 quidem
380 902 514 978 coniungi
537 902 659 977 nequit.)

154 1001 227 1079 Cap.
252 1007 301 1075 tt,
324 1006 342 1062 9
365 1002 410 1082 (in
431 1006 560 1083 Philippi
584 1007 623 1064 ad
644 1008 788 1067 Marcium
814 1005 974 1084 oratione):
996 1007 1042 1065 Ει
1065 1009 1137 1067 haec

65 1108 214 1182 quidem
243 1109 330 1167 mihi
361 1119 531 1186 tanquam
555 1130 701 1170 causam
731 1113 869 1170 dicenti
900 1132 962 1171 reo
987 1113 1138 1171 obiecta

62 1221 166 1282 sunt,
196 1213 262 1270 illa
310 1224 484 1290 tanquam
518 1217 595 1293 regi
626 1227 659 1275 et
692 1236 768 1292 quse
789 1219 832 1276 de
853 1218 1019 1289 foedere,
1043 1218 1137 1293 quod

65 1317 156 1374 mihi
178 1327 232 1375 est
254 1320 445 1378 vobiscum
475 1321 785 1399 disceptationem
807 1309 997 1382 habeant'
1025 1323 1061 1380 In
1082 1323 1138 1380 hac

65 1422 210 1480 orationis
232 1423 329 1481 forma
359 1425 426 1483 illa
452 1400 618 1502 pronomen
641 1429 751 1486 infinite
774 1429 955 1486 demonstrat
987 1446 1032 1496 ea,
1073 1445 1138 1501 qua

66 1528 250 1586 subiecturus
289 1539 356 1607 post
386 1533 513 1591 Perseus
550 1543 608 1606 εει,
645 1534 836 1608 definiturque
866 1530 1011 1610 particula
1041 1549 1138 1603 uam,

67 1634 149 1707 quod
171 1653 263 1710 genus
286 1637 466 1711 pronominis
487 1637 551 1694 ille
572 1637 700 1713 ponendi
723 1639 801 1714 apud
817 1637 986 1696 Ciceronem
1002 1634 1138 1712 frequens

66 1747 114 1796 est
146 1739 217 1812 (vid.
243 1741 343 1798 Hand.
367 1743 492 1800 Turscll.
525 1743 557 1800 11
579 1763 607 1818 p.
633 1743 708 1818 319,
745 1741 854 1818 Opusc.
881 1761 947 1798 mea
976 1741 1073 1799 Acad.
1105 1741 1137 1798 11

66 1865 96 1920 p.
124 1847 212 1917 286);
243 1846 355 1922 reliqua
387 1857 483 1905 autem
515 1847 557 1904 sic
579 1847 744 1904 enarranda
765 1857 845 1905 sunt:
877 1857 910 1905 et
942 1845 1139 1914 eiusmodi,

68 1961 107 2008 ut
135 1997 163 2010 ..
192 1952 506 2028 disceptationem
537 1953 708 2010 habeant.
766 1953 824 2012 Sed
853 1961 885 2010 ut
906 1954 1063 2011 concedam
1089 1953 1139 2011 Li·

65 2057 148 2114 vium
170 2058 226 2114 hoc
249 2059 336 2115 modo
358 2058 529 2134 pronomine
556 2057 623 2114 ille
654 2065 683 2112 et
701 2057 845 2131 particula
871 2077 951 2116 narn
983 2059 1035 2130 uti,
1058 2059 1139 2116 euius

65 2163 111 2219 rei
134 2162 242 2220 nullum
275 2173 318 2220 est
346 2163 501 2239 vestigium
533 2181 591 2219 non
621 2161 715 2236 magis
745 2181 833 2237 qnam
864 2165 942 2238 apud
974 2163 1048 2222 alios
1069 2173 1138 2240 post

64 2267 260 2340 Ciceronem,
292 2287 386 2343 neque
416 2287 536 2344 prorsus
559 2266 742 2336 contendam,
773 2277 840 2342 post
871 2269 1020 2327 obiecta
1050 2277 1137 2326 sunt

64 2372 221 2429 dicendum
246 2372 336 2430 fuisse
359 2373 558 2443 haberent,
585 2381 662 2430 certe
685 2390 778 2445 neque
802 2381 976 2448 tanquam
1001 2373 1080 2449 regi
1103 2383 1138 2430 et

61 2496 144 2552 que
176 2479 217 2536 sic
249 2479 384 2554 coniungi
418 2489 558 2554 possunt,
592 2487 624 2534 ut
656 2495 733 2552 quae
766 2496 820 2553 pro
859 2477 1040 2535 eiusmodi
1063 2497 1140 2552 quas

67 2585 222 2656 (tanquam
256 2585 436 2660 praecedente
469 2585 632 2654 adiectivo)
664 2583 841 2659 accipiatur,
871 2603 965 2657 neque
994 2602 1045 2654 ea,
1075 2599 1140 2658 quae

65 2697 238 2762 sequuntur,
269 2690 515 2748 enumerationem
547 2691 657 2747 habent
686 2707 781 2747 rerum
805 2701 904 2765 aptatu
935 2689 972 2746 ad
994 2688 1074 2745 illam
1096 2688 1140 2746 in·

66 2792 181 2850 finitam
204 2793 481 2854 demonstrationem
503 2795 705 2862 definiendam,
734 2795 785 2851 sed
816 2794 911 2870 ipsam
942 2793 1140 2869 questionem,
1218 2815 1220 2820 ·

65 2899 164 2956 sintne
186 2919 230 2971 ea,
264 2919 328 2975 qua
357 2903 488 2960 Marcius
512 2900 761 2971 commemoravit,
791 2909 893 2958 contra
925 2893 1028 2957 foedus
1051 2899 1140 2958 facta

73 3003 153 3062 Casu
175 3005 264 3081 igitur
285 3015 355 3063 nata
378 3015 421 3063 est
442 3007 503 3063 haec
526 3005 646 3064 rarioris
665 3004 778 3062 dicendi
799 3002 901 3061 forme
917 3005 1028 3080 species
1050 3005 1141 3082 scrip·

71 3117 207 3185 seratque
230 3111 345 3168 Livius:
377 3111 445 3168 illa
473 3121 646 3186 tanquam
680 3108 776 3188 regi,
806 3127 881 3190 qu
909 3109 1142 3182 defoedare,

69 3215 170 3290 quod
194 3217 278 3274 mihi
300 3225 355 3274 εει
377 3215 581 3286 vobiscum,
613 3214 926 3291 disceptationem
951 3216 1142 3278 habebant.

72 3321 221 3378 Habeat
249 3340 304 3396 pro
334 3321 494 3379 habebat
526 3319 555 3378 in
587 3321 687 3379 codice
717 3319 853 3377 scribitur
883 3320 978 3390 XLI,
1010 3323 1066 3391 23,
1094 3321 1140 3390 12,

70 3436 234 3484 correctum
267 3445 286 3484 a
315 3427 571 3496 Weissenbornio,
602 3437 632 3485 et
659 3425 765 3483 similia
795 3425 876 3506 alibi.
929 3426 956 3494 (ξ
986 3427 1003 3482 2
1033 3423 1142 3483 frustra

74 3529 160 3588 Livio
184 3531 332 3607 affingitur
353 3531 481 3606 elegans,
503 3533 528 3590 si
551 3532 595 3590 dis
610 3531 714 3608 placet,
736 3529 925 3600 Graecismue,
947 3539 978 3587 ut
1000 3547 1141 3605 negare

72 3637 123 3694 sit
146 3656 199 3712 pro
222 3656 362 3713 negare
384 3637 498 3694 liceat
521 3637 629 3696 dixisse
644 3645 771 3714 putetur,
793 3655 851 3711 quo
874 3635 1035 3695 Graecismo
1056 3655 1143 3695 nemo

75 3743 105 3800 in
127 3761 216 3818 prosa
239 3743 371 3802 oratione
399 3759 469 3800 usus
499 3752 551 3801 est.
605 3744 705 3812 Recte,
739 3743 902 3818 quicumque
923 3741 971 3800 sit
993 3759 1030 3798 ex
1051 3739 1143 3798 satis

74 3847 126 3904 sit
147 3857 241 3905 ortum
263 3849 385 3924 putavit.
442 3853 456 3919 ς
489 3849 619 3922 dquum
651 3847 681 3904 in
704 3848 803 3906 codice
824 3849 875 3906 sit:
907 3859 944 3906 ut
964 3865 1144 3906 accusare

77 3953 203 4028 potius
230 3972 322 4034 vere
348 3971 454 4028 quam
487 3953 753 4011 conviciantur
782 3953 993 4024 videantur,
1023 3952 1144 4010 nonita

74 4058 186 4117 difficili
217 4059 334 4136 negotio
364 4060 425 4117 fieri
466 4057 574 4136 possit:
613 4077 716 4134 quam
746 4057 956 4116 conviciari
984 4057 1146 4134 turpiter
