2800 4646
246 267 302 317 nm
320 265 459 316 xxxvn.
749 267 809 324 ⁴32
1212 275 1229 304 .

330 447 403 526 Cep.
429 453 478 521 51,
502 455 519 508 5
554 450 602 524 (de
623 448 661 524 Q.
687 447 791 518 Fabio,
813 447 929 505 demine
951 447 1104 521 Quirinali,
1126 457 1259 524 praetore,
1283 450 1315 506 in

248 554 427 633 provinciam
442 555 585 631 proficisci
607 574 626 612 e
641 553 779 630 pontifice
791 553 920 610 maximo
942 552 1032 610 vetito
1060 561 1089 609 et
1109 555 1315 629 repugnem:

249 661 399 738 Religio
420 661 464 718 ed
485 671 709 737 postremum
730 656 832 728 vicit,
854 666 893 714 ut
915 658 1014 715 dicto
1036 658 1195 716 audiens
1215 671 1318 718 esset

249 767 384 826 flumen
406 765 599 842 pontifici3
632 773 667 822 et
686 763 798 821 multe
820 763 921 819 iussu
943 763 1072 839 populi
1095 764 1128 821 ei
1149 767 1316 824 remisse.

249 875 404 932 Postrema
425 873 486 928 hec
509 869 556 947 (et
576 871 691 929 multe
712 869 780 938 cet.)
804 887 841 926 ex
865 869 898 926 M
919 869 1094 926 recentiores
1114 870 1317 940 restituerunt;

250 979 280 1035 in
305 976 451 1052 prioribus
484 983 585 1033 contre
615 976 743 1033 omnium
782 975 913 1032 codicum
946 975 1148 1032 auctoritatem
1176 975 1319 1034 retinetur
1392 953 1393 970 Χ

251 1083 394 1158 scripture
415 1081 502 1138 etiem
523 1081 673 1138 sententio
693 1079 824 1156 graviter
837 1097 954 1138 nocens.
986 1081 1065 1138 Nem
1087 1081 1157 1137 hoc:
1179 1081 1317 1157 religio

252 1188 357 1257 vicit,
395 1196 433 1244 ut
459 1187 556 1244 dicto
589 1185 743 1242 audiens
774 1193 872 1242 esset
901 1183 1036 1242 flamen
1065 1185 1241 1262 pontifici
1273 1188 1317 1246 sic

251 1293 365 1364 dicitur,
385 1261 525 1366 tunqudm
543 1292 606 1368 ipse
628 1293 732 1349 flumen
756 1291 896 1367 religione
907 1291 1009 1362 victus,
1025 1291 1132 1349 omisso
1148 1292 1316 1362 certamine,

252 1397 379 1476 pontifici
399 1397 542 1472 paruerit3
573 1407 604 1454 nt
625 1405 758 1455 coactum
782 1415 848 1454 eum
870 1397 971 1474 populi
991 1396 1141 1454 voluntate
1162 1406 1192 1453 et
1218 1407 1315 1455 cetere

253 1505 357 1563 docent
385 1513 414 1560 et
444 1503 523 1576 quod
556 1521 625 1560 mox
655 1503 823 1572 subiicitur,
856 1521 920 1560 eum
951 1503 996 1559 ire
1026 1511 1131 1578 ereptos
1158 1503 1317 1578 provincie

253 1619 379 1686 prtetnre
400 1627 432 1666 se
454 1607 590 1664 abdicare
612 1617 748 1665 conatum
772 1626 844 1668 esse.
903 1608 938 1664 ln
968 1607 1115 1666 codicibus
1143 1609 1220 1665 notis
1243 1608 1315 1665 scri·

253 1715 345 1772 bitur:
367 1713 460 1770 vicit
480 1719 518 1769 ιιι
539 1713 641 1769 dicto
664 1712 815 1770 eudiene
838 1722 935 1770 esset
962 1713 1000 1786 (Β
1023 1719 1157 1782 essent)
1180 1713 1315 1770 flamen

253 1816 427 1894 pontifici
458 1818 601 1888 iussus,
623 1818 652 1874 in
675 1835 733 1890 quo
755 1816 907 1891 perspicue
928 1817 1003 1874 inest
1023 1817 1063 1888 id,
1085 1817 1162 1891 quod
1175 1817 1317 1877 Gelenius

254 1922 316 1978 eive
338 1938 375 1978 ex
396 1920 498 1980 eedem
529 1920 694 1998 Mogontini
725 1921 869 1997 scripture
895 1922 969 1978 eruit
1001 1931 1053 1980 eut
1077 1923 1170 1998 ipsum
1201 1941 1238 1980 ex
1265 1923 1317 1980 illo

255 2025 390 2101 sumpsit:
424 2036 458 2083 et
479 2027 579 2084 dicto
602 2026 755 2084 audiere
778 2045 858 2084 esse
887 2025 1027 2084 ilemen
1052 2027 1225 2103 pontifici
1245 2029 1316 2086 ius-

256 2150 328 2202 sus3
358 2131 410 2189 sed
431 2132 515 2189 simul
537 2133 638 2190 eddite
664 2151 722 2189 une
752 2131 849 2189 littere
877 2132 1073 2190 scribendum:
1193 2135 1317 2192 inssus

256 2248 325 2309 est3
360 2237 475 2295 multe
506 2236 607 2292 iussu
640 2237 767 2312 populi
794 2245 847 2294 cet.
898 2235 943 2293 Et
974 2235 1099 2295 elienum
1133 2249 1185 2296 est.
1235 2239 1317 2298 Nihil

254 2362 373 2420 prorsus
408 2339 574 2398 offensionis
606 2341 695 2398 hebet
728 2339 882 2416 participio
921 2341 1071 2414 (iussus)
1102 2345 1316 2402 substantivum

255 2449 440 2524 coniugatum
470 2447 500 2503 in
530 2445 622 2502 altero
651 2445 800 2502 sententies
838 2447 968 2504 membro
1011 2447 1179 2508 subiectum.
1233 2449 1317 2508 infre

238 2547 283 2628 ις
306 2556 337 2628 9)
359 2553 389 2610 iu
411 2552 456 2608 his
478 2551 587 2609 verbis:
610 2550 805 2608 desierant
831 2550 924 2608 enirn
946 2551 1085 2610 victum
1107 2556 1141 2612 iu
1170 2556 1317 2614 AEtolin

256 2669 418 2716 metuere
440 2656 490 2714 vix
512 2655 638 2713 dubitari
658 2663 771 2729 potest,
807 2655 876 2730 quin
911 2657 1051 2715 exciderit
1080 2679 1198 2736 regem
1232 2660 1317 2734 (vic-

256 2777 325 2821 tum
347 2763 382 2820 in
404 2761 544 2820 AEtolie
565 2777 688 2834 regem
714 2762 891 2836 metuere)
913 2757 964 2820 eut
991 2763 1316 2834 Antiochun13nsm

256 2868 363 2926 omisso
388 2866 503 2924 nomine
524 2864 681 2939 significari
707 2883 766 2922 non
787 2867 898 2941 potuit,
930 2869 979 2942 qni
1008 2869 1038 2925 in
1060 2879 1121 2927 tote
1143 2871 1199 2928 hoc
1220 2871 1317 2944 capite

256 2978 497 3029 commemoratus
530 2969 746 3044 significatueve
780 2989 838 3028 non
869 2983 954 3032 essct.
1012 2973 1070 3032 Sed
1102 2975 1208 3032 iniuria
1237 2983 1317 3032 totus

255 3077 336 3134 locus
358 3075 400 3149 (in
422 3093 480 3148 quo
504 3073 583 3147 quod
606 3082 669 3130 erat
690 3075 826 3133 mendum
850 3076 976 3148 difficile,
998 3080 1147 3137 Rubenius
1162 3079 1317 3155 sagacissi-

255 3199 304 3238 me
318 3179 483 3238 coniectura
503 3176 626 3248 sustulit,
649 3196 717 3252 pro:
739 3191 954 3240 averterunt
975 3182 1106 3243 semem
1128 3187 1276 3244 restituto:
1300 3205 1318 3243 ιι

255 3294 378 3343 vetere
407 3282 514 3356 ferne)
541 3281 781 3341 Weissenbomio
803 3285 907 3344 dubius
932 3288 1012 3346 visus
1034 3301 1090 3362 est,
1113 3291 1193 3365 quod
1219 3291 1248 3348 in
1274 3291 1317 3360 Μ,

254 3390 400 3466 geminate
420 3387 515 3464 prime
535 3386 633 3444 littere
656 3389 739 3446 verbi
769 3400 929 3450 metuere
958 3404 986 3452 et
1014 3395 1047 3452 in
1069 3406 1189 3472 propter
1209 3411 1317 3470 prece·

256 3497 325 3568 dens
349 3515 376 3557 ι
398 3493 515 3561 omisso,
535 3492 673 3567 scriptum
696 3505 773 3551 eret:
795 3495 931 3554 victam
954 3500 1127 3558 AEtolium
1150 3510 1317 3557 metuere.

337 3598 411 3676 Cep.
436 3603 483 3668 56,
507 3600 523 3654 2
547 3615 599 3668 ee,
631 3616 695 3672 quae
717 3609 834 3657 senatus
856 3603 1006 3660 Romanus
1033 3615 1100 3680 post
1121 3605 1227 3662 bellum
1250 3607 1317 3662 Διι-

254 3703 342 3762 tiochi
355 3704 478 3760 Eumeni
498 3703 562 3760 deri
584 3702 677 3773 iussit,
698 3704 740 3761 sic
762 3715 979 3764 enumerantur:
1001 3709 1227 3785 Lycaoniam
1249 3727 1317 3765 orn·

254 3827 332 3866 nem
373 3817 407 3865 et
442 3807 639 3884 Phrygiam
677 3819 871 3886 utromque
909 3822 944 3870 et
988 3813 1155 3888 Mysiam,
1195 3813 1315 3889 regies

254 3915 371 3972 silves
404 3923 438 3970 et
472 3913 594 3990 Lydiae
629 3914 814 3990 Ioniaeque
846 3925 950 3974 extre
978 3935 1020 3974 ee
1053 3919 1205 3994 oppida,
1244 3937 1317 3993 que

253 4018 374 4073 libera
396 4016 569 4086 fuissent,
592 4037 664 4092 quo
687 4018 747 4076 die
769 4037 843 4077 cum
866 4039 952 4096 rege
972 4023 1160 4081 Antiocho
1184 4041 1315 4100 pugne·
