2810 4644
294 287 462 344 Ltuxxlv.
763 289 822 346 282

260 473 433 549 quibusdem
457 473 567 530 foetum
589 471 698 540 sicut)
728 489 794 548 pro
817 479 921 544 perte
953 471 1093 529 totiens
1113 472 1209 528 iutro
1230 489 1332 546 peu-

260 599 320 638 oos
342 580 418 638 dies
440 579 542 636 victu
562 579 676 636 isdem
699 577 842 635 enimes
865 577 995 650 quibus
1016 597 1065 654 pr.
1091 576 1331 635 ortceodem-

261 706 329 762 que
352 686 465 762 (iisdem
487 685 589 742 litteris
611 685 663 755 M,
685 683 779 754 Harl,
802 683 876 740 Lov.
903 684 931 752 2,
954 685 982 754 3,
1006 687 1037 754 4;
1066 684 1095 741 in
1118 685 1191 742 LoV.
1219 686 1230 740 l
1253 681 1331 739 hinc

260 792 370 851 lectum
403 791 505 868 prior
532 799 616 849 orto
648 791 864 864 eodemque,
896 790 926 847 iu
958 790 1023 848 eliis
1049 789 1151 866 prius
1187 788 1330 858 coorti,

261 898 330 970 ulie)
353 906 488 954 eventu
508 915 736 973 pugnavere.
796 895 941 955 Universa
973 897 1115 953 sententio
1136 895 1207 952 sctis
1228 911 1329 969 eppe·

261 1013 319 1074 ret,
352 1003 406 1060 etsi
438 1003 487 1060 elii
519 1021 655 1079 maguam
688 1013 800 1078 partem
823 1001 927 1059 milites
947 1001 1067 1070 irueriut,
1088 1011 1187 1059 temen
1207 1001 1329 1057 animos

261 1109 376 1168 eosdem
399 1117 428 1166 et
449 1118 582 1167 eventum
606 1111 729 1167 eundem
751 1107 853 1170 fidere:
885 1109 936 1166 sed
962 1107 991 1165 iu
1014 1107 1152 1165 orationis
1172 1106 1270 1164 forms
1297 1119 1329 1163 et

261 1215 357 1273 verbis
378 1215 537 1272 laboratur.
585 1216 672 1290 Quod
694 1225 781 1274 autea
803 1216 955 1272 edebatur:
978 1213 1055 1272 Alii
1076 1213 1244 1290 plerique
1258 1213 1328 1268 mi·

261 1321 361 1394 lites,
396 1321 697 1399 sieutp1·opsrte
726 1367 752 1378 ..
781 1321 892 1390 victe,
913 1321 1045 1378 iisdem
1069 1298 1215 1389 uuimis,
1239 1319 1327 1393 qui-

261 1427 327 1486 bus
348 1428 468 1504 prius,
490 1429 688 1504 eodemque
720 1437 853 1484 eventu
874 1444 1101 1504 pugnavere,
1134 1436 1167 1482 ut
1187 1425 1326 1482 omittam

261 1535 378 1610 prius,
412 1535 489 1610 quod
519 1543 548 1591 et
574 1553 592 1592 e
615 1533 762 1591 codicibus
784 1534 867 1590 bonis
893 1532 1006 1608 longius
1028 1531 1135 1588 recedit
1156 1539 1185 1588 et
1205 1537 1325 1587 senteu-

262 1641 303 1698 tiu
324 1659 442 1716 prorsus
463 1659 586 1715 pravum
612 1650 656 1697 est
690 1642 740 1711 (-
764 1637 954 1714 nequeenim
978 1637 1027 1694 olii
1052 1637 1093 1694 illi
1114 1636 1217 1693 milites
1239 1636 1326 1710 prius

261 1755 463 1824 pugnaverunt
486 1751 550 1816 -),
586 1745 722 1803 vitiosum
754 1745 842 1802 hebet
869 1754 898 1802 et
918 1761 1051 1802 moneam
1073 1742 1324 1818 comparutionem

264 1852 394 1920 (sicut,
424 1869 482 1908 non
504 1859 641 1926 sequente
664 1851 733 1920 ite)
766 1869 820 1926 pro
842 1868 937 1908 cousus
958 1850 1175 1926 significatione.
1232 1847 1323 1920 Quod

263 1967 359 2015 eutem
387 1955 640 2014 Weissenbornius
669 1959 731 2014 bueo
758 1956 867 2032 posuit:
899 1955 1009 2013 sicuti
1036 1975 1100 2031 pro
1127 1964 1232 2031 porte
1261 1963 1322 2010 to-

262 2063 358 2122 tiens
387 2105 417 2124 ..
455 2063 553 2121 victe
600 2064 716 2121 isdem
749 2062 879 2119 animis
910 2063 1039 2137 quibus
1071 2062 1231 2138 priores,
1267 2061 1323 2116 ito

263 2169 464 2244 eodemque
486 2179 616 2227 eventu
638 2187 865 2247 pugnavere,
901 2177 934 2227 ut
954 2169 1102 2238 omittam,
1132 2187 1152 2224 e
1172 2165 1321 2224 codicibus

246 2267 310 2333 'bic
332 2295 447 2350 quoque
471 2275 540 2334 sotis
562 2294 707 2334 recessum
729 2293 808 2345 esse,
838 2275 964 2332 maxime
993 2275 1023 2331 iu
1043 2274 1093 2330 illo
1115 2275 1179 2349 ipso
1201 2273 1270 2342 ite,
1294 2285 1324 2330 et

263 2401 355 2460 prere
384 2381 513 2440 iisdem
544 2382 675 2440 animis
708 2381 906 2455 eodemque
933 2389 1066 2438 eventu
1092 2379 1201 2436 divellit
1231 2389 1259 2436 et
1292 2381 1323 2436 iu

263 2489 463 2562 eodemque
493 2487 653 2544 orationem
687 2487 774 2546 efficit
806 2488 884 2544 nullo
917 2487 1004 2544 modo
1026 2486 1233 2553 cohoerentem,
1265 2485 1323 2541 nisi

264 2593 339 2652 forte
362 2594 415 2651 ite
437 2594 634 2668 eodemque
655 2594 752 2651 nescio
776 2613 833 2668 quo
856 2613 933 2652 novo
954 2593 1102 2670 porticulae
1126 2591 1323 2666 usueccipere

263 2701 395 2758 iubemur
416 2719 485 2775 pro:
506 2699 560 2755 ita
582 2700 704 2757 codem
727 2719 870 2776 quoque
891 2709 1030 2767 eventu,
1044 2700 1101 2755 hoc
1119 2707 1170 2767 est,
1187 2709 1321 2756 eventu

264 2823 406 2882 quoque
427 2803 559 2864 eodem.
617 2805 741 2863 Frustra
775 2805 906 2863 homiues
928 2806 1005 2864 docti
1035 2805 1064 2862 iu
1096 2803 1322 2879 comperet-ionis

264 2911 359 2969 formu
381 2910 531 2968 efficienda
553 2911 747 2982 elaborarunt,
770 2933 788 2969 e
809 2931 902 2988 provo
923 2911 1004 2969 initio
1028 2911 1135 2985 (sicut
1157 2929 1194 2966 ex
1214 2909 1323 2984 sique

264 3015 382 3089 effecto)
404 3015 536 3091 proiecti.
580 3017 690 3086 Livius,
716 3019 746 3075 ni
767 3017 869 3082 fallor,
891 3017 932 3074 sic
948 3015 1120 3092 scripserat:
1142 3015 1218 3074 Alii
1243 3015 1321 3091 ple·

263 3123 371 3198 rique
401 3122 553 3193 milites,
585 3155 617 3166 -
644 3123 777 3199 quippe
815 3143 883 3198 pro
913 3131 1019 3198 purte
1049 3123 1190 3179 totiens
1224 3122 1322 3179 intre

263 3245 401 3304 paucos
424 3227 503 3285 dies
524 3229 640 3299 victo,
667 3261 705 3274 -
730 3229 858 3286 iisdem
882 3228 1029 3297 animis,
1064 3228 1196 3304 quibus
1217 3227 1321 3304 prio-

262 3355 334 3404 res,
353 3335 550 3409 eodemque
572 3344 706 3392 eventu
728 3351 953 3410 pugnavere.
996 3333 1077 3390 Nihil
1100 3334 1179 3392 uliud
1201 3351 1321 3408 exspec-

263 3441 380 3498 tcudum
412 3439 501 3499 fuisse
533 3441 676 3518 significat
714 3441 784 3498 illud
816 3440 872 3516 ipsi
902 3440 944 3497 rei
966 3440 1144 3516 praemissum
1174 3441 1321 3516 quippe;

194 3531 202 3548 ⁴
262 3549 289 3605 ei
311 3547 460 3624 porticulus
481 3547 583 3604 leviter
606 3556 748 3622 corruptae
770 3546 878 3624 (ique)
914 3545 1035 3603 cdbaesit
1055 3565 1068 3608 s
1091 3564 1127 3604 ex
1156 3543 1319 3622 preceden-

262 3653 284 3709 ti
309 3673 394 3724 voce;
416 3673 470 3729 pro
492 3671 542 3728 pr.
566 3663 649 3711 orto
670 3653 801 3710 restituto
821 3655 990 3728 priores,
1014 3653 1091 3726 quod
1113 3651 1170 3709 iem
1192 3672 1211 3710 o
1233 3651 1321 3710 Velle

262 3758 408 3816 inventum
432 3769 460 3816 et
481 3777 500 3814 a
521 3759 619 3816 multis
640 3761 794 3836 probatum
818 3770 889 3830 eret,
911 3769 1007 3818 cetero
1031 3758 1207 3816 ecodicibus
1223 3759 1320 3816 omnio

262 3863 350 3922 tenui.

346 3967 418 4045 Cup.
443 3973 491 4028 45.
534 3971 568 4028 Iu
585 3971 642 4028 hoc
664 3971 758 4047 capite
779 3971 863 4048 plurc
877 3971 947 4028 satis
968 3969 1118 4045 insigniter
1138 3969 1317 4028 emendenda

262 4083 339 4144 sunt,
361 4075 411 4132 sed
434 4092 532 4132 eorum
555 4075 667 4132 initium
698 4095 717 4132 e
737 4095 770 4134 re
790 4095 936 4152 perparva
967 4077 1105 4152 capietur.
1153 4076 1266 4145 Nom§
1289 4079 1322 4149 2,
