2810 4644
285 265 451 320 mamb
754 271 814 326 306

249 463 283 510 et
313 472 395 510 uum
427 473 497 529 ope
524 465 647 515 eorum
683 451 717 507 in
747 447 846 516 bello
867 451 990 512 forent
1018 451 1321 528 eadmunicipio-

250 577 325 616 rum
347 559 479 630 adiuti,
501 577 560 618 noa
583 568 673 626 muto,
694 575 782 632 quam
805 556 883 628 olim,
906 575 994 632 quum
1010 559 1047 614 ds
1067 556 1189 616 coloniis
1204 559 1320 616 Roma-

250 663 294 721 nis
325 663 472 740 disputavi
501 665 625 740 (Opuso.
647 665 705 722 Ac.
728 664 744 720 1
770 681 799 738 p.
822 663 881 720 239
905 665 999 735 not),
1025 664 1111 738 posui
1132 660 1321 730 senteutiam,

249 789 307 827 non
329 770 423 828 solum
447 771 538 829 altaro
560 771 640 842 loco,
670 768 722 827 sed
743 777 867 842 utroque
894 767 1054 825 tollendum
1077 787 1140 826 esse
1167 769 1319 828 munici-

250 875 391 950 piorum
413 885 507 934 ortum
525 895 561 934 ex
575 871 662 933 'narn
686 893 753 950 ope
767 892 887 931 corum
905 873 1163 954 (quemadmodum
1175 875 1319 939 XXVII.

253 983 307 1050 11,
347 984 378 1038 11
415 982 459 1038 bis
479 981 614 1040 scribitur
639 997 778 1057 pravum,
813 979 903 1036 semel
924 979 1067 1054 reatum),
1102 989 1136 1036 ut
1155 980 1319 1039 scribatur:

249 1103 325 1142 cum
356 1086 493 1160 aliquia
522 1087 706 1145 sociorum
737 1083 861 1144 Latini
892 1085 1049 1142 nominis
1078 1094 1116 1142 et
1145 1103 1224 1142 num
1246 1105 1317 1162 ope

249 1209 371 1248 eorum
399 1191 434 1248 in
466 1191 565 1248 bello
598 1189 723 1248 forent
747 1190 875 1248 adiuti.
929 1191 1007 1248 Nam
1041 1192 1120 1266 quod
1156 1189 1318 1268 municipia

249 1295 389 1354 eiusmodi
412 1296 569 1373 significari
591 1295 708 1366 volunt,
736 1314 802 1370 quae
831 1295 977 1353 civitatem
1005 1297 1067 1354 sino
1094 1295 1234 1372 suffragio
1256 1297 1317 1354 ha·

249 1403 375 1465 buerint,
404 1421 498 1478 nequa
524 1402 585 1459 ulla
617 1411 662 1459 est
691 1399 720 1456 in
751 1401 854 1458 horum
887 1411 1050 1478 temporum
1079 1402 1201 1460 historia
1225 1403 1315 1459 huius

248 1510 361 1584 generis
384 1509 623 1585 municipiorum,
643 1525 708 1581 quae
731 1505 833 1563 Livius
855 1525 999 1582 nusquam
1023 1507 1141 1566 omnino
1169 1527 1187 1564 a
1208 1508 1316 1564 ceteris

248 1615 404 1689 cogitando
426 1615 617 1672 scribendore
638 1610 778 1677 secrevit,
812 1623 950 1686 separata
973 1615 1079 1671 mentio
1100 1612 1316 1689 significatiore

246 1729 385 1794 tanquam
411 1719 514 1776 animis
535 1717 695 1791 studiisque
717 1737 735 1774 a
761 1718 864 1776 ceteris
886 1719 1079 1778 seiunctorum
1093 1719 1158 1795 (etsi
1170 1719 1316 1776 debuerat

247 1824 372 1882 fortasse
394 1825 495 1882 Livius
526 1823 563 1880 de
591 1823 648 1880 hoc
669 1823 775 1881 civium
797 1842 903 1899 genere
932 1825 962 1880 in
984 1823 1199 1898 Campanorum
1222 1820 1314 1879 rebus

247 1929 398 2004 cogitare),
432 1947 526 2005 neque
563 1947 599 1986 ea
619 1927 706 1985 sociis
739 1937 767 1984 et
787 1929 900 1986 Latinis
932 1929 1069 2005 postponi
1100 1937 1236 2004 poterant
1259 1946 1314 1984 ne-

247 2053 303 2108 que
325 2033 355 2090 id
378 2051 482 2090 nomen
505 2035 567 2092 sine
593 2033 737 2109 particula
764 2033 849 2092 adiici
876 2035 1059 2092 sociorum
1087 2033 1212 2091 Latini
1244 2051 1336 2092 no·.

246 2140 351 2199 minis
373 2150 496 2215 receptae
521 2138 719 2214 appellationi.
763 2139 803 2198 Et
824 2139 903 2196 solos
922 2140 1017 2197 socios
1040 2139 1204 2210 nominatos
1220 2135 1313 2195 fuisse

246 2247 381 2316 ostendit,
403 2245 481 2320 quod
502 2245 646 2320 sequitur:
668 2254 705 2301 ut
727 2246 1032 2304 sollicitarentur
1066 2289 1094 2305 ..
1121 2243 1309 2300 sociorum

245 2351 410 2410 fidelium
446 2351 565 2407 animi.
613 2350 690 2408 Livii
717 2353 814 2410 animo
836 2352 867 2409 in
888 2349 1011 2409 historia
1030 2351 1097 2411 belli
1121 2348 1312 2407 Hannibalioi

245 2458 353 2515 nullum
374 2457 450 2514 inter
471 2457 549 2513 cives
573 2465 602 2512 et
624 2456 719 2514 socios
743 2457 857 2515 tertium
880 2476 974 2534 genus
997 2457 1145 2514 hominurn
1176 2454 1311 2512 interiec-

244 2573 304 2620 tum
327 2561 496 2632 occurrisse,
518 2563 708 2620 certissimum
732 2571 784 2620 est.

328 2666 402 2743 Cap.
429 2671 483 2738 17,
516 2671 532 2724 5
556 2687 621 2742 sqq.
643 2666 814 2725 Hasdrubal
835 2667 1012 2725 Hamilcaris
1033 2667 1109 2724 lilius
1130 2676 1268 2724 narratur
1292 2689 1311 2724 a

245 2773 278 2831 0.
299 2775 418 2831 Nerone
439 2771 468 2830 in
486 2773 563 2830 saltu
585 2773 684 2848 aliquo
706 2771 833 2829 inclusus
860 2772 1043 2848 promisisse,
1073 2773 1099 2830 si
1126 2773 1193 2830 inde
1221 2774 1310 2831 emis·

244 2897 293 2936 sus
315 2879 399 2948 foret,
422 2897 453 2936 se
475 2879 634 2936 exercitum
659 2898 697 2936 ex
720 2878 866 2954 Hispa-nia
890 2877 1119 2954 deportaturum.
1159 2879 1309 2951 (Sicanim

244 2984 540 3042 scribendumrinde
573 2985 731 3042 emissus
753 3003 822 3059 pro:
844 2983 927 3041 inde
956 2985 1111 3055 missua.)
1156 2986 1232 3042 Tum
1265 2985 1310 3042 sic

244 3089 378 3147 scribitur
399 3089 439 3161 (in
463 3090 488 3146 P
511 3099 540 3147 et
561 3090 663 3148 ceteris
685 3089 779 3160 codd,
802 3091 930 3166 exceptis
951 3091 1052 3165 paucis
1074 3091 1309 3167 recentissimisl:

244 3197 353 3270 Quam
386 3213 458 3252 rem
494 3213 569 3252 cum
602 3196 688 3253 lato
717 3195 836 3252 animo
864 3196 1050 3253 Romanus
1078 3197 1310 3272 accepisset,

244 3303 340 3359 diem
363 3309 550 3378 posterum
573 3300 764 3359 Hannibal
790 3300 992 3375 conloquio
1016 3301 1213 3376 petivitut
1232 3303 1311 3361 Ro·

243 3427 333 3466 mam
362 3408 465 3482 leges
500 3407 829 3464 conscriberentur
860 3406 902 3462 da
937 3406 1128 3464 tradendis
1159 3407 1309 3466 arcibus

243 3514 383 3571 urbium
405 3521 459 3570 cet.
511 3512 596 3586 Quod
614 3513 702 3586 vulgo
724 3512 881 3580 edebatur,
903 3513 1000 3570 nescio
1023 3531 1042 3570 a
1062 3531 1121 3587 quo
1144 3523 1310 3574 correctore

242 3620 402 3676 inventum:
430 3617 585 3675 Romani
613 3660 642 3678 ..
671 3616 974 3686 conscriberent,
1006 3617 1160 3674 manifesto
1183 3637 1313 3693 pravum

243 3735 295 3794 est,
318 3723 454 3799 quoniam
477 3723 647 3782 Hasdrubal
669 3743 727 3782 non
751 3724 821 3781 solis
843 3721 983 3782 Romanis
1006 3721 1070 3794 (vel
1092 3723 1189 3800 potius
1211 3724 1310 3782 Nero-

243 3833 284 3906 ni)
311 3833 460 3890 arbitrium
482 3831 561 3906 leges
582 3829 781 3887 conscribendi
792 3827 984 3906 permissurus
995 3835 1075 3896 erat;
1096 3827 1196 3903 itaque
1211 3830 1309 3888 Weis-

242 3938 412 3996 senbornius
433 3937 496 3994 tolli
517 3939 666 3995 Romam
689 3933 796 4004 voluit,
819 3935 897 4008 quod
921 3933 996 3991 unde
1017 3944 1112 3994 ortum
1139 3933 1186 4006 sit,
1220 3953 1309 3996 nemo

243 4043 355 4098 dixerit.
389 4041 579 4098 scribendum
602 4049 678 4096 erat:
702 4051 738 4095 ut
763 4056 882 4100 eoram
904 4039 1005 4112 legas
1023 4040 1309 4098 conscriberen-
