2810 4644
194 221 196 226 ¹
284 261 342 313 Lib.
354 259 456 311 xxx1.
782 265 840 320 370

286 447 386 504 Livius
407 465 466 504 non
489 443 595 502 dixerit
624 454 729 503 terre
757 445 935 503 adeuntes
957 445 1059 503 editu
1082 461 1228 514 arcere,
1251 463 1338 518 quum

283 571 402 628 prorsus
423 550 569 608 sufficeret
590 550 769 608 adeuntes
791 571 929 610 arcere.

365 655 439 732 Cep.
466 661 521 726 17,
544 660 576 715 5:
600 656 762 731 (Abydeni)
784 667 975 714 matronas
997 673 1120 712 omnes
1141 655 1177 712 in
1203 657 1339 733 templo

283 763 424 832 Dienae,
454 780 591 838 pueros
624 759 863 838 virginesque
975 762 1010 818 in
1032 763 1265 838 gymnasium
1286 763 1340 820 in-

283 869 382 926 cludi
403 870 580 926 iuberent.
624 867 726 925 Donec
748 867 896 934 didicero,
927 887 992 943 quer
1020 869 1058 926 sit
1087 869 1145 926 elie
1172 869 1342 944 intemplo,

282 976 341 1032 elia
361 977 391 1033 in
412 974 564 1052 gymnasio
585 983 637 1031 out
657 973 715 1030 alie
736 981 944 1044 matronarum,
965 974 1025 1032 elie
1045 993 1199 1050 puerorum
1210 974 1341 1036 inclusio,

282 1101 339 1140 non
364 1083 481 1140 credam
502 1079 618 1139 Livium
648 1078 740 1136 eidem
762 1079 959 1155 propositioni
986 1080 1028 1137 sio
1056 1081 1101 1138 bis
1129 1080 1230 1138 eodem
1252 1080 1341 1138 modo

282 1189 385 1264 positae
417 1188 547 1246 diversos
583 1203 667 1242 cesus
688 1183 863 1255 subiecisse,
894 1185 1136 1262 scn'bendumque
1159 1188 1269 1262 putebo
1291 1197 1342 1244 eut

281 1295 317 1351 in
338 1294 512 1369 templum
534 1301 585 1349 eut
611 1291 647 1348 in
668 1291 867 1365 gymnasio.

365 1397 439 1474 Cep.
466 1399 511 1466 18,
534 1401 551 1454 4
576 1395 637 1468 (ubi
659 1396 811 1471 Philippus
832 1414 885 1453 rex
899 1395 996 1472 legato
1008 1397 1142 1455 Romano
1157 1397 1340 1472 respondetl:

282 1503 321 1563 Si
342 1503 445 1560 bello
466 1503 671 1568 lacessitis,
704 1501 789 1558 mihi
812 1520 958 1576 quoque
986 1501 1107 1558 enimo
1129 1513 1187 1560 est
1217 1502 1342 1560 facere

281 1617 315 1666 et
335 1626 488 1683 regnum
509 1618 543 1665 et
568 1608 808 1666 Macedonum
828 1626 955 1664 nomen
977 1608 1071 1666 heud
1093 1609 1210 1666 minus
1233 1627 1341 1682 quem

280 1715 477 1771 Romanum
501 1713 623 1772 nobile
650 1713 833 1770 sentietis.
894 1711 942 1772 Sio
972 1723 1002 1771 et
1021 1715 1048 1772 B
1070 1725 1099 1771 et
1124 1713 1261 1789 vulgares
1291 1733 1340 1771 oo-

281 1819 374 1885 dices,
406 1817 460 1874 nisi
483 1821 561 1894 quod
582 1821 611 1878 io
633 1819 689 1878 illis
710 1818 826 1888 bello,
851 1819 929 1894 quod
960 1819 1100 1878 editiones
1120 1820 1195 1877 inter
1215 1820 1341 1876 nobile

282 1933 311 1979 et
327 1923 502 1982 sentietis
524 1926 727 2002 interponunt,
749 1924 860 1996 omitti,
893 1925 1149 1984 Drakenborohiue
1170 1945 1228 1983 non
1251 1926 1341 1984 edno-

282 2028 364 2088 luvit.
407 2029 484 2085 Hinc
504 2031 706 2106 interpolando
728 2040 845 2100 netum,
867 2031 945 2105 quod
967 2033 1005 2088 ed
1026 2044 1155 2090 nostrum
1177 2043 1291 2108 tempus
1312 2033 1341 2088 in

285 2133 460 2192 editionibus
482 2135 551 2193 fuit:
582 2135 668 2194 mihi
691 2127 833 2211 quoque
861 2137 893 2194 in
917 2137 1034 2194 enimo
1056 2147 1110 2194 est
1131 2137 1276 2206 facere,
1306 2148 1341 2192 ut

195 2315 196 2318 Ἴ
279 2257 424 2316 regnum
447 2243 535 2299 Meo.
559 2260 763 2316 nomenque
784 2243 812 2299 h.
834 2262 873 2300 m,
894 2262 923 2318 q.
946 2243 982 2302 R
1003 2242 1133 2300 nobile
1154 2242 1339 2299 belloeen·

280 2346 401 2416 tietis,
423 2367 517 2423 prave
540 2347 695 2416 sententie3
727 2365 820 2422 neque
851 2348 926 2405 enim
954 2367 1059 2406 nomen
1080 2347 1239 2406 adversarii
1262 2347 1338 2404 bello

281 2453 377 2510 nobile
398 2461 537 2528 tunquam
558 2453 677 2527 aliquod
699 2453 807 2510 malum
829 2454 963 2523 eentitnr3
994 2454 1088 2520 (csse
1111 2453 1205 2510 eudiri
1226 2453 1338 2528 nequit:

279 2577 372 2633 neque
393 2558 422 2614 in
443 2577 479 2616 eo
502 2577 678 2636 magnopere
699 2557 908 2616 elaborandum
929 2569 1009 2628 eret,
1041 2570 1073 2616 ut
1093 2561 1218 2618 Romani
1239 2561 1338 2616 Mece-

283 2664 389 2722 donum
414 2683 519 2722 nomen
549 2665 645 2723 nobile
665 2682 728 2722 esse
752 2664 879 2735 scirent).
936 2665 1189 2722 Weissenbornius
1225 2665 1340 2723 codices

280 2777 394 2826 secutus
416 2780 479 2838 eet,
506 2771 644 2829 semicolo
677 2779 744 2846 post
764 2769 889 2828 fecere
911 2770 1021 2845 posito,
1051 2770 1081 2827 in
1117 2790 1175 2846 que
1195 2772 1340 2848 scripture

280 2884 486 2950 (preterquam
516 2877 594 2951 quod
623 2877 725 2934 eadem
749 2883 793 2932 est
822 2877 968 2934 sententie
989 2878 1185 2952 reprehensio)
1211 2878 1282 2952 quid
1302 2879 1339 2934 sit

280 2981 411 3050 lacere,
433 2983 552 3038 omnino
574 2982 690 3057 ignoro3
722 2981 773 3038 vix
798 2980 891 3038 audeo
913 2982 1069 3057 suspicari,
1100 2982 1246 3040 hominem
1270 2983 1340 3040 doo-

281 3097 342 3143 tum
366 3097 482 3161 putasse
508 3088 538 3145 in
559 3088 615 3145 heo
642 3086 774 3144 oratione
801 3085 928 3144 fecere
949 3107 1003 3162 pro
1025 3106 1075 3158 eo,
1097 3087 1176 3162 quod
1197 3087 1340 3146 Germani

279 3191 377 3250 dicunt
396 3192 571 3262 hendeln,
595 3191 688 3268 ecoipi
709 3209 811 3267 posse3
839 3191 876 3248 de
893 3193 1020 3250 barbaro
1042 3193 1091 3250 illo
1113 3194 1231 3251 animo
1253 3194 1341 3252 mihi

279 3307 333 3354 est
353 3297 476 3356 facere
497 3297 567 3356 nihil
590 3299 665 3369 dico,
691 3298 770 3373 quod
791 3317 826 3355 eo
850 3297 1022 3372 defendunt,
1053 3299 1132 3374 quod
1158 3319 1217 3358 uno
1246 3311 1277 3357 et
1297 3299 1341 3357 al·

279 3413 341 3461 tero
362 3404 428 3462 loco
453 3405 566 3463 codices
603 3414 653 3461 eut
681 3423 752 3480 pers
773 3403 903 3462 codicum
926 3405 1034 3462 hebent
1051 3406 1170 3462 animo
1192 3405 1341 3466 hebere,

279 3509 384 3568 extrito
405 3511 440 3567 in
462 3521 529 3568 ante
550 3530 594 3568 un
626 3510 718 3585 (opud
740 3509 854 3568 Livium
875 3511 963 3567 semel
991 3511 1084 3569 codex
1105 3511 1341 3568 vindobonensis

279 3615 393 3685 XLIV,
415 3619 464 3686 25,
493 3617 531 3688 l).
588 3617 636 3674 Ex
671 3617 802 3674 codicum
840 3616 983 3692 scriptura
1017 3617 1114 3692 prodit
1153 3615 1290 3674 facillime
1313 3627 1342 3672 et

279 3721 449 3779 certissime:
482 3721 520 3781 Si
541 3721 640 3778 bello
662 3721 866 3792 lacessitis,
899 3723 987 3780 mihi
1026 3742 1166 3798 quoque
1196 3725 1341 3785 uulnus

279 3823 405 3886 fecere
426 3837 462 3885 et
482 3845 629 3902 regnum
650 3829 936 3886 etMecedonum
959 3847 1088 3886 nomen
1109 3829 1202 3886 haud
1224 3829 1341 3886 minus

279 3951 385 4006 quam
410 3935 614 4016 Romanum
644 3935 787 4004 nobile,
823 3933 1002 3992 sentietis.
1054 3933 1093 3994 Se
1114 3952 1230 4010 quoque
1251 3945 1341 3992 etex

279 4053 368 4111 regno
389 4045 418 4094 et
438 4056 476 4094 ex
496 4037 646 4095 nobilitate
666 4039 760 4113 gentis
780 4039 914 4097 fiduciam
937 4039 1066 4114 aliquem
1087 4017 1131 4097 sui
1148 4041 1257 4098 hebere
1272 4057 1340 4098 seo·
