2826 4650
612 253 648 305 77
1002 247 1057 296 Lib.
1080 247 1127 296 111.

91 445 193 484 rorum
217 428 399 486 cumulantes
420 429 559 487 viderent.
614 431 662 501 (Si
691 431 755 504 quis
777 431 960 489 cumulare
982 432 1166 507 interpretari

90 533 252 590 conabitur
284 535 452 592 oratione
484 555 633 612 angere,
674 554 768 610 neque
802 536 831 594 id
864 540 954 595 verbo
987 538 1166 612 significatur

91 655 191 713 neque
224 640 367 716 primores
393 651 510 716 patrum
541 661 606 700 curn
635 640 757 716 plebeiis
789 661 935 701 sermones
976 641 1165 699 conferebant

89 765 191 820 neque
224 747 281 803 hoe
310 746 369 802 ullo
402 747 490 804 modo
523 745 667 822 particula
699 767 846 822 quoque
879 757 1017 822 tanquam
1045 747 1164 821 gravius

89 851 187 925 priori
215 851 257 908 illi
281 853 408 908 iuvare
441 851 538 909 nolle
572 852 690 927 adiungi
711 854 847 928 poterat.)
901 853 1029 910 Tantum
1052 852 1164 919 aberat,

89 967 123 1012 ut
146 967 250 1032 patres
274 958 388 1033 plebem
417 957 502 1013 avide
526 958 636 1014 ruendo
668 959 706 1015 ad
738 958 899 1014 libertatem
932 957 961 1013 in
996 955 1163 1012 servitutem

90 1061 212 1136 lapsam
234 1063 336 1119 iuvare
356 1061 472 1130 vellent,
494 1071 526 1118 ut
546 1063 665 1138 gravius
690 1064 776 1120 etiam
798 1081 856 1120 non
879 1063 953 1132 suis,
976 1061 1028 1118 sed
1050 1062 1165 1118 decern-

90 1167 227 1223 rirorum
250 1167 360 1224 iniuriis
382 1169 506 1244 opprimi
530 1189 593 1226 eam
623 1179 769 1244 cuperent,
801 1169 842 1225 sie
864 1167 1036 1224 desiderium
1059 1183 1163 1223 eonsu-

91 1272 174 1328 latus
197 1281 225 1328 et
247 1273 358 1348 pristini
381 1283 473 1332 status
496 1276 636 1332 oriturum
665 1275 731 1332 rati.
790 1275 837 1331 Ea
858 1273 1000 1330 sententia
1023 1272 1166 1329 efficietur

92 1397 156 1434 una
179 1378 276 1435 littera
298 1389 424 1437 mutata:
459 1381 493 1437 in
515 1381 728 1438 servitutem
751 1378 877 1455 lapsos
899 1379 1026 1434 iuvare
1048 1377 1162 1446 nolle,

92 1484 277 1546 tumuisti
310 1503 453 1560 quoque
475 1486 647 1556 iniurias,
680 1494 717 1541 ut
746 1493 800 1541 eet.
844 1485 923 1541 Nam
946 1502 982 1539 ex
1006 1482 1106 1538 nolle
1134 1482 1162 1538 in
1253 1479 1259 1490 '

92 1590 191 1645 altero
213 1591 344 1646 membro
366 1591 488 1648 sumitur
512 1591 607 1648 velle
631 1591 781 1647 notissimo
802 1591 832 1646 in
851 1587 1003 1648 contrariis
1024 1579 1163 1644 membris

1 1735 2 1759 ,
93 1695 239 1752 orationis
270 1695 408 1770 loquendi
441 1715 508 1764 usu3
540 1705 657 1771 poterat
687 1695 756 1752 addi
788 1697 975 1753 adversativa
1003 1694 1162 1770 particula:
1234 1729 1237 1736 ·

92 1801 229 1857 iuvare
248 1801 362 1871 nolle,
384 1801 446 1857 sed
468 1802 645 1858 cumulari
669 1819 812 1875 quoque
835 1811 888 1860 eet.
926 1799 1162 1876 (Cio.pr0Rose.

93 1909 167 1964 Am.
184 1908 233 1974 26,
250 1909 302 1962 il:
329 1906 537 1963 Noluerunt
560 1905 649 1962 ieris
671 1925 803 1982 eorpus
826 1907 987 1964 obiicere
1008 1925 1061 1975 --3
1092 1923 1161 1962 nou

93 2011 148 2068 sie
172 2011 285 2067 nudos
307 2010 341 2066 in
363 2009 496 2067 flumen
521 2011 680 2068 deiicere
707 2025 760 2069 etc.
803 2007 1085 2082 N.D.1‚7,17.)¹)

182 2115 256 2191 Cap.
280 2117 334 2185 ³8,
361 2118 407 2172 tt.
441 2117 618 2173 Perventum
640 2127 684 2173 est
709 2116 746 2172 ad
765 2116 868 2174 vulnus
889 2133 980 2192 grave
996 2126 1024 2174 et
1040 2117 1162 2192 profun-

94 2221 162 2277 dius
193 2222 304 2292 latens,
340 2223 418 2295 quod
452 2231 549 2280 tamen
578 2223 738 2280 manifestis
765 2223 877 2279 indiciis
912 2224 1051 2295 arguitur.
1102 2223 1158 2296 Qui

92 2327 189 2395 fuerit,
212 2327 324 2384 vocatis
347 2328 462 2384 tandem
476 2329 632 2404 aliquando
648 2349 666 2386 a
677 2328 847 2386 decemviris
860 2339 971 2400 senatu,
994 2329 1157 2386 animorum

90 2433 186 2508 plebis
208 2433 341 2503 habitus,
366 2433 414 2508 qni
436 2451 601 2505 sermones,
624 2434 665 2491 sic
687 2435 870 2491 describitur:
894 2465 930 2476 -
958 2467 992 2475 --
1017 2435 1156 2492 curiam

91 2537 181 2593 inde
205 2555 246 2594 ac
269 2539 509 2596 solitudinem
525 2541 622 2598 cirea
646 2539 870 2597 decemviros
894 2539 1155 2614 intueri,quuur

91 2651 127 2698 et
156 2642 239 2717 ipsi,
262 2662 442 2702 consensu
466 2646 626 2703 invisum
653 2645 861 2720 imperium,
884 2655 918 2702 et
939 2645 1051 2720 plebs,
1073 2647 1157 2720 quia

91 2747 256 2820 privetis
277 2751 332 2806 ius
355 2769 425 2807 non
447 2761 546 2808 esset
568 2751 724 2808 vocandi
746 2761 1005 2820 senatum,non
1027 2769 1155 2809 eonve-

91 2853 171 2910 nire
193 2863 318 2929 patres
338 2856 686 2931 interpretarentur3
709 2856 778 2914 iam
803 2865 912 2932 eaput
933 2855 1019 2913 fieri
1046 2856 1158 2914 liber-

91 2969 206 3016 tatem
228 2961 481 3037 repetentium,
503 2961 533 3018 si
554 2979 590 3018 se
611 2961 716 3037 plebs
740 2962 906 3018 comitem
928 2963 1074 3020 senatui
1096 2963 1157 3020 det

90 3074 145 3131 et,
175 3067 474 3141 quemadmodum
506 3077 631 3142 patres
661 3068 785 3124 vocati
806 3087 875 3123 nou
897 3074 1028 3125 coeant
1048 3069 1083 3125 in
1105 3088 1154 3126 se·

91 3181 224 3242 natum,
246 3173 299 3230 sie
319 3173 425 3248 plebs
449 3173 585 3230 abnuat
606 3172 794 3229 delectum.
849 3172 885 3228 Iu
912 3171 968 3229 illis
1000 3173 1069 3230 iam
1099 3192 1157 3232 oa-

91 3286 154 3350 put
175 3275 261 3332 fieri
283 3277 495 3336 libertatem
517 3277 759 3354 repetentium
781 3293 864 3347 unus,
888 3279 966 3352 quod
984 3279 1083 3348 sciam,
1107 3279 1155 3338 Si-

89 3381 196 3455 gonius
218 3381 309 3452 hoesit,
332 3401 396 3458 quoe
417 3384 513 3441 multis
536 3384 628 3441 modis
649 3384 756 3440 vitiosa
772 3392 847 3440 suut.
890 3383 968 3440 Nam
990 3401 1084 3458 neque
1105 3384 1156 3442 ulli

91 3496 177 3543 erant
197 3487 406 3546 libertatem
426 3500 644 3565 repetentes,
664 3490 797 3546 omuibus
818 3491 957 3546 haetenus
975 3490 1155 3564 torpentibus

91 3601 120 3647 et
142 3591 229 3648 tacite
250 3591 413 3651 libertatem
436 3595 666 3653 desiderantibus
689 3605 739 3652 aut
760 3595 838 3651 inani
862 3614 1004 3664 sermone,
1026 3613 1079 3652 neo
1094 3615 1155 3652 mu·

109 3840 136 3902 ¹)
162 3845 259 3894 Eodem
278 3861 334 3910 esp.
355 3847 369 3908 ξ
389 3851 417 3905 7,
440 3847 479 3894 eoi
508 3847 565 3895 loco
591 3845 746 3908 explicando
771 3846 848 3895 miras
873 3847 1005 3895 machinas
1024 3845 1155 3905 adhibent,

160 3949 220 3984 vers
243 3946 284 3986 est
307 3939 376 4002 prior
395 3937 416 3985 1.
435 3937 561 3986 Perizonii
586 3939 746 3998 eonieeturs,
774 3955 835 4002 qua
859 3939 986 4000 tollentis,
1014 3946 1097 3986 ortum
1122 3953 1157 3986 ex

160 4043 239 4091 prava
258 4031 429 4091 geminatione
447 4030 608 4093 sequentium
626 4030 775 4080 litterarum.
