2826 4640
603 253 663 311 563
972 325 976 336 ¹
1001 252 1059 304 Lib.
1070 253 1169 306 XLIV.

98 433 196 510 quod
230 433 353 492 fuerat
382 443 512 492 natum.
576 435 701 494 Mirifice
738 435 964 512 interpolarent:
1006 439 1168 514 pecunius

98 549 255 616 partem,
279 540 374 614 quod
398 539 522 598 fuerat
541 550 696 598 nanctus
721 543 903 612 (abundante
923 541 1026 600 saltem
1047 541 1168 618 partis

99 646 243 717 nomine),
268 646 352 721 quasi
367 646 562 704 nanciscenda
575 643 664 703 fuerit
675 648 808 722 pecunia,
828 647 963 722 adquam
979 647 1008 705 in
1024 648 1167 706 thesauris

98 751 258 828 repositam
289 770 353 808 cum
387 751 518 810 clavibus
553 751 659 809 missus
689 753 792 811 Nicias
827 763 899 817 eret.
953 753 1036 812 Nihil
1069 763 1168 830 potest

99 855 281 914 manifestius
317 873 389 927 esse,
423 873 512 931 quam
545 857 633 915 scribi
668 857 787 916 debere:
817 859 979 935 pecunia
1010 868 1167 935 partem,

98 979 176 1037 quse
200 961 324 1020 fuerat
355 961 399 1024 atl
431 961 577 1026 ilatum
614 963 669 1033 (ἐν
702 959 747 1045 τῷ
779 953 941 1046 Quinum
994 965 1068 1024 Erat
1089 965 1167 1024 enim

99 1068 219 1126 Phacus
241 1086 296 1125 arx
318 1066 423 1138 Pella,
452 1067 481 1124 in
505 1077 612 1144 quaet
632 1087 708 1145 gaze
730 1071 811 1146 regia
833 1072 1006 1130 servabatur
1027 1081 1056 1129 et
1077 1072 1167 1130 vincti

97 1173 351 1244 custodiebantur,
384 1191 458 1248 quos
490 1191 543 1230 rex
565 1175 705 1232 custodiri
726 1177 864 1248 iusserat,
896 1178 1047 1235 nominate
1076 1178 1165 1237 etiam

98 1279 179 1355 apud
200 1279 357 1355 Polybium
378 1275 518 1356 (XXXI,
541 1277 604 1354 25).
648 1280 755 1356 Itaque
778 1282 888 1340 frustra
906 1283 1044 1341 Valesius
1066 1283 1166 1356 Pellae,

97 1403 158 1444 nou
187 1384 279 1443 Phaci
311 1401 415 1458 gazam
447 1383 643 1442 Macedonum
675 1384 767 1445 fuisse
798 1387 943 1464 disputat,
975 1397 1050 1447 teste
1081 1398 1166 1448 utens

98 1491 186 1548 Livio
207 1489 248 1566 (c.
269 1491 319 1560 23,
343 1491 360 1546 9
384 1497 413 1546 ct
433 1507 458 1546 c.
482 1492 533 1558 46,
556 1492 573 1548 8
594 1491 679 1548 huius
700 1491 793 1562 libri),
814 1491 860 1548 cui
882 1491 1001 1568 adiungi
1023 1493 1166 1569 Polybius

98 1605 196 1673 potest
217 1595 353 1672 (XXIX,
377 1598 407 1668 3)
431 1607 460 1652 et
481 1595 589 1654 Strabo
614 1595 676 1671 (lib.
699 1597 763 1654 VII
784 1597 821 1654 fr.
845 1598 883 1654 20
906 1617 944 1655 ex
966 1599 1067 1674 epit.);
1095 1617 1165 1656 nam

98 1721 165 1778 quae
186 1703 217 1760 in
239 1721 306 1760 arce
327 1703 366 1760 ed
388 1701 500 1759 Pellam
524 1710 606 1774 erat,
637 1701 740 1760 eadem
772 1703 862 1762 Pellae
897 1721 961 1761 esso
985 1712 1064 1761 recte
1085 1704 1165 1762 dicc-

99 1809 196 1866 betur.
244 1807 321 1865 Livii
344 1807 460 1883 quidem
481 1807 587 1880 locum,
609 1808 659 1882 qui
681 1809 777 1866 estin
799 1827 824 1868 c.
846 1813 897 1882 46,
925 1809 1012 1892 ctiam
1043 1809 1165 1886 propius

97 1915 260 1972 adrerum
283 1914 455 1972 sententiam
477 1913 566 1990 paulo
587 1922 656 1988 post
677 1915 978 1986 accommodabimus3
1008 1935 1084 1975 nunc
1101 1916 1165 1992 pri-

97 2039 178 2078 mum
200 2019 341 2090 dicamus,
365 2029 537 2095 comparatu
564 2020 678 2078 veriore
699 2021 759 2092 illa,
788 2039 853 2096 qua
879 2021 910 2080 in
931 2039 957 2082 c.
983 2024 1019 2080 to
1046 2020 1167 2080 inventa

96 2135 152 2194 est,
182 2125 335 2201 scriptura,
368 2123 398 2182 in
421 2144 466 2198 eo,
504 2144 523 2183 a
555 2144 615 2201 quo
643 2124 702 2184 orsi
736 2143 854 2196 sumus,
886 2125 952 2184 loco
980 2127 1164 2185 scribendum

41 2261 48 2270 ·
95 2231 249 2307 perspicue
271 2247 348 2288 esse:
378 2229 467 2288 duos
494 2251 537 2289 ex
568 2230 713 2302 amicis,
735 2231 875 2290 Pellam
909 2232 1078 2304 alterum,
1114 2241 1166 2306 ut,

96 2355 174 2412 quse
196 2337 239 2400 ad
260 2337 406 2400 llacum
426 2337 583 2412 pecunia
604 2337 775 2413 deposita
796 2346 889 2408 erat,
912 2337 1165 2397 deindeleounam

95 2441 264 2499 huiusmodi
299 2441 361 2500 iere
389 2440 591 2516 supplemento
616 2453 764 2518 utcunque
791 2443 961 2518 tegendam:
994 2443 1041 2515 [in
1067 2461 1166 2502 mare

96 2545 314 2621 proficeret,
336 2547 643 2606 Thessalonicam
665 2549 835 2618 alterum,
864 2548 924 2623 qui
945 2550 1095 2606 navalia
1115 2549 1165 2606 in·

96 2651 285 2718 condurat,
306 2651 419 2722 misit;
441 2653 746 2730 Asclepiodotum
768 2661 803 2710 et
824 2653 1006 2729 Hippiam,
1031 2655 1166 2730 quique

97 2774 175 2814 cum
197 2755 243 2814 iis
265 2760 397 2830 erant,]
429 2777 471 2815 ex
505 2758 690 2834 presidiis
718 2770 870 2818 revocat
900 2769 953 2820 cet.
997 2760 1090 2818 Phoci
1111 2779 1165 2820 uc·

97 2879 166 2918 men
187 2861 234 2920 hic
255 2863 356 2930 latere,
378 2865 466 2922 etiam
479 2863 735 2924 Weissenbomius
756 2867 920 2942 suspicatus
939 2873 1015 2936 erut;
1038 2863 1163 2926 formam

97 2967 254 3026 verborum
276 2987 334 3027 uon
355 2970 475 3028 invenit.
527 2971 563 3028 In
585 2971 636 3029 illo
658 2981 765 3042 eutem,
788 2990 875 3046 quem
896 2971 1038 3048 tantisper
1059 2973 1166 3046 distuli,

97 3071 165 3130 loco
186 3091 212 3132 c.
236 3077 287 3145 46,
317 3080 334 3132 5
368 3076 404 3133 de
431 3075 515 3134 Pelle
543 3077 614 3134 urbe
635 3077 677 3135 sic
698 3077 847 3136 scribitur:
880 3077 961 3138 Sita
982 3089 1037 3136 eat
1058 3079 1092 3137 in
1115 3089 1166 3138 tu·

98 3177 195 3236 mulo
210 3191 386 3256 vergente
408 3181 443 3238 in
465 3181 696 3240 occidentem
715 3183 921 3254 hibernum
936 3184 1088 3260 cingunt
1107 3203 1166 3260 pa·

97 3282 202 3342 ludes
230 3285 545 3364 inexsuperabilis
575 3287 788 3346 altitudinis
820 3297 946 3347 metato
973 3296 1007 3346 et
1036 3289 1168 3363 bieme,

98 3471 299 3482 -u-u—

119 3563 141 3630 ¹)
171 3569 248 3630 Quod
267 3572 382 3636 sequitur
401 3571 451 3622 ibi:
470 3572 525 3624 ssd
543 3573 573 3620 in
594 3585 658 3621 rem
678 3570 921 3622 emendabilem
946 3571 1037 3621 risus
1055 3571 1167 3637 lapsus

173 3677 261 3724 esse,
289 3665 392 3723 rectius,
420 3665 520 3730 opinor,
545 3663 777 3714 Drakenborchiua
794 3663 958 3714 scribendum
976 3671 1061 3729 putat:
1085 3666 1117 3715 in
1136 3680 1168 3716 re

173 3755 378 3805 emendabili
418 3771 496 3818 quam
527 3755 672 3806 Gronovius
702 3763 729 3804 et
758 3755 926 3806 recentiorem
961 3757 992 3804 in
1024 3771 1167 3810 errorem

171 3848 417 3898 emendabilem
442 3849 485 3912 (in
513 3863 577 3899 rem
604 3863 657 3898 em.
676 3863 723 3898 exe
742 3848 775 3896 in
799 3861 832 3896 re
858 3845 935 3912 em).
972 3845 1024 3900 Sed
1044 3857 1170 3914 preterea

173 3938 339 3988 scribendum
360 3941 477 3996 ridetur:
494 3941 588 3991 visus
606 3949 655 3991 eat
672 3941 787 4005 lapsus
805 3953 886 3992 ease.

914 4051 969 4105 w
