2820 4646
615 260 674 316 573
996 235 1177 306 praxum.

113 443 162 499 tis
185 461 261 500 auru
284 442 474 510 manabat,
508 441 691 498 Eumenes
715 439 860 499 visurus
892 440 1017 499 luerit
1077 440 1176 498 Mendi

113 547 223 623 aliquid
247 548 294 606 hic
316 564 389 616 esse,
422 546 481 604 iam
512 566 566 623 pcr
586 564 618 604 se
638 545 760 622 intelligi
792 555 918 622 poterat.
975 547 1080 620 Neque
1101 545 1175 602 enirn

112 653 173 710 ulla
194 653 272 710 iacta
304 663 368 712 erat
396 656 523 732 suspicio
557 653 594 710 de
616 653 747 710 Eumene
780 651 882 710 Persei
916 651 991 710 bello
1022 650 1178 708 invadendi

112 758 234 816 consilia
255 759 403 834 agitante,
437 759 492 818 nisi
514 758 593 835 quod
614 776 684 815 saue
706 757 814 816 iamdiu
851 766 950 833 aperte
974 759 1124 816 Romanos
1149 755 1177 812 in

112 862 190 920 bello
211 872 314 921 contro
335 883 400 922 eum
423 865 596 934 adiuvabat3
620 881 725 938 neque,
749 881 814 939 qum
838 861 1087 934 subiiciuntur,ad
1112 841 1176 920 adm

112 968 306 1044 suspicionem
326 969 484 1028 tollendam
506 969 566 1028 ulle
588 989 624 1027 ex
643 977 728 1044 parte
748 969 901 1044 pertinent,
923 968 974 1026 sed
988 968 1026 1024 ad
1045 985 1120 1037 cem,
1142 967 1180 1024 de

112 1093 173 1151 qua
193 1092 253 1131 uua
273 1075 424 1150 agebatur,
447 1077 639 1152 cogitassetne
660 1073 822 1144 Eumenes,
851 1073 958 1130 relictis
979 1074 1179 1132 Romanorum

111 1177 255 1254 partibus,
277 1180 387 1238 Perseo
408 1198 440 1238 se
462 1181 630 1256 adiungere.
685 1182 785 1254 Atque
819 1179 880 1236 haec
912 1179 1072 1238 certissimo
1100 1177 1180 1234 testi·

111 1285 211 1342 monio
234 1286 386 1344 coufirmat
408 1285 591 1362 repertorio
613 1283 783 1360 fragmentis
816 1283 968 1341 Vaticanis
993 1284 1111 1360 Polybii
1133 1283 1180 1340 lo·

115 1409 183 1460 cua,
212 1409 298 1466 quem
321 1390 422 1448 Livius
444 1392 588 1466 expressit
624 1391 768 1460 (XXIX,
804 1394 814 1447 1
843 1408 866 1447 c.
888 1408 918 1465 p.
953 1391 1029 1448 1032
1053 1387 1179 1461 Belloi:

106 1490 191 1558 Ὅτε
213 1496 279 1575 μὲν
308 1483 371 1558 οὖν
392 1486 554 1578 Εὐμένης
577 1485 639 1558 ουκ
662 1485 707 1556 ἅν
728 1485 907 1576 ἐβουλήθη
936 1491 1065 1576 Περσέα
1096 1514 1178 1574 κρα-

113 1599 215 1682 τῆσαι
238 1600 283 1685 τῷ
307 1599 445 1684 πολέμῳ
470 1599 524 1663 καλ
548 1599 711 1684 γενέσθαι
734 1591 851 1680 κύριον
873 1598 942 1662 σοῖν
963 1593 1061 1676 ὅλων,
1084 1590 1179 1682 εὐχε-

112 1709 167 1789 ρὲς
191 1711 422 1790 καταμαθεῖν.
453 1709 581 1785 Egregie
598 1707 976 1784 igiturForchharnmerus:
1000 1709 1180 1766 Eumenes

112 1834 230 1890 nequa
253 1815 347 1874 levit
368 1814 534 1872 victoriae
556 1813 685 1872 Persei
706 1812 941 1887 nequebello
957 1833 1033 1871 eum
1051 1815 1180 1876 iurare

112 1920 149 1976 in
172 1919 290 1977 animo
312 1921 447 1979 hebuit.
492 1919 551 1979 Sed
573 1937 725 1995 superesse
746 1918 883 1976 meudum
905 1918 933 1974 iu
957 1919 1009 1988 iis,
1044 1937 1108 1994 quae
1130 1919 1182 1975 de·

112 2024 259 2082 clarence
281 2034 310 2082 et
331 2027 536 2084 confirmandas
556 2025 700 2082 rcicauaa
717 2023 915 2094 subiiciuntur,
938 2023 1035 2100 arguit
1055 2024 1180 2100 primum

112 2131 208 2190 oratio
230 2131 351 2189 vitiosa:
380 2151 450 2190 non
482 2141 556 2188 tom
577 2130 662 2206 quia
685 2139 846 2206 paternae
952 2147 1057 2203 quam
1079 2129 1180 2204 ipso·

116 2257 191 2296 rum
225 2236 320 2294 odiis
353 2255 519 2296 accensa
540 2241 615 2306 ,(-
653 2235 778 2292 debebat
809 2235 884 2292 anim
923 2234 1087 2292 necessario
1124 2232 1180 2290 dici

116 2361 222 2420 quam
245 2342 333 2417 quie
356 2342 427 2417 —),
459 2342 562 2400 deinde
585 2341 650 2416 ipsa
671 2358 736 2408 res,
759 2341 810 2412 (-
834 2339 933 2415 inepta
955 2349 998 2397 est
1019 2339 1094 2396 enim
1117 2339 1181 2396 dili·

114 2466 186 2524 gens
207 2448 269 2504 haec
291 2447 436 2506 distinctio
458 2457 486 2506 at
508 2447 688 2523 comparatio
710 2445 923 2504 inimicitiarum
946 2455 1131 2522 paternarum
1153 2453 1182 2502 et

115 2555 189 2612 iuter
210 2555 290 2630 ipsos
315 2573 520 2624 accensurum,
548 2572 636 2628 quum
658 2552 818 2629 praeaertim
842 2553 895 2608 hus
920 2571 956 2608 ex
978 2551 1034 2608 illis
1056 2551 1182 2608 crevisse

114 2661 180 2736 ipse
201 2661 292 2718 verba
315 2660 476 2736 significent
498 2665 573 2730 -l,
604 2669 665 2716 turn
696 2677 835 2734 perversa
857 2657 1063 2716 sententiarum
1087 2657 1178 2714 conti·

113 2765 214 2824 nuatio
238 2767 294 2834 (sic
314 2765 389 2824 enim
411 2765 561 2824 subiicitur
582 2751 742 2822 communis
763 2781 863 2840 regum
885 2761 1076 2820 emulationis
1099 2779 1181 2818 meu-

114 2873 164 2941 tio,
185 2881 325 2946 tunquam
347 2873 376 2928 in
399 2891 434 2928 ea
464 2871 566 2947 positae
588 2868 695 2928 luerint
717 2868 773 2928 illae
794 2871 924 2947 ipsorum
946 2867 1021 2927 odiis
1051 2883 1181 2926 accensae

114 2977 270 3036 inimicitias
292 2976 364 3053 -),
388 2988 536 3052 postremo
564 2974 681 3052 l'olybii
710 2974 869 3032 auotoritas
889 2973 921 3048 (l.
945 2992 970 3032 c.
993 2970 1092 3056 χωρὶς
1113 2962 1179 3055 yo'p

113 3080 176 3163 τῆς
207 3080 376 3164 πατρικῆς
405 3069 666 3162 α’λλοσριότητος
698 3077 753 3142 καὶ
789 3075 1010 3158 δυσμενείας,
1051 3071 1095 3159 ἢν
1132 3075 1180 3140 εἶ-

113 3209 174 3272 χον
196 3181 283 3270 πρός
308 3175 496 3268 α’λλήλους,
526 3177 564 3248 εδ
587 3184 650 3268 τῆς
672 3176 776 3268 α’ρχῆς
798 3175 961 3267 ὁμογενὲς
990 3177 1114 3248 ἱκανόν
1135 3172 1181 3266 ἦν

115 3295 169 3360 καὶ
195 3285 362 3358 α’πεοεεάν
391 3290 446 3354 καλ
483 3291 692 3374 ζηλοτυπίαν
724 3293 778 3353 καὶ
805 3281 960 3353 καθόλου
991 3283 1057 3371 τήν
1077 3287 1178 3374 μεγί-

114 3425 198 3484 οσην
220 3388 465 3482 α’λλοιριόεητα
500 3389 772 3480 παρασκευάζειν
800 3399 836 3458 ἐν
862 3386 1000 3470 αὐτοῖς).
1043 3399 1180 3472 Apparet

113 3506 249 3582 coniungi
272 3507 351 3583 apud
372 3507 529 3584 Polybium
552 3506 719 3565 inimicitias
753 3522 861 3579 easque
879 3511 1016 3580 paternas
1038 3513 1067 3560 ct
1090 3521 1178 3560 asmu-

112 3611 249 3670 lationem
271 3612 389 3688 regibus
412 3631 607 3682 communcm3
629 3609 795 3670 iuimicitias
817 3619 954 3685 paternas
976 3609 1087 3680 Livius,
1109 3609 1179 3684 quio

112 3737 149 3776 ex
170 3717 205 3774 iis
228 3718 374 3776 Eumenes
396 3727 425 3778 ct
445 3721 571 3777 Perseus
594 3711 803 3797 δυομενεεάν
826 3705 914 3792 προς
936 3703 1106 3794 ἀλλήλους
1128 3709 1177 3775 ελ-

111 3841 184 3906 χσν,
206 3831 323 3899 poterat
344 3823 437 3900 magis
459 3824 602 3882 rhetorice
624 3833 726 3882 auctas
748 3823 877 3899 ipsorum
899 3820 973 3878 odiis
995 3819 1176 3892 dicere3non

110 3937 227 4006 poteret
257 3947 381 4006 pravam
412 3929 488 3986 inter
520 3931 581 3988 haec
606 3931 664 3988 duo
689 3926 936 4004 comparationem
958 3925 1063 3984 inlcrre
1097 3929 1177 3998 (nou

111 4045 181 4093 tam
211 4077 239 4098 ..
268 4029 398 4112 quam).
441 4033 615 4093 Tollendum
642 4041 686 4091 est
708 4032 797 4110 igitur
819 4051 945 4108 quam,
974 4031 1021 4088 hic
1055 4041 1088 4088 ut
1108 4029 1178 4088 alibi
