2800 4646
240 278 298 330 Lib.
312 278 440 328 XXXVI,
742 279 802 336 418

240 463 412 534 habeant,
444 463 567 522 eodem
597 463 641 520 ad
671 460 934 536 impetrandam
965 456 1106 514 veniam
1129 455 1305 530 utantur),

240 566 393 624 simulac
424 569 621 627 Romanum
659 565 858 625 exercitum
890 565 926 622 in
959 561 1104 621 Graecia
1125 561 1304 630 viderint,

240 673 284 731 ad
313 683 524 732 consuetum
554 673 744 748 imperium
772 689 808 730 se
839 675 1010 728 evertant
1030 687 1095 726 nec
1116 668 1164 726 iis
1187 667 1305 725 uoxioe

239 777 403 836 futurum
435 777 486 836 sit
519 787 573 834 etc.
641 779 730 836 Recte
751 776 810 833 iam
831 773 978 849 descripta
1005 774 1154 844 oratione,
1186 773 1305 832 sublata

239 882 325 940 simul
346 892 390 940 est
411 882 504 940 omnis
527 881 670 940 dubitatio
693 881 728 938 de
750 879 894 956 particula
924 879 1081 937 simulac
1105 889 1134 936 et
1154 879 1192 936 de
1213 896 1304 954 asyn-

240 985 307 1043 deto
328 986 418 1058 duro,
447 987 527 1062 qnod
555 997 617 1044 erat
647 986 676 1044 in
698 986 819 1061 vulgata
839 984 924 1042 huius
946 983 1002 1040 loci
1023 982 1128 1044 forma.
1173 981 1304 1054 Obstitit,

240 1109 298 1164 quo
331 1092 424 1150 minna
454 1111 526 1152 vera
560 1092 708 1150 sententiae
750 1089 928 1148 continuatio
959 1088 1174 1163 intelligeretur,
1206 1088 1305 1147 fauna

239 1196 378 1254 orationis
400 1197 491 1272 paulo
513 1199 606 1256 minus
639 1197 778 1272 vulgaris,
813 1194 931 1252 minima
962 1201 1058 1251 tamen
1092 1213 1161 1252 rara
1195 1195 1225 1251 in
1256 1195 1303 1262 iis,

239 1317 304 1374 qun
325 1303 491 1376 parenthesi
512 1303 703 1372 continentur,
726 1300 865 1371 adhibita,
888 1308 920 1356 ut
941 1317 979 1356 ex
1000 1299 1099 1356 dativo
1120 1299 1302 1374 pronominis

238 1405 352 1462 relau‘vi
386 1405 417 1462 in
448 1407 546 1482 priore
565 1409 712 1466 membro
748 1405 844 1482 posito
875 1403 1011 1462 audiatur
1046 1404 1075 1460 in
1106 1403 1199 1461 altero
1233 1403 1302 1479 (hoc

239 1510 353 1584 quidem
385 1511 451 1569 loeo
474 1531 538 1569 cum
560 1513 703 1588 particula
725 1508 906 1587 copulativa)
937 1509 1132 1567 nominativus
1155 1509 1301 1583 (etqui,

238 1617 487 1690 praesentibus
509 1617 696 1674 adulando
719 1635 875 1692 semper,
981 1615 1160 1690 utantur),
1183 1616 1218 1672 de
1241 1634 1302 1690 quo

238 1739 343 1795 genere
364 1721 424 1778 dixi
447 1721 516 1778 olim
541 1723 579 1778 ad
601 1719 661 1781 Cic.
684 1722 750 1782 Fin.
781 1721 821 1791 V,
844 1724 861 1782 9
885 1741 913 1797 p.
937 1723 995 1778 659
1019 1731 1048 1778 et
1072 1719 1181 1796 Opnsc.
1202 1721 1301 1778 head.

237 1825 270 1882 ΙΙ
299 1845 329 1900 p.
364 1829 419 1882 177
458 1826 606 1896 (Gramm.
641 1827 706 1888 Lat.
742 1824 863 1897 5323).
918 1825 994 1882 Livii
1016 1825 1162 1900 geminum
1184 1835 1227 1884 est
1248 1845 1302 1884 ex·

238 1929 363 2004 emplum
400 1931 429 1987 iu
459 1932 506 2002 X,
530 1934 587 2002 26,
611 1935 644 1990 ὓς
688 1931 791 2000 Sunt,
822 1930 954 2004 quibus
984 1951 1027 1988 ne
1057 1932 1128 1988 huc
1156 1931 1301 2006 quidem

238 2034 443 2092 certamina
466 2055 649 2112 exponere
670 2036 763 2094 satis
785 2034 906 2105 fuerit,
930 2034 1136 2092 adiecerint
1160 2037 1301 2104 (hoccstz

238 2149 272 2195 et
293 2139 353 2212 qui
374 2139 505 2213 adi.)et
519 2141 633 2216 Appii
649 2139 929 2198 criminationes
944 2149 1008 2210 cta,
1030 2140 1079 2197 ubi
1096 2140 1301 2198 Weissenbor-

237 2243 300 2301 nins
321 2263 352 2302 se
374 2263 432 2302 uon
451 2245 608 2320 expedivit,
628 2245 718 2322 paulo
733 2245 833 2302 durius
849 2244 941 2320 (quod
953 2255 1020 2320 post
1035 2245 1093 2302 duo
1109 2247 1240 2304 membra
1262 2265 1301 2304 ex

237 2349 373 2424 quibus
395 2358 423 2407 et
448 2369 597 2424 quornm
623 2350 653 2406 in
674 2351 759 2410 tertio
782 2351 898 2409 auditur
919 2349 1050 2427 etqui)
1072 2352 1101 2408 iu
1116 2352 1174 2422 IX,
1191 2355 1216 2422 l,
1234 2348 1299 2421 9.¹)

238 2455 331 2512 Paulo
363 2465 428 2530 post
459 2455 486 2529 (ς
512 2453 564 2530 10)
596 2454 675 2512 nullo
705 2456 793 2512 modo
819 2453 888 2512 ferri
917 2463 1013 2530 potest
1040 2476 1092 2532 per
1112 2458 1300 2532 parenthesin

235 2559 386 2617 interiecta
419 2559 628 2635 interrogando
660 2560 760 2618 eadem
791 2561 827 2618 de
856 2561 967 2635 populo
989 2563 1123 2620 Romano
1146 2563 1300 2632 sententia,

237 2683 301 2738 quoe
329 2665 360 2721 in
388 2665 453 2740 ipsa
482 2665 622 2740 primaria
652 2664 784 2722 oratione
807 2673 865 2733 est,
896 2665 1112 2740 rectissimeque
1142 2668 1300 2725 Douiatius

236 2777 265 2824 et
296 2767 450 2827 Creverius
480 2789 519 2827 ex
540 2770 720 2845 quioquid
750 2769 880 2828 fecerunt
906 2770 966 2845 qui
996 2772 1082 2845 quid
1113 2772 1187 2846 (qui
1209 2770 1301 2850 [Pyr-

236 2869 319 2948 rhus]
361 2874 446 2948 qnid
491 2875 635 2932 tandem
679 2875 752 2933 erit
793 2875 979 2933 vobiscum
1023 2878 1300 2952 comparatusil.

237 2974 295 3033 Sed
319 2985 370 3034 aut
392 2977 481 3036 fallor
514 2990 564 3037 aut
595 2979 679 3037 simul
700 2979 863 3036 necessario
885 2979 1066 3036 scribendum
1090 2993 1177 3040 erat.
1221 2983 1300 3056 Quid

236 3080 323 3138 fuerit
344 3083 484 3158 Pyrrhus,
505 3094 582 3141 recte
604 3085 750 3158 queritur,
773 3085 809 3156 (si
831 3102 905 3140 nunc
919 3087 1126 3162 comparetur),
1148 3107 1207 3146 non
1229 3091 1301 3164 quid

236 3185 350 3244 ficturus
367 3187 413 3244 sit.

321 3291 394 3369 Cap.
423 3296 467 3362 ll,
495 3296 529 3350 13
556 3291 605 3368 (da
626 3287 677 3350 Μ.’
701 3269 798 3352 hcilio
820 3293 992 3366 Glabrione,
1022 3296 1051 3354 in
1082 3317 1167 3374 quem
1197 3301 1299 3358 Thau·

237 3397 327 3456 macie
349 3397 630 3473 appropinquantem
652 3396 786 3456 iuventus
808 3399 917 3474 oppidi,
939 3419 1003 3475 quea
1025 3413 1139 3460 armata
1160 3404 1248 3462 silvas
1272 3417 1302 3462 et

235 3501 340 3558 itinera
376 3502 536 3570 insederat,
581 3500 766 3576 incursavitl:
811 3501 950 3562 Consul
985 3507 1101 3580 primo
1135 3511 1300 3580 mittere,
1388 3499 1389 3504 ἵ

237 3606 360 3680 quiex
390 3607 601 3682 propinquo
635 3606 894 3681 colloquentes
924 3611 1156 3669 deterrerent
1190 3631 1252 3670 eos
1283 3635 1302 3672 a

237 3709 307 3767 tali
329 3711 468 3778 furore3
490 3719 684 3785 postquam
706 3730 948 3786 perseverare
969 3716 1003 3772 in
1023 3717 1169 3791 incepto
1191 3717 1301 3785 vidit,
1387 3773 1388 3780 ,

256 4033 282 4098 ¹)
307 4038 347 4086 Dc
365 4040 417 4086 cni
437 4039 571 4088 dubium
591 4041 742 4090 dictumest
760 4043 792 4090 ad
811 4043 911 4102 XXIV,
932 4051 974 4104 ⁴5,
995 4051 1019 4096 6.
