2820 4646
601 314 656 370 581
988 311 1045 364 Lib.
1063 313 1163 364 XLIV.

94 505 128 556 et
148 497 277 556 Lemnus
311 497 467 556 interiectae
492 505 584 568 erant,
614 514 702 572 quum
724 495 884 572 presertim
908 498 1011 567 exiis,
1033 516 1099 574 qua
1119 517 1165 556 se·

98 611 235 680 quuntur.
274 613 433 680 appareat,
463 623 501 661 ex
529 603 648 680 specula
674 601 852 661 Subotorum
882 603 1009 680 conspici
1036 604 1165 680 potuisse

97 729 190 768 naves
213 710 295 768 Elea
319 710 455 780 Phanas,
483 707 622 768 Chiorum
656 708 896 786 promuntorium,
930 719 1069 786 petentes.
1129 712 1165 769 In

97 816 200 874 codice
221 817 356 875 scribitur
377 815 596 886 Eleoeethio‚
619 833 727 890 exque
742 813 866 872 efficitur
887 813 990 872 Elaeae
1013 823 1048 872 et
1070 817 1165 880 ulto.

99 921 130 978 Is
153 921 225 979 situs
246 922 347 980 insnlae
370 923 424 980 toti
445 921 605 980 narrationi
627 915 803 991 eonvenit.¹)
850 921 946 978 Paulo
969 929 1036 997 post
1057 917 1088 1000 (5
1114 923 1164 992 10)

99 1029 195 1086 oratio
207 1029 249 1087 sic
261 1028 490 1106 interpungenda
502 1036 559 1086 est:
575 1027 643 1087 Sed
659 1045 764 1102 quum
777 1025 848 1084 iam
863 1027 1165 1104 appropinquan-

99 1134 538 1193 tiumformelemborum
557 1131 779 1191 hauddubie
800 1143 907 1204 esset,
934 1177 985 1196 ...
1009 1144 1093 1193 tune
1113 1136 1165 1194 in-

98 1239 198 1299 iacta
219 1243 422 1318 trepidatio
445 1251 510 1303 est.
559 1239 630 1316 (Hie
643 1239 754 1315 primus
769 1238 943 1296 narrationis
959 1241 1042 1315 quasi
1055 1241 1165 1317 gradus

98 1356 151 1405 est
195 1345 333 1423 Sequitur
351 1348 552 1426 trepidationis
573 1346 690 1418 exitus.)
721 1345 833 1418 Quum
856 1345 1059 1404 resistendi
1081 1365 1164 1423 spes

99 1452 201 1510 nulla
223 1463 337 1526 esset,
368 1455 602 1529 inhabilique
633 1451 777 1509 navium
809 1469 947 1527 genera
969 1460 1003 1509 et
1033 1451 1164 1510 Gallis

98 1559 162 1616 vix
184 1559 344 1634 quietern
376 1561 583 1620 ferentibus
607 1560 642 1617 in
665 1556 769 1627 mari,
792 1574 880 1632 pers
902 1576 1027 1616 eorum
1055 1600 1105 1619 ...
1129 1558 1164 1615 in

99 1665 329 1742 Erythresam
358 1679 533 1736 enarum,
561 1683 649 1742 pars
676 1674 730 1722 cet.
786 1663 863 1721 Tum
891 1669 906 1733 ξ
936 1667 971 1721 13
1002 1665 1032 1722 in
1066 1664 1165 1722 codice

98 1779 158 1828 est:
180 1769 401 1831 Clauserunt
424 1773 516 1831 enirn
539 1769 629 1829 Cbio
653 1768 912 1846 partusignari
934 1780 987 1828 cet.
1030 1769 1166 1830 Scriben-

97 1876 185 1934 dum:
213 1875 262 1936 Cl.
284 1879 377 1936 enim
400 1876 483 1936 Chii
504 1886 633 1954 portes
655 1873 912 1954 (neuportum),
946 1876 1083 1952 ignari,
1105 1878 1166 1952 qui

99 1980 273 2058 fugerent
294 1993 355 2042 ant
376 1991 625 2059 sequerentur.
671 1983 751 2041 Nam
764 1978 829 2039 Chii
841 1981 969 2058 periculo
990 1982 1083 2040 territi
1104 2001 1165 2041 om·

98 2105 152 2146 nes
174 2089 254 2146 urbis
275 2100 376 2166 portes
398 2089 572 2160 clauserunt,
595 2089 678 2149 Galli
699 2096 766 2146 ante
790 2106 888 2158 unem,
910 2106 998 2162 quam
1012 2090 1165 2166 petierant,

97 2193 210 2252 exclusi
235 2205 310 2253 sunt
363 2197 517 2254 Postremo
547 2202 562 2268 5
587 2200 623 2256 16
653 2214 741 2271 quum
773 2193 803 2251 in
824 2193 924 2252 codice
948 2195 998 2252 sit:
1029 2213 1092 2271 spe
1114 2213 1166 2252 ea-

101 2299 219 2358 lenius
239 2302 428 2378 ingressis
450 2321 493 2360 ex
514 2302 657 2374 lembis,
679 2298 767 2359 scribi
789 2299 889 2356 debet:
917 2317 980 2375 spe
1008 2298 1165 2356 celerius

103 2407 288 2482 regressis
317 2409 348 2466 X
379 2407 528 2482 lembis,
571 2427 648 2476 non,
680 2417 713 2464 ut
742 2404 887 2482 Gryneus
922 2404 991 2463 iecit
1021 2405 1166 2480 ceterique

101 2521 273 2582 tenuerunt,
309 2515 487 2586 reversis,
526 2515 604 2591 quod
635 2513 818 2592 participium
852 2511 930 2588 apud
962 2511 1078 2569 Livium
1110 2511 1166 2570 hoe

103 2637 163 2675 uno
183 2618 248 2677 loeo
270 2620 327 2696 legi
350 2623 445 2680 credo.
1183 2687 1185 2692 ,

189 2723 264 2802 Cap.
286 2728 336 2797 29,
358 2731 391 2787 2:
424 2729 560 2805 ltaque
589 2725 765 2805 permixti
788 2721 1016 2797 Romanique
1039 2731 1074 2780 et
1094 2721 1166 2780 Mo·

101 2831 262 2890 eedones
285 2845 319 2892 et
339 2837 510 2895 Eumenis
532 2834 682 2892 noveles
709 2831 804 2891 socii
826 2829 861 2887 in
883 2830 1035 2908 templo,
1065 2827 1167 2886 indu·

102 2938 178 2996 tiss
200 2939 380 3014 religione
411 2939 485 2997 loci
516 2941 714 3017 prebente,
744 2938 1002 3000 versabantur.
1050 2935 1167 2995 Codex:

104 3053 141 3101 et
161 3045 196 3102 in
218 3046 368 3122 templo;
390 3046 503 3122 opinor,
525 3046 641 3104 Livium
663 3043 830 3122 scripsisse:
863 3040 914 3121 [et
944 3043 979 3100 in
1000 3043 1104 3116 urbe]
1132 3051 1167 3100 ct

103 3152 140 3207 in
161 3152 311 3228 templo;
339 3171 407 3210 nam
429 3171 482 3228 per
502 3154 604 3212 urbem
625 3153 687 3211 sine
708 3152 797 3210 dubio
819 3150 884 3227 plus
905 3149 1045 3226 temporis
1066 3165 1168 3205 versa·

102 3259 212 3315 bantur
233 3276 320 3332 quarn
341 3259 371 3315 in
393 3259 501 3336 templo
524 3269 616 3318 erant.

189 3361 262 3440 Cap.
287 3365 336 3436 30,
363 3367 393 3422 t:
423 3365 509 3423 novi
531 3366 644 3424 duces
671 3363 701 3421 in
721 3361 947 3439 provincias
976 3365 1168 3426 venerant,

101 3469 233 3528 consul
261 3470 433 3530 AEmilius
461 3471 496 3528 in
527 3469 797 3538 Macedoniam,
828 3464 1007 3526 Octavius
1037 3461 1167 3522 Oreum

102 3575 342 3647 adelonem,
372 3578 530 3638 Anicius
562 3578 598 3635 in
631 3575 838 3653 Illyricum,
870 3573 926 3633 eui
959 3569 1167 3630 bellandum

122 3937 149 4008 ¹)
178 3941 255 4004 Quod
273 3956 355 4008 nuper
383 3949 507 3992 cnutum
526 3941 620 4001 rideo,
639 3940 733 3990 stne
753 3949 783 3990 ct
800 3939 899 4000 Asso,
924 3951 1007 4002 ncqne
1025 3939 1089 3988 aiens
1108 3951 1170 3986 eon·

176 4037 248 4087 venit
265 4035 364 4102 (Lesbo
382 4034 526 4099 interiecta)
558 4048 640 4098 neque
660 4034 756 4084 codicis
775 4033 884 4097 rmtigla
902 4031 1063 4082 eorumne
1090 4029 1170 4080 mete

178 4135 266 4180 temen
283 4129 405 4179 mendum
423 4128 628 4178 animadversum
651 4135 698 4178 est.
