2822 4648
293 279 351 330 aru.
371 279 444 330 v111.
760 285 816 342 168

258 475 359 524 serat
385 467 531 524 Romam
560 476 782 542 compertum
822 468 972 542 (barbare;
1004 487 1099 544 neque
1125 468 1199 526 euim
1222 487 1318 527 eorn-

258 583 397 647 pertum
420 572 564 630 mittere
585 569 719 642 dicitrir);
747 571 941 632 Cornelius
969 575 1149 632 delectum
1170 583 1243 647 cet,
1265 577 1320 632 ad-

259 678 318 736 dito
340 678 470 748 nomine,
497 678 577 735 cuius
599 697 635 736 ne
657 679 806 738 minimum
836 680 952 755 quidem
979 680 1132 756 vestigium
1154 680 1184 738 in
1205 680 1320 739 codici-

258 786 312 842 bus
334 795 391 854 est;
413 785 463 842 alii
484 793 595 842 autem:
625 785 791 855 miseram
824 783 1019 844 Cornelius
1052 785 1231 844 delectum
1253 797 1320 858 eet,

259 891 394 948 detractis
415 909 470 967 pro
492 889 619 948 Cornelii
640 890 756 948 nomine
778 891 890 949 duabus
911 892 1046 963 vocibus,
1074 911 1139 966 qnae
1173 893 1236 950 sine
1258 894 1320 951 nlla

259 997 399 1054 varietate
424 996 640 1072 perscribuntur
672 998 702 1054 in
724 997 857 1056 omnibus
888 998 1043 1056 codicibus.
1132 998 1190 1058 Sed
1224 1001 1321 1057 maior

259 1103 288 1160 in
309 1104 365 1160 hoc
386 1103 481 1178 eapite
512 1119 559 1159 res
598 1104 853 1161 commemoranda
874 1114 932 1176 est,
967 1123 1055 1179 quam
1082 1105 1209 1162 breviter
1229 1105 1320 1181 signi·

259 1209 344 1266 ficari
366 1209 395 1266 in
419 1208 570 1284 prooemio
591 1227 620 1284 p.
643 1210 682 1266 26
705 1209 744 1266 in.
801 1210 879 1268 Nam
903 1215 917 1280 ξ
940 1213 974 1268 li>
997 1230 1013 1268 e
1036 1211 1131 1268 medio
1155 1210 1319 1286 legatorum

258 1317 455 1374 Romanorum
479 1333 516 1371 ex
536 1315 608 1372 urbe
630 1315 783 1374 missorum
807 1334 872 1374 cum
885 1315 1062 1374 Samnitibus
1084 1316 1239 1392 colloquio,
1255 1317 1316 1386 ubi,

258 1421 354 1497 posito
376 1423 575 1480 Romanorum
596 1421 634 1478 ad
657 1421 830 1482 Samnitium
851 1423 1089 1498 provocationem
1104 1441 1254 1498 responso,
1267 1442 1319 1480 cx-

259 1537 432 1603 spectamus,
453 1537 485 1585 ut
507 1527 640 1603 primurn,
667 1529 735 1603 quid
758 1529 862 1586 deinde
884 1527 991 1585 dictum
1014 1528 1115 1602 quisve
1141 1529 1206 1586 finis
1227 1529 1318 1587 collo·

259 1632 318 1708 quii
339 1632 434 1704 fuerit
456 1645 517 1691 tum
539 1635 644 1692 bellurn
665 1635 804 1693 indictum
830 1644 858 1692 et
870 1634 932 1710 geri
944 1644 1078 1710 coeptum
1091 1643 1231 1704 narretur,
1249 1635 1319 1692 sub·

262 1738 302 1794 ito
324 1738 486 1796 mirabundi
509 1741 547 1797 ad
572 1741 729 1798 Publilium
752 1741 899 1798 consulem
914 1741 1132 1818 Palaepolitanis
1151 1741 1318 1815 oppositum

259 1853 288 1902 et
308 1863 369 1901 rem
390 1844 447 1901 iam
470 1847 507 1904 ab
529 1865 564 1902 eo
586 1855 697 1922 gestam
716 1845 923 1916 transferimur,
945 1849 1001 1904 hoc
1015 1845 1189 1904 narrationis
1201 1855 1319 1903 maore:

261 1950 392 2026 Legati
414 1952 655 2010 Romanorum
680 1971 784 2028 quum
806 1970 843 2010 se
864 1971 934 2010 non
955 1971 1024 2027 quo
1050 1951 1168 2009 hostis
1190 1969 1318 2009 vocas-

260 2067 322 2124 set,
344 2056 405 2112 sed
427 2075 497 2130 quo
519 2057 763 2134 imperatores
785 2058 844 2115 eui
866 2057 1068 2126 duxissent,
1089 2057 1210 2114 ituros
1234 2075 1319 2114 esse

259 2161 545 2236 respondissent,
568 2165 637 2222 iam
652 2164 841 2222 Publilius
856 2162 1319 2238 interPalaepolimNeapo·

259 2267 393 2343 limque
426 2269 508 2328 loco
541 2281 750 2346 opportuno
783 2279 890 2346 capto
922 2269 1123 2326 diremerat
1151 2269 1322 2327 hostibus

259 2375 473 2433 societatem
496 2371 636 2433 auxilii
657 2376 779 2435 mutui.
831 2374 909 2449 Quid
935 2383 1032 2450 potest
1055 2368 1323 2450 perversius'cogi-

259 2481 315 2538 tari
338 2501 436 2556 quam,
457 2501 516 2540 nou
548 2501 606 2557 quo
630 2492 760 2558 tempore
792 2481 968 2556 colloquium
997 2480 1157 2556 legatorum
1188 2481 1322 2538 habiturn

259 2587 305 2658 sit,
327 2588 394 2645 alibi
418 2588 527 2663 aliquid
549 2589 608 2646 iam
632 2599 745 2664 geatam
768 2587 890 2656 narrari,
912 2587 963 2644 sed
987 2606 1044 2661 quo
1067 2596 1197 2662 tempore
1218 2587 1248 2644 in
1269 2587 1322 2643 illo

259 2694 403 2770 colloquio
436 2695 473 2752 ad
509 2695 636 2770 superba
657 2693 832 2753 Samnitium
870 2693 962 2751 verba
983 2693 1080 2751 statim
1101 2693 1179 2749 iacta
1199 2711 1322 2768 respou-

259 2800 367 2857 dissent
388 2801 497 2875 aliquid
519 2798 662 2858 Romani?
698 2800 835 2858 Senserat
855 2799 913 2856 hoo
933 2817 1055 2874 pravum
1077 2817 1141 2856 esse
1159 2807 1241 2855 vetus
1255 2800 1324 2873 qui-

260 2907 328 2963 dam
349 2907 450 2974 editor,
473 2906 523 2982 qui
545 2906 664 2982 primus,
690 2913 721 2962 ut
742 2923 837 2963 rerum
861 2925 921 2964 non
948 2905 1152 2964 cohaerentiurn
1174 2905 1322 2981 ineptissi-

261 3033 337 3070 mam
360 3012 572 3088 copulationem
595 3012 710 3070 tolleret
741 3021 770 3069 et
800 3013 886 3069 linem
914 3013 1040 3087 aliquem
1060 3010 1196 3085 colloquii
1218 3029 1323 3067 narra·

259 3117 331 3175 tiam
351 3119 526 3195 imponeret,
548 3119 589 3176 sic
609 3119 712 3194 locum
728 3118 913 3194 interpolavit
947 3119 1047 3194 (quam
1069 3116 1323 3193 interpolationem

259 3223 516 3283 Drakenborchius
548 3226 578 3283 in
607 3225 703 3282 multis
725 3233 854 3282 veterum
876 3223 1032 3282 editionum
1056 3242 1118 3281 esse
1140 3223 1241 3292 dicit),
1263 3241 1325 3280 non

260 3347 329 3387 sane
352 3329 499 3407 eleganter
521 3351 574 3389 neo
597 3351 662 3390 cum
677 3347 784 3405 magno
799 3328 911 3386 fructu:
934 3330 1324 3406 LegatiRomanorum

259 3439 329 3498 tum
350 3453 387 3493 se
411 3469 446 3480 -
469 3438 588 3495 ituros
610 3455 689 3494 esse
711 3435 988 3516 responderunt.
1037 3437 1111 3494 Iam
1134 3435 1324 3494 Publilius

260 3549 313 3599 cet.
356 3543 404 3600 Ex
426 3544 529 3601 ceteris
553 3543 712 3602 editoribus
735 3559 808 3598 unus
830 3539 1083 3598 Weissenboruius
1107 3541 1192 3598 valde
1218 3541 1324 3598 duram

260 3666 323 3705 esse
337 3649 511 3706 narrationis
528 3649 773 3708 continuationem
788 3647 949 3704 adnotavit.
982 3648 1078 3704 Nemo
1089 3649 1177 3723 igitur
1191 3648 1325 3704 animad-

259 3757 361 3828 vertit,
398 3756 532 3814 lacunam
563 3755 609 3813 hic
637 3773 701 3812 esse
729 3773 786 3811 non
809 3771 969 3830 paucorum
991 3754 1161 3822 verborum,
1183 3753 1235 3811 sed
1258 3772 1324 3828 qua

260 3863 396 3938 colloquii
417 3863 493 3922 illius
515 3862 599 3936 finiti,
623 3861 689 3919 belli
712 3859 889 3920 Samnitibus
912 3859 1028 3928 indicti,
1065 3859 1221 3935 Palaepolis
1242 3860 1325 3917 deni-

260 3988 316 4044 que
338 3968 463 4026 obsideri
483 3977 594 4044 coepta
609 3977 640 4026 et
661 3968 692 4024 in
714 3966 871 4043 periculum
887 3966 1018 4024 adducta
1040 3967 1235 4024 narrationem
1250 3967 1325 4022 hau·

259 4074 342 4145 serit;
378 4093 445 4131 nam
479 4092 502 4130 c.
526 4075 579 4143 22,
613 4075 630 4131 8
663 4073 804 4150 populum
838 4071 943 4131 ballum
967 4071 1185 4146 Palaepolitanis
1206 4071 1325 4130 iussisse
