2826 4650
758 221 796 278 2⁶

244 413 367 476 tantum,
389 423 453 480 quae
474 423 505 463 se
526 385 786 473 enimooticrebat,
803 403 973 460 Latinarum
994 409 1024 458 et
1043 411 1177 462 notarum
1199 421 1305 461 vocum

244 513 350 589 specie.
414 510 472 571 Sed
493 519 612 587 propter
632 509 712 566 illam
734 507 901 584 religionem
924 526 988 565 cum
1010 507 1182 584 antiquitate
1202 509 1305 566 archc-

245 627 345 695 typum
371 635 462 692 prope
489 615 672 692 contingente
699 614 881 673 coniunctam
910 633 1023 672 summa
1054 625 1098 672 est
1125 615 1210 673 huius
1238 615 1306 674 libri

245 724 419 794 auctoritas,
441 722 541 798 primae
562 721 670 779 scilicet
698 739 819 791 manus,
848 722 1021 796 ceterisque,
1052 721 1077 778 si
1098 739 1163 778 cum
1185 720 1306 797 singulis

245 837 446 905 comparatur,
469 825 649 904 preferenda
670 827 816 897 omnibue3
845 846 898 886 nec
918 846 986 885 raro
1007 827 1032 885 ie
1053 826 1132 884 solus
1154 827 1306 902 (quoniam

245 935 282 993 de
303 935 436 994 Rhenani
457 932 580 1009 tacetur)
603 942 654 990 aut
670 951 770 989 rerum
793 943 844 990 aut
863 934 926 990 ucri
946 933 1070 1008 vestigia
1090 933 1225 1008 proxima
1245 952 1306 992 scr-

245 1050 297 1100 rat
318 1049 369 1098 eut
388 1039 491 1098 saltent
512 1041 608 1098 mendi
630 1039 769 1116 originem
797 1039 936 1111 ostendit,
971 1039 1052 1097 cuius
1075 1040 1117 1096 rei
1141 1040 1306 1115 exemplum

212 1150 218 1159 ’
245 1163 333 1202 nuum
356 1153 385 1202 et
408 1145 544 1217 alterum,
574 1145 652 1221 quod
675 1145 806 1202 celeriter
827 1147 964 1220 quaerenti
984 1147 1158 1214 occurrerit,
1186 1164 1307 1221 ponam.

245 1252 281 1310 Iu
303 1270 338 1309 co
361 1251 435 1308 euim
459 1252 521 1310 solo
552 1253 581 1328 (e
608 1253 699 1323 notis,
725 1252 868 1309 Rhenano
889 1253 1014 1325 tecente)
1044 1251 1094 1322 ΙΙ,
1116 1253 1165 1321 24,
1187 1253 1204 1310 9
1227 1260 1307 1310 recte

244 1358 395 1417 scribitur:
424 1365 610 1432 metusque
632 1357 746 1416 omnia
769 1367 804 1415 et
824 1357 1042 1434 periculum,
1071 1375 1145 1414 cum
1167 1356 1202 1413 in
1224 1375 1308 1414 con·

246 1471 372 1541 spectu
402 1463 567 1522 consulis
589 1463 725 1539 singuli
749 1483 768 1521 a
796 1463 965 1539 pluribus
991 1463 1238 1524 violarentur,
1270 1462 1307 1518 in

245 1572 449 1630 creditores
472 1587 490 1626 a
512 1569 745 1628 debitoribus
766 1577 965 1640 verterant,
979 1569 1107 1640 excluso,
1121 1569 1199 1644 quod
1213 1587 1308 1644 prave

245 1686 313 1752 post
333 1675 537 1752 periculum
560 1676 689 1746 additur,
716 1675 919 1746 libertatis3
949 1694 1018 1732 nam
1041 1675 1159 1732 libertas
1182 1673 1307 1731 credito·

245 1801 308 1838 rum
332 1781 442 1838 nullum
465 1781 622 1856 periculum
645 1781 776 1852 subibat3
811 1782 853 1856 (in
875 1781 1009 1842 Rhenani
1031 1781 1131 1838 codice
1154 1781 1307 1837 liberta·

246 1887 292 1944 tis
313 1885 420 1957 finisse,
449 1886 524 1946 falso
547 1887 748 1946 Alschefskius
776 1887 888 1957 scribit3
923 1890 1080 1946 Rhenanus
1106 1888 1182 1944 hunc
1209 1886 1306 1944 locum

245 2011 303 2050 uon
325 1992 467 2069 attingit3)
494 1995 552 2064 III,
577 1997 625 2063 59,
650 1997 667 2052 3
690 1995 723 2051 Μ
744 2003 774 2051 et
794 1995 822 2052 R
842 1993 897 2050 soli
917 1995 1041 2071 primam
1063 1993 1159 2052 mendi
1180 1991 1307 2050 formam

245 2099 353 2156 habent
384 2099 518 2174 (placet
547 2108 581 2157 et
608 2119 698 2168 eum,
729 2100 876 2176 geminata
896 2109 1045 2176 postrema
1074 2099 1155 2158 verbi
1176 2099 1305 2175 syllaba;

246 2204 276 2262 in
303 2205 405 2262 ceteris
432 2215 466 2262 et
493 2206 700 2281 transpositum
730 2207 801 2278 est);
837 2206 905 2278 III,
935 2210 989 2278 64,
1019 2209 1036 2264 3
1070 2206 1218 2282 vestigium
1243 2205 1308 2264 reri

246 2327 320 2367 unus
342 2311 374 2368 M
396 2311 484 2369 habet
506 2309 725 2385 (factionis);
747 2313 803 2382 IV,
827 2315 876 2383 44,
902 2314 937 2371 42
961 2331 1062 2370 verum
1083 2322 1181 2370 servat
1201 2310 1307 2388 pusillo

247 2415 351 2473 mendo
377 2417 476 2473 addito
503 2415 593 2492 (cam
617 2436 668 2474 cm
691 2417 915 2493 ampliatam,
937 2417 1060 2494 syllaba,
1082 2437 1146 2494 quae
1160 2418 1205 2474 bis
1219 2415 1307 2473 scribi

247 2521 354 2594 debuit,
376 2536 420 2580 ter
441 2523 566 2598 scripta,
589 2543 626 2580 ex
648 2543 706 2598 quo
727 2524 756 2581 in
779 2523 843 2580 aliis
864 2523 973 2580 sactum
996 2521 1130 2580 ianuam
1153 2521 1307 2598 amplia-

246 2637 332 2698 tam;
362 2629 392 2686 iu
413 2631 439 2688 P
461 2648 536 2686 eam
560 2628 666 2686 excidit
687 2639 754 2686 ante
776 2631 859 2702 ατη),
888 2631 943 2700 IV,
967 2633 1015 2700 54,
1038 2633 1055 2688 8
1077 2630 1107 2688 in
1128 2647 1186 2686 uno
1209 2627 1242 2684 M
1263 2633 1308 2684 est

247 2735 327 2811 ipse
350 2753 523 2810 agerque,
545 2754 582 2792 ex
604 2752 661 2809 quo
683 2730 887 2792 Alschefskius
909 2745 987 2793 recte
1008 2733 1077 2793 fecit
1097 2753 1183 2810 urps
1205 2752 1307 2810 ager·

248 2859 328 2916 que,
363 2841 393 2898 in
415 2840 517 2897 ceteris
546 2840 624 2915 ipse
647 2859 746 2915 ager,
782 2842 953 2916 pronomine
974 2859 1093 2918 prorsus
1115 2840 1235 2908 vitioso;
1267 2839 1308 2908 V,

249 2949 297 3016 46,
322 2949 338 3003 5
361 2945 439 3003 solus
462 2945 595 3002 exnutis
620 2946 830 3003 verumhebet
869 2945 1030 3022 (corpori
1050 2947 1191 3016 valido,
1228 2947 1302 3004 PHI

248 3051 288 3108 Ll
317 3050 435 3122 Klock.,
457 3051 556 3108 Lov.l
579 3051 715 3108 mendose
741 3053 887 3128 corpori
908 3053 1090 3121 valitudo,
1112 3053 1199 3110 ceteri
1220 3053 1308 3109 inter-

246 3156 346 3232 polate
367 3157 515 3232 corpori
535 3157 822 3230 valetudinario,
844 3159 978 3216 adiectivi
999 3157 1103 3230 forme,
1126 3177 1190 3234 quae
1211 3158 1308 3233 requi·

247 3263 381 3334 rebatur,
403 3261 521 3333 effecta,
543 3263 685 3322 sententia
705 3261 811 3339 nulle),
845 3264 924 3335 VII,
951 3269 985 3334 l,
1008 3267 1026 3323 8
1048 3284 1118 3322 vero
1142 3265 1307 3340 proximum

248 3377 326 3428 tenet
359 3369 532 3446 (quamui3
561 3369 607 3426 Hl
631 3371 673 3428 Ll
707 3369 756 3426 alii
783 3389 887 3445 quam
914 3389 1016 3427 nemo
1045 3370 1110 3440 sic,
1143 3371 1307 3445 Pquam,

248 3475 362 3534 sublato
391 3475 453 3532 veri
482 3472 631 3550 vestigio),
668 3476 734 3547 IX,
764 3479 819 3546 30,
850 3479 867 3534 3
901 3475 1024 3551 primam
1052 3475 1149 3532 mendi
1170 3474 1307 3544 formam,

249 3579 469 3654 (duosferia,
500 3599 518 3636 a
540 3599 627 3638 manu
648 3601 711 3657 pn,
743 3583 829 3640 ceteri
852 3579 1023 3656 interpolate
1052 3579 1123 3638 duo
1144 3581 1308 3657 imperia,

247 3687 327 3762 quod
348 3687 378 3744 in
400 3687 432 3743 M
448 3685 577 3744 secunde
598 3705 700 3743 manus
721 3687 877 3763 ascripsit),
899 3687 940 3758 X,
964 3689 1013 3758 45,
1033 3687 1067 3743 12
1090 3686 1185 3762 ipsum
1206 3706 1308 3746 verum

249 3795 324 3868 (nec
345 3792 487 3852 obsidio
509 3792 571 3849 sed
592 3792 733 3864 bellum,
755 3793 842 3850 ceteri
864 3793 967 3850 vitiose
988 3812 1053 3850 nec
1075 3794 1221 3852 obsidio
1243 3813 1309 3851 uec

247 3896 408 3974 bellum).
452 3897 560 3957 Omnia
589 3907 686 3956 temen
714 3897 800 3956 facile
827 3909 946 3974 superat
965 3899 1085 3970 meritc,
1118 3899 1196 3974 quod
1218 3899 1308 3969 VIII,

248 4005 298 4076 23,
313 4007 349 4061 40
365 4021 439 4061 unus
461 4003 596 4062 indicium
620 4003 689 4062 facit
708 4003 828 4074 lacunae,
848 4005 946 4062 verbis
966 4004 1012 4075 iis,
1033 4005 1138 4080 quibus
1160 4005 1188 4062 in
1206 4005 1309 4062 ceteris
