2810 4644
272 271 330 322 Lib.
349 271 435 322 XXX.
769 276 829 332 346

271 477 329 515 non
351 457 461 515 fefellit.
514 456 572 516 Sed
604 457 682 532 qnod
709 457 836 533 priorem
869 457 1011 533 apoduein
1038 476 1076 515 ex
1098 457 1318 533 precedentibus

271 563 331 640 peti
357 581 444 639 posse
466 571 563 639 putet,
592 562 622 619 id
649 561 678 618 in
700 563 756 620 hac
779 563 918 620 orationis
939 562 1035 621 tonna
1056 563 1135 638 (post
1154 562 1317 639 proinde)

271 680 301 727 et
332 669 532 728 condicionum
564 667 753 726 disiunctione
786 669 848 726 lieri
878 669 990 744 neqnit;
1024 687 1061 726 ne
1090 669 1167 744 apud
1205 668 1319 727 Grecos

272 775 386 851 quidem
407 774 438 832 in
456 773 607 832 referendo
623 773 741 848 oblique
762 773 894 830 oratione
909 791 944 831 aa
959 773 1065 850 ellipsis
1079 773 1175 832 locum
1196 774 1321 842 haberet,

272 889 409 956 quapost
422 880 453 940 sl
473 874 538 958 μέν
560 878 733 936 audiendum
755 877 926 954 relinquitur
947 867 986 941 sti
1007 872 1073 962 ἔχει
1096 880 1226 937 simileve
1247 879 1322 954 quid,

270 994 408 1060 sequente
430 983 460 1045 el
482 979 525 1045 δέ.
578 984 685 1058 Itaque
712 993 821 1040 certum
853 1003 917 1042 esse
937 997 1018 1063 puto,
1046 995 1114 1063 post
1141 984 1323 1042 sententia

270 1090 410 1148 excidisse
440 1089 548 1165 aliquid
582 1091 673 1163 (velut
704 1109 779 1147 eam
800 1093 998 1166 promeret)
1033 1110 1156 1166 eamque
1189 1091 1322 1150 lacunam

269 1198 426 1254 notandam
449 1214 521 1254 esse.

352 1301 424 1378 Cap.
449 1306 477 1374 6,
500 1306 516 1360 5
542 1302 590 1374 (de
610 1301 743 1361 incendio
762 1311 922 1360 cestrorum
938 1301 1140 1372 Punicorum):
1162 1301 1323 1377 ignibus·

270 1427 337 1484 que
357 1409 392 1466 in
412 1409 580 1484 proxima
602 1417 701 1464 tecta
728 1409 909 1467 coniectis
940 1406 1062 1465 effusa
1088 1406 1235 1464 flamma
1255 1406 1323 1481 pri·
1379 1393 1380 1434 t

268 1533 322 1572 mo
344 1514 445 1572 velut
465 1531 597 1589 sparsa
616 1511 787 1588 pluribus
809 1514 902 1572 locis
922 1511 1079 1584 reluxit,
1111 1512 1243 1569 deinde
1263 1531 1325 1588 per

268 1620 443 1678 continue
491 1635 641 1693 serpens
684 1638 754 1678 uno
798 1629 948 1696 repente
997 1617 1116 1675 omnia
1154 1617 1323 1674 incendio

267 1723 397 1782 hausit.
444 1722 607 1782 Obscurum
629 1734 690 1794 est,
721 1744 779 1800 quo
801 1727 944 1802 pertineat
964 1724 1033 1782 illud
1054 1724 1163 1792 velut,
1186 1723 1322 1797 quoniam

267 1847 326 1886 non
348 1829 544 1905 comparando
556 1828 607 1885 sed
618 1848 737 1904 prorsus
759 1832 797 1890 ed
818 1832 970 1889 veritatem
992 1848 1095 1906 sparsa
1114 1829 1235 1886 flemma
1256 1828 1322 1884 dici·

266 1945 321 2004 tur,
341 1952 404 2008 quta
424 1933 555 2010 pluribus
576 1933 648 1992 locis
673 1936 790 1997 relucet.
840 1941 960 2012 Augent
988 1935 1179 2011 suspicionem
1211 1933 1322 1991 codices

266 2041 337 2114 (PM
359 2038 444 2097 Ceut
467 2039 603 2116 aliique),
632 2042 680 2116 qui
710 2059 842 2117 sparso
864 2042 981 2112 babent,
1012 2041 1050 2098 nd
1071 2040 1149 2115 quod
1171 2039 1268 2097 audiri
1288 2056 1322 2094 ex

266 2144 400 2222 proxima
421 2147 562 2204 sententia
582 2147 751 2205 incendio
774 2143 868 2224 (quod
895 2147 1047 2206 Gronovio
1068 2145 1205 2222 placuit),
1232 2163 1322 2220 neque

267 2252 406 2309 sermonis
428 2261 534 2310 natura
554 2253 662 2328 petitur
683 2263 712 2310 et
734 2253 823 2312 nihilo
850 2252 946 2329 aptius
967 2253 1021 2310 erit
1042 2251 1151 2310 velut
1206 2250 1322 2310 Excidit

267 2357 478 2416 substantivum
502 2360 595 2416 neutri
613 2360 743 2434 generis3
763 2359 863 2417 Livius
875 2359 1025 2435 scripsisse
1047 2358 1175 2416 videtur:
1199 2357 1321 2433 primo,

267 2463 367 2520 velut
394 2481 524 2539 sparso
550 2465 701 2533 semine,
728 2464 898 2540 pluribus
927 2464 1020 2522 locis
1048 2464 1196 2524 reluxit.
1247 2463 1322 2536 (lloc

266 2569 330 2645 ipso
352 2569 447 2644 capite
467 2572 515 2639 §3
538 2587 606 2645 pro:
630 2569 760 2644 quibus
781 2569 874 2626 nihil
894 2570 1028 2628 hostile
1049 2572 1124 2628 Pet
1145 2568 1193 2625 elii
1214 2569 1322 2626 habent

266 2682 391 2731 tanturn:
413 2675 545 2749 quibus
567 2675 726 2751 hostile).
780 2676 946 2750 Sequuntur
975 2677 1037 2733 haec
1058 2680 1090 2744 (ξ
1117 2678 1163 2744 6):
1192 2675 1321 2731 Ambu-

266 2779 313 2836 sti
334 2779 500 2836 homines
521 2780 759 2856 iumentaque
780 2781 889 2840 foeda
908 2779 1169 2858 primumiuga,
1191 2778 1321 2836 deinde

266 2893 389 2959 strage
411 2885 614 2943 obruebant
636 2887 772 2945 itinere
799 2895 997 2963 portarum.
1050 2885 1240 2955 Obruuntur,
1260 2901 1322 2959 qun

267 2997 382 3047 exstare
403 2990 588 3066 conspicique
609 2993 728 3060 debent3
750 2991 854 3049 itinero
875 2992 986 3068 viaque
1007 3011 1065 3050 non
1081 2993 1251 3063 obruuntur,
1273 2989 1321 3048 sed

266 3095 451 3165 clauduntur,
493 3097 668 3172 sapiuntur,
700 3097 901 3166 obstruuntur;
942 3099 1123 3156 scribendum
1159 3097 1320 3154 obstrue·

265 3203 360 3260 bant

349 3307 422 3385 Cep.
444 3310 472 3378 8,
496 3309 528 3366 6:
565 3305 713 3383 Syphax
744 3318 779 3364 et
807 3307 1020 3367 Hasdrubal
1050 3306 1152 3376 (eciem
1182 3307 1319 3364 adversus

265 3413 430 3490 Scipionem
456 3411 661 3488 instruentes),
704 3413 910 3471 Numidicis
941 3414 1119 3471 adversus
1148 3411 1319 3470 Italicum

265 3518 482 3593 equitatum,
520 3517 881 3594 Carthaginiensium
917 3517 1318 3576 contraMassinissam

266 3621 415 3694 locetis,
442 3621 653 3682 Celtiberos
675 3623 826 3681 mediam
848 3624 959 3681 aciem
983 3623 1018 3680 in
1040 3623 1197 3681 adversa
1218 3624 1319 3699 signa

264 3729 444 3804 legionum
468 3748 651 3806 accepere.
703 3729 808 3804 Neque
834 3729 1039 3787 Numidicis
1069 3747 1122 3805 pro
1153 3729 1317 3788 Numidis

264 3833 334 3892 ierri
355 3844 452 3911 potest
481 3835 651 3912 (presertim
680 3855 739 3894 non
766 3833 865 3892 addito
897 3833 1097 3910 equitibus,
1130 3834 1184 3892 etsi
1212 3833 1258 3892 vel
1278 3834 1318 3890 sic

264 3959 383 4016 prorsus
404 3941 539 3998 inusitate
561 3941 718 4010 diceretur)
741 3959 835 4016 neque
855 3939 893 3996 ad
915 3941 1071 4017 genitivum
1089 3937 1316 4016 Carthagini·

265 4045 403 4119 ensium
425 4045 519 4102 audiri
548 4045 607 4104 ullo
635 4045 724 4104 modo
753 4055 849 4122 potest
875 4046 1041 4121 equit-atu
1064 4065 1100 4104 ex
1122 4045 1179 4104 alio
1201 4063 1267 4104 casu
1288 4043 1315 4098 in
