2810 4644
568 315 627 371 357
929 312 987 364 Lib.
1006 314 1096 365 XXX.

152 493 225 572 Cap.
251 497 299 567 ³6,
323 495 340 553 8
366 495 506 554 eiusmodi
530 495 664 554 mendum
686 497 901 573 coarguendum
925 511 982 570 est,
1010 501 1040 558 in
1063 521 1131 576 quo,

62 601 121 658 etsi
142 599 383 658 manifestissimis
405 600 517 660 indiciis
538 603 727 674 convincitur,
758 611 855 661 tamen
878 605 983 662 multos
1006 606 1130 666 difficul-

64 717 111 764 ter
132 708 219 764 tidem
241 707 413 783 praebituros
434 709 619 784 praevideam,
651 710 729 784 quod
751 729 870 785 prorsus
893 711 1069 786 singularem
1092 713 1130 770 ad

64 813 218 870 veritatem
237 813 409 870 imitandam
426 815 550 890 speciem
571 833 655 873 casus
672 813 774 874 effecit.
811 817 890 874 Nam
918 818 959 874 sic
980 819 1130 876 scribitur:

63 919 156 976 Inde
189 918 240 994 (ab
270 916 375 996 Utica)
404 921 688 996 procedentibus
716 922 760 979 ad
780 923 954 982 Tunetem
987 924 1132 1001 (Scipioni

63 1035 95 1082 et
119 1025 255 1094 Octavio)
278 1027 428 1084 nuntius
451 1027 587 1084 allatus
609 1039 680 1099 est,
702 1028 924 1100 Verminam,
949 1030 1130 1108 Syphacis

65 1131 206 1202 iillum,
228 1149 303 1188 cum
326 1133 517 1207 equitibus
538 1133 707 1209 pluribus
731 1155 833 1210 quam
860 1135 1053 1212 peditibus
1075 1157 1131 1196 ve-

65 1237 157 1294 nire.
200 1238 295 1295 Pars
317 1239 504 1297 exercitus
526 1257 601 1296 cum
623 1240 718 1296 omni
743 1241 909 1315 equitatu
927 1242 1131 1302 Saturnali-

66 1343 131 1400 bus
153 1343 280 1419 primis
310 1363 434 1420 agmen
456 1343 633 1421 adgressa
654 1345 887 1404 Numidarum
921 1347 994 1406 levi
1016 1360 1130 1407 certa·

66 1449 283 1512 mineludit.
337 1451 450 1509 Exitu
478 1469 618 1527 quoque
651 1451 743 1528 fugas
766 1453 987 1525 intercluso,
1019 1465 1130 1530 parte

66 1558 163 1615 omni
198 1557 436 1616 circumdatis
470 1559 673 1632 equitibus,
714 1558 783 1615 XV
813 1559 913 1616 milia
948 1561 1130 1618 hominum

63 1681 173 1734 caesa,
195 1674 249 1720 cet.
281 1663 445 1721 Permirum
461 1681 496 1720 ac
513 1665 609 1740 potius
618 1664 785 1722 incredibile
800 1664 913 1734 accidit,
936 1665 1061 1736 Livium,
1080 1665 1130 1740 qui

64 1789 172 1844 neque,
193 1789 251 1844 quo
274 1769 320 1826 die
342 1770 380 1826 ad
397 1770 600 1828 Trasimenum
623 1780 674 1827 aut
696 1771 734 1827 ad
746 1769 863 1829 Cannas
874 1779 1034 1847 pugnatum
1046 1779 1131 1840 esset,

64 1875 251 1932 indicandum
273 1875 383 1950 putarit
405 1877 453 1946 (ne
473 1875 585 1952 proelia
610 1877 648 1933 ad
661 1875 795 1933 Ticinum
818 1885 869 1933 aut
884 1876 1024 1934 Trebiam
1050 1895 1130 1934 com·

65 1983 248 2054 memorem),
270 1999 373 2055 neque,
395 1999 453 2056 quo
476 1981 524 2038 die
545 1982 575 2038 in
596 1982 652 2038 bac
672 1981 738 2057 ipsa
749 1981 854 2040 Africa
875 1982 913 2038 ad
934 1983 1056 2040 Zamam
1079 1984 1132 2040 de·

63 2087 216 2157 bellatum,
238 2085 356 2145 scivisse
378 2095 408 2144 et
428 2087 627 2144 adnotandum
647 2085 830 2156 iudicavisse,
852 2107 910 2163 quo
925 2089 971 2145 die
985 2089 1014 2145 in
1029 2089 1131 2146 itinere

61 2205 93 2250 et
118 2193 229 2268 proelio
251 2191 370 2251 lortuito
393 2193 550 2264 Vermina,
581 2213 645 2269 quae
677 2193 805 2251 accessio
828 2193 896 2251 belli
920 2193 975 2251 luit
1006 2197 1043 2266 (c.
1069 2199 1130 2268 40),

63 2300 162 2356 victus
184 2311 268 2370 esset,
291 2318 378 2374 quum
400 2299 560 2376 prasertim
582 2301 674 2376 patris
698 2299 839 2375 Syphacis
870 2317 928 2356 non
961 2299 1044 2370 vieti,
1079 2301 1130 2358 aad

61 2406 147 2481 capti
168 2405 244 2463 diem
265 2425 324 2463 non
338 2405 518 2476 indicaverit,
541 2406 622 2463 cuius
638 2406 810 2464 memoriam
826 2405 1003 2481 superfuisse
1024 2405 1131 2462 scimus

61 2509 121 2586 (ex
143 2509 241 2568 Ovidii
264 2511 344 2569 Fastr
369 2512 424 2580 VI,
447 2513 533 2584 769).
581 2515 680 2588 Auget
707 2531 766 2568 non
787 2511 889 2568 leviter
910 2510 1131 2568 admirationem

63 2617 110 2675 rei
131 2617 161 2673 in
184 2615 288 2675 Africa
316 2625 404 2692 gestas
425 2617 537 2674 notatio
559 2637 597 2675 ex
618 2617 665 2674 die
686 2617 761 2674 festo
790 2617 911 2674 urbano.
961 2616 1019 2676 Sed
1052 2616 1130 2692 quod

61 2733 158 2798 caput
178 2731 231 2792 est,
254 2741 311 2780 non
333 2722 428 2798 potuit
449 2733 500 2780 aut
522 2723 623 2780 Livius
653 2733 704 2780 aut
735 2723 886 2797 quisquam
918 2743 995 2780 sanas
1028 2723 1132 2782 mentis

60 2827 193 2904 scriptor
214 2828 271 2884 diei
299 2830 478 2887 notationem
510 2847 545 2887 eo
577 2829 652 2896 loco,
686 2847 744 2903 quo
765 2828 863 2903 posita
884 2837 1011 2904 putatur,
1044 2830 1131 2888 inter·

62 2935 155 2992 iiccre
183 2933 213 2991 in
234 2933 330 2991 media
361 2953 466 3010 pugnas
500 2935 692 3010 descriptione
724 2934 799 2991 inter
830 2934 994 3009 copiarum,
1028 2937 1132 3010 quibus

62 3051 227 3118 pugnatum
250 3049 312 3107 est,
344 3039 568 3115 appellationem
597 3039 695 3115 (pars
723 3039 909 3097 exercitus
937 3043 1132 3100 cumomni

63 3145 246 3222 equitatu)
269 3155 298 3202 et
313 3145 497 3221 participium
513 3164 577 3203 cum
601 3145 840 3216 caconiunotum,
862 3148 947 3222 quasi
972 3149 1131 3206 notandum

63 3253 164 3322 luerit,
186 3271 245 3309 non
265 3269 323 3327 quo
348 3251 395 3308 die
415 3261 478 3309 tota
500 3271 546 3310 res
569 3263 646 3322 acta,
676 3251 728 3308 sed
751 3271 809 3326 quo
831 3251 967 3328 dispare
990 3252 1132 3310 exercitus

65 3377 173 3436 agmen
195 3358 388 3417 Numidarum
411 3376 550 3434 aggressa
572 3369 657 3420 esset.
715 3361 778 3415 Aut
799 3367 865 3414 ante
893 3367 1006 3432 tempus
1028 3365 1131 3414 notan·

62 3467 137 3522 dum
160 3475 223 3522 erat
255 3462 365 3542 (Inde
388 3463 516 3539 primis
546 3463 812 3524 Saturnalibus
842 3463 1132 3539 procedentibus

63 3577 136 3644 eet.)
159 3582 210 3626 aut
239 3580 343 3646 postea
369 3587 499 3626 seorsum
528 3571 589 3628 eius
611 3571 718 3628 mentio
747 3569 890 3628 addenda.
942 3569 1047 3644 Itaque
1072 3569 1132 3628 Sa·

64 3675 235 3733 turnalia
255 3675 305 3732 illa
326 3676 441 3751 prima
463 3675 646 3734 manifestum
675 3685 719 3732 est
741 3685 806 3732 orta
828 3692 891 3732 esse
913 3685 942 3732 et
970 3675 1133 3750 composita

67 3799 106 3838 ex
128 3780 230 3839 dracas
254 3781 382 3857 reliquiis
404 3781 527 3839 aliorum
547 3783 703 3839 verborum
735 3781 993 3855 (quemadmodum
1016 3781 1080 3838 illas
1102 3782 1132 3838 in

66 3885 144 3944 libro
165 3887 273 3956 XXII,
300 3891 345 3957 16,
380 3891 397 3944 t
428 3885 587 3946 fortuna
618 3881 759 3962 minas).
818 3885 895 3960 Quid
917 3887 1019 3944 Livius
1041 3887 1132 3963 scrip·

62 3991 148 4062 serit,
169 3991 332 4050 subindicat
352 3993 421 4051 illud
442 4011 525 4070 pars
549 3993 750 4064 exercitus,
779 4011 871 4069 prope
902 3993 977 4051 cuim
999 4011 1133 4050 necessa-

66 4098 114 4155 rio
136 4097 356 4174 significandum
378 4108 449 4170 erat,
472 4099 540 4174 quid
562 4099 690 4175 reliquus
706 4099 851 4157 exercitus
866 4097 991 4160 iecisset.
1035 4097 1134 4176 Scrip-
