2820 4646
252 235 310 285 Lib.
322 233 408 289 nv.
757 237 817 296 598

252 416 352 493 populi
373 417 500 477 Romani
526 436 632 475 nomen
664 417 779 476 dnobus
803 418 936 477 versibus
967 427 1034 475 ente
1064 419 1194 476 edditnm
1217 421 1316 496 putide

252 523 401 599 repetitur.
447 521 522 596 (cu.
545 523 708 581 demendo
730 539 754 580 c
778 525 827 592 39,
850 524 912 590 11.)

337 625 410 702 Cep.
426 629 473 697 16,
496 631 528 684 'le
551 627 650 696 Inde,
675 627 771 702 qnod
793 629 835 684 ad
857 628 1031 685 bonorem
1054 627 1155 684 deum
1176 627 1317 686 immor·
1388 631 1389 704 l

252 731 379 789 talium
399 731 621 807 pertineret,
653 732 818 790 decrerit
847 742 1009 804 senatus,
1033 743 1071 792 ut
1102 778 1132 793 ..
1159 734 1256 791 dona
1282 779 1310 794 ..

251 845 429 913 praetores
460 846 634 895 curarent
665 838 791 897 dende.
846 839 945 896 Etiam
982 857 1047 914 qum
1078 839 1212 914 proxime
1250 852 1317 896 ante

252 941 587 1010 commemorantum
611 941 732 1000 deorum
753 943 894 1000 honorum
916 943 1068 1019 peutiuent,
1092 945 1267 1020 supplicatio
1289 957 1319 1002 et
1388 931 1389 958 ¹

252 1045 446 1103 sacrificatum
470 1045 629 1104 maioribus
650 1047 762 1105 hostiis.
812 1046 884 1106 Cod.
915 1049 1008 1106 idern
1035 1067 1089 1124 pro
1115 1049 1215 1119 inde;
1247 1052 1317 1106 scri-

252 1151 392 1209 bendum:
415 1151 505 1208 Item
528 1152 621 1226 quod
644 1152 688 1208 ed
709 1153 789 1214 hon.
814 1163 883 1223 eet,
915 1153 972 1211 hoe
993 1161 1046 1222 est,
1075 1153 1197 1210 altarum
1228 1153 1316 1212 etiem

252 1255 399 1314 decretum
421 1265 538 1314 senatus
561 1255 639 1328 fecit,
662 1257 741 1332 quod
762 1257 800 1314 ed
821 1259 888 1317 hon.
911 1258 940 1316 d.
963 1257 1127 1333 pertineret.

336 1359 409 1436 Cep.
436 1364 482 1430 17,
505 1362 523 1417 2
547 1361 609 1433 (ubi
631 1361 727 1436 agitur
752 1363 789 1420 de
811 1364 843 1420 X
865 1361 969 1438 legatis
989 1362 1020 1418 in
1040 1362 1255 1433 Macedoniarn,
1285 1363 1316 1420 V

251 1467 280 1522 in
302 1465 450 1542 Illyricum
472 1465 568 1522 missis
590 1465 628 1522 ad
657 1484 705 1523 res
726 1463 919 1544 ordinandas)
949 1465 980 1522 in
1010 1465 1085 1522 mire
1121 1467 1179 1524 hec
1208 1467 1316 1526 codicis
1388 1461 1389 1472 ἶ

252 1569 410 1646 scriptura:
432 1571 473 1627 Iu
498 1569 751 1628 Macedoniarn
774 1570 909 1646 culpmi
938 1569 970 1652 (p
990 1571 1087 1628 littera
1111 1571 1234 1629 delenda
1254 1573 1315 1647 sig·
1388 1557 1389 1572 ἶ

252 1673 398 1746 uiflcetur)
421 1674 612 1745 nominati,
641 1677 680 1733 A.
705 1675 922 1734 Postumius
955 1677 1076 1734 Lucus
1104 1675 1151 1746 (id
1175 1685 1228 1746 est,
1251 1676 1315 1733 Lu·

251 1781 345 1851 scus)
369 1787 432 1849 cet,
454 1777 524 1854 quid
546 1778 622 1837 effici
636 1780 750 1850 debeat,
772 1799 831 1838 non
853 1799 908 1856 ego
923 1781 1017 1856 magis
1030 1781 1092 1839 scio
1114 1799 1203 1854 quam
1217 1782 1314 1839 ceteri.

250 1883 330 1941 Nem
353 1885 431 1958 quod
452 1884 482 1941 in
504 1893 628 1942 mentem
656 1884 742 1942 facile
772 1885 870 1942 veniet
893 1887 949 1960 (na
970 1895 1038 1943 ante
1059 1903 1102 1941 no
1124 1885 1253 1958 addito):
1273 1886 1315 1942 In

251 1987 508 2046 Macedoniam
537 1988 697 2046 culmine
729 1990 911 2047 nominati
937 1993 976 2048 A.
1008 1990 1221 2048 Postumius
1250 1991 1314 2048 Lu·

250 2109 350 2162 eous,
373 2091 406 2152 C.
429 2091 622 2163 Claudius,
645 2094 748 2152 embo
771 2094 950 2164 censorii,
972 2093 1006 2152 C.
1022 2094 1189 2152 Licinius
1209 2092 1315 2152 Cres-

248 2215 325 2267 sus,
350 2197 495 2274 collega
518 2198 553 2254 in
577 2197 774 2256 consulatu
796 2197 917 2269 Pauli,
1049 2199 1115 2256 llis
1148 2201 1316 2256 cousula-

248 2303 350 2360 ribue
383 2303 559 2361 addidere
593 2311 659 2374 cet,
693 2313 724 2362 ut
753 2303 939 2380 significetur,
971 2303 1025 2360 bos
1057 2311 1115 2360 tres
1147 2302 1316 2359 consulares

249 2408 334 2481 quasi
355 2408 453 2483 capite
473 2407 628 2484 legationis
652 2415 681 2464 et
706 2407 888 2482 splendorem
917 2405 1023 2478 fuisse,
1055 2426 1114 2465 uon
1144 2407 1216 2464 satie
1244 2425 1313 2464 con·

248 2513 381 2570 firmetur
405 2532 458 2570 usu
480 2513 626 2588 loquendi.
669 2511 799 2569 Facilius
814 2519 945 2568 extrem
967 2512 1062 2587 capite
1085 2517 1117 2582 (ς
1135 2517 1166 2581 7)
1188 2511 1314 2587 expoliri

248 2625 346 2692 potest
367 2617 488 2695 Grynei
510 2616 688 2686 emendatio;
712 2635 779 2674 nem
802 2615 881 2690 quod
902 2616 927 2673 is
949 2635 986 2673 ex
1007 2618 1063 2674 bac
1084 2617 1191 2674 codicis
1221 2617 1313 2692 scrip·
1388 2643 1389 2682 t

248 2729 327 2783 turn:
360 2731 480 2780 temen
502 2721 537 2777 in
558 2729 690 2778 senatu
713 2737 860 2795 quoque
887 2721 1046 2796 agitalte
1069 2729 1152 2779 sunt
1175 2739 1316 2778 summa
1388 2717 1389 2720 ’

248 2824 491 2883 consiliorum
533 2823 641 2882 effecit:
665 2835 786 2882 temen
907 2827 1053 2901 agitata
1088 2837 1145 2884 est
1176 2844 1315 2883 summa
1388 2863 1389 2868 κ

248 2929 505 3002 consiliorum,
533 2930 629 3006 potuit
659 2938 688 2988 et
709 2929 808 2987 debuit
838 2929 945 2989 codicis
967 2930 1091 3006 vestigia
1119 2931 1208 3006 paulo
1231 2951 1314 3008 pres·
1388 2919 1389 2944 ³

248 3030 548 3107 siussequi:tamen
564 3076 614 3096 ...
635 3035 786 3110 agitatae
805 3045 888 3092 sunt
902 3053 1041 3092 summes
1061 3036 1315 3093 consiliorum.

248 3134 375 3194 Pluralis
406 3155 543 3195 numerus
574 3139 646 3196 eatis
668 3141 804 3197 convenit
834 3139 1008 3197 multitudini
1028 3159 1124 3198 rerum
1146 3140 1177 3196 in
1198 3140 1315 3197 duabus

247 3239 405 3314 provinciis
427 3241 664 3302 ordinandarum.

331 3341 406 3422 Cep.
434 3348 527 3418 tue
563 3345 626 3421 (ubi
657 3347 813 3423 exponitur
841 3367 955 3407 summe
988 3348 1096 3406 decreti
1125 3357 1245 3406 senatus
1277 3349 1316 3404 de

248 3451 451 3525 componendo
487 3451 669 3508 Macedoniae
699 3453 803 3524 statu):
838 3453 988 3511 Metalli
1019 3472 1164 3530 quoqne
1196 3455 1315 3512 Mece—

245 3553 387 3626 tonici,
419 3555 514 3631 quod
546 3557 674 3632 ingens
704 3556 870 3631 vectigal
902 3567 998 3629 erat,
1030 3559 1316 3634 locutionesque

244 3658 465 3735 prediorum
487 3660 713 3718 rusticorum
735 3661 821 3719 tolli
841 3661 1025 3738 placebat.
1081 3665 1180 3722 Mendi
1201 3665 1316 3738 aliquid
1388 3649 1389 3690 t

245 3764 292 3821 hic
313 3763 441 3835 subesse,
473 3765 539 3842 ipse
560 3765 700 3824 orationis
729 3765 826 3824 forma
853 3767 924 3824 satis
946 3767 1089 3837 declarat;
1119 3767 1317 3842 nequeenim

245 3867 386 3924 metalli
407 3867 697 3943 locutionesque
725 3871 944 3946 praediorum
974 3891 1028 3948 pro
1058 3872 1197 3930 metalli
1226 3892 1317 3948 pree·
1388 3899 1389 3938 ς

244 3967 459 4042 dierumque
489 3970 745 4031 locationibus
775 3975 871 4032 dicere
902 3976 977 4036 licet.
1028 3977 1132 4050 ltaque
1152 3977 1251 4036 uoecio
1276 3997 1318 4035 an
