2826 4640
623 267 683 321 555
1008 263 1066 313 Lib.
1081 263 1184 314 xum.

118 445 173 502 les
194 444 318 504 lactus
339 463 410 503 nou
432 445 516 518 eris,
536 446 572 502 in
593 445 730 504 dilectu
758 444 948 522 prodibis?
994 447 1080 505 Prius
1101 466 1182 523 pro·

120 550 217 608 dibis
249 569 267 608 e
287 551 401 610 Dukeri
421 551 588 610 coniectura
605 561 754 627 receptum
764 549 997 609 arecentioribus
1018 560 1071 623 est,
1093 571 1182 628 quum

118 654 265 733 Grynaeus
286 656 443 733 prodito
465 655 610 717 edidisset.
654 656 713 716 Sed
735 657 829 714 minus
855 664 934 713 recte
960 655 1006 712 bis
1027 655 1183 716 defuturo

118 761 323 838 interrogatur.
367 760 510 822 Censores
531 761 562 818 iu
583 762 679 820 medio
701 762 807 821 dilectu
827 763 884 820 boc
904 762 1057 820 edixerunt
1063 780 1072 834 3
1094 763 1183 820 iusiu-

117 867 243 924 randum
264 878 368 944 postes
396 869 427 926 iu
461 886 548 926 censu
570 868 685 944 agendo
707 867 838 926 exacturi
859 875 958 936 erant;
987 867 1088 942 itaque
1120 877 1182 926 tum

118 989 151 1030 se
172 981 202 1029 st
222 973 260 1030 de
281 972 386 1032 dilectu
410 993 462 1046 eo,
491 975 541 1049 qui
568 993 645 1032 nunc
679 974 738 1031 iam
771 979 925 1048 ageretur,
951 973 1183 1032 obedivissentne

118 1077 197 1135 cives
219 1077 332 1148 edicto,
355 1087 384 1136 et
404 1079 441 1136 de
466 1079 520 1151 iis,
542 1081 591 1155 qui
612 1079 791 1156 postfuturi
814 1086 927 1148 essent,
952 1077 1183 1154 interrogaturos

117 1182 279 1241 edixerunt
323 1181 430 1242 Codex
447 1185 604 1261 proditi.
648 1185 838 1244 Scribendum
860 1183 961 1260 igitur:
987 1192 1101 1258 tuque

117 1287 160 1345 sd
187 1285 366 1346 dilectum
395 1289 562 1371 prsdlstl
598 1299 650 1359 et,
685 1289 983 1364 quotiescunque
1015 1288 1183 1347 dilectus

118 1392 200 1463 erit,
226 1433 279 1454 ...
313 1394 504 1470 prodibis?
569 1395 667 1454 Edicti
702 1401 799 1452 autern
835 1395 895 1452 vim
923 1402 953 1451 et
984 1393 1183 1453 iusiurandum

117 1507 197 1557 recte
219 1507 249 1555 et
270 1498 372 1556 ordina
392 1517 527 1558 censores
548 1519 602 1558 sno
623 1499 715 1557 lustro
737 1499 902 1570 terminant,
923 1517 960 1556 ne
982 1497 1108 1557 alienam
1129 1519 1182 1576 po·

117 1611 253 1662 testatem
275 1602 332 1661 sibi
353 1613 512 1663 assumant.
566 1607 657 1664 Recte
686 1603 775 1680 igitur
794 1605 904 1662 habent
923 1603 987 1661 illa:
1016 1622 1119 1677 quurn
1146 1605 1183 1662 hi

117 1725 291 1767 censores
313 1711 571 1786 magistratum
600 1709 800 1768 habebunt.
842 1709 911 1766 Iure
934 1718 1048 1779 autem,
1070 1709 1183 1785 opinor,

118 1815 256 1892 Sigonius
277 1814 313 1872 in
335 1815 598 1891 dilectum(cod.
618 1815 655 1872 in
678 1814 815 1872 dilectu
836 1813 1075 1890 prouidebie).
1111 1819 1139 1885 (ξ
1162 1817 1180 1872 2

116 1931 153 1980 et
174 1929 242 1978 sote
263 1919 426 1978 iuniores
446 1931 525 1978 recte
546 1913 716 1981 Gronovius
737 1918 801 1977 tolli
821 1918 953 1988 volebet;
974 1919 1005 1976 in
1026 1938 1070 1990 ea,
1094 1939 1181 1994 qnam

116 2025 289 2085 Perizonius
312 2024 388 2083 sitici
410 2025 537 2098 volebat,
557 2027 700 2085 sententia
724 2025 876 2083 dicendum
900 2035 975 2110 erat:
1002 2044 1043 2082 ne
1064 2026 1182 2083 iunio·

117 2151 176 2192 res
199 2131 354 2207 quidem.
405 2131 464 2191 Sed
485 2131 603 2188 omnino
624 2149 684 2188 non
705 2132 849 2207 agebatur
869 2141 946 2200 tum,
969 2132 999 2188 in
1020 2130 1182 2206 legionibus

116 2239 156 2296 ud
177 2237 284 2295 bellum
306 2213 528 2295 Macedonicum
550 2235 719 2305 scribendis,
740 2235 795 2292 nisi
818 2237 855 2293 de
867 2235 1036 2305 iunioribus,
1059 2235 1108 2310 qni
1119 2235 1183 2310 qui·

116 2342 184 2400 dem
206 2343 341 2400 Romane
362 2341 540 2412 dicebantur,
561 2359 615 2406 nec
637 2340 675 2398 sd
697 2341 771 2398 alios
792 2349 904 2416 spectat
925 2359 1076 2398 censorum
1098 2341 1183 2399 iuris-

117 2447 234 2506 iurandi
255 2447 392 2508 formula.
414 2452 428 2518 5
452 2451 469 2505 4
502 2445 708 2523 conscripti
728 2447 758 2503 in
780 2446 880 2504 codice
903 2463 962 2504 non
984 2453 1046 2516 cst3
1078 2447 1185 2504 sedet

119 2571 238 2629 quoque
258 2561 359 2610 netum
381 2553 486 2630 opinor
506 2573 544 2612 ex
566 2553 669 2612 ultima
699 2551 796 2610 littere
825 2551 908 2609 verbi
929 2551 1083 2622 scirent,
1111 2552 1182 2610 scri-

116 2659 305 2734 bendumque
325 2675 404 2715 esse:
425 2657 462 2715 id
483 2657 536 2716 ita
557 2668 596 2717 ut
617 2677 697 2717 esse
719 2657 858 2715 scirent
879 2659 1031 2732 patres.)

201 2762 276 2839 Cap.
302 2765 349 2832 16,
376 2765 426 2821 13:
461 2761 644 2822 Censores
666 2765 697 2836 (a
718 2763 753 2822 Ρ.
778 2761 888 2820 Rutilio
910 2771 946 2818 tr.
968 2763 1009 2838 pl.
1026 2762 1182 2838 perduelli·

116 2871 183 2930 onis
204 2867 346 2944 accusati)
372 2868 555 2944 extemplo
577 2869 613 2927 in
635 2867 988 2927 atriumLibcrtatis
1011 2869 1182 2928 escende-

115 2985 212 3048 runt,
234 2985 268 3034 et
288 2974 340 3033 ibi
363 2974 522 3050 signatis
543 2973 696 3032 tabellis
719 2973 882 3049 publicis
904 2974 1108 3050 clausoque
1129 2983 1181 3032 te·

114 3081 264 3141 bulario
291 3120 322 3142 ..
348 3091 530 3156 negarunt
553 3097 592 3137 sa
626 3123 655 3138 ..
692 3079 886 3156 quicquam
906 3081 1046 3157 publici
1074 3099 1181 3156 nago-

114 3188 160 3246 tii
189 3194 371 3264 gesturos.
422 3185 583 3262 Signare
612 3184 773 3243 tabellas
804 3185 896 3260 (velut
929 3189 1180 3257 testamentorum)

115 3313 216 3352 eornm
237 3293 368 3370 ipsorum
390 3300 451 3362 est,
489 3291 540 3366 qui
569 3291 703 3368 apposito
739 3291 823 3366 signo
856 3309 906 3348 eas
936 3292 1109 3348 confirmant
1130 3300 1182 3349 aut

115 3399 219 3457 saltem
244 3397 331 3456 fidem
352 3397 388 3454 iis
411 3396 577 3456 concilient.
625 3397 731 3472 Itaque
753 3403 800 3466 (nt
821 3397 953 3454 omittam
976 3395 1092 3454 tabulas
1114 3415 1180 3454 cen-

114 3504 210 3563 sorias
230 3522 326 3579 neque
346 3503 477 3580 signatas
497 3521 622 3580 usquam
643 3501 865 3560 commemorari
885 3520 979 3577 neque
999 3483 1105 3578 genere
1126 3520 1181 3560 sno

115 3608 273 3686 signandas
304 3606 395 3667 luisse
417 3609 536 3679 rideri),
557 3608 582 3666 si
603 3624 738 3666 censores
760 3625 810 3664 eas
832 3625 909 3665 nunc
939 3606 1121 3682 signassent,
1150 3607 1180 3664 id

115 3715 211 3790 ipsum
233 3713 386 3785 iecissent,
410 3714 490 3790 quod
510 3732 542 3772 se
562 3712 692 3771 facturos
712 3713 874 3788 negabunt,
894 3722 928 3770 nt
949 3712 1103 3788 quicquam
1125 3729 1180 3787 pro

115 3818 289 3895 magistratu
322 3827 451 3895 agerent.
518 3809 667 3877 Praeterea
695 3817 747 3876 ibi
780 3819 918 3877 abundat.
969 3817 1047 3892 Quid
1077 3817 1180 3876 Livius

115 3923 279 4000 scripserit,
310 3923 358 3981 vel
385 3942 475 3982 unum
498 3923 569 3982 illud
591 3923 718 3982 clauso
739 3923 931 3982 tabulario
953 3921 1105 3981 ostendere
1126 3941 1180 3998 po·

113 4039 184 4088 test:
206 4041 240 4088 et
262 4029 477 4110 obsignlls
499 4029 654 4088 tabellis
678 4029 773 4104 publ.
801 4029 1004 4104 clausoque
1034 4028 1103 4088 tab.
1124 4037 1180 4086 etc.
