2820 4646
611 255 670 311 605
1011 251 1069 300 Lib.
1088 251 1172 301 XLV.

107 447 202 492 runt.
254 433 331 490 Tum
355 440 369 504 5
394 437 431 503 7,
457 433 634 498 nbieditur:
670 451 713 489 ne
744 431 859 489 maior
881 433 1044 507 repulsis
1066 433 1171 507 igno-

107 537 222 594 minia
245 549 357 608 esset,
382 537 520 612 qnoniam
540 536 571 592 in
593 535 692 594 codice
713 545 770 592 estr
791 555 833 593 ne
865 537 1169 612 maiorepniseis·

108 641 257 699 nomine
282 653 395 714 esset,
429 641 555 700 fortasse
576 639 776 698 scribendum:
806 659 849 697 ne
870 641 986 698 maior
1015 641 1170 717 repulsas

108 745 315 819 ignominia
349 741 490 820 esset¹).
587 746 728 804 Extremo
758 745 853 820 capite
884 745 912 820 (ξ
943 749 1009 820 13),
1042 765 1106 821 quae
1132 747 1170 804 de

107 849 231 908 Rhodiis
246 851 360 909 sortiter
371 850 489 909 Ceriern
511 850 691 926 Lyciamque
708 849 927 907 defendentibus
948 861 1111 922 narrantur,
1133 870 1169 908 ee

106 954 362 1014 Weissenbornius
392 966 421 1014 et
449 956 487 1013 ad
513 953 642 1012 codicem
674 954 793 1031 propius
815 967 844 1012 et
867 955 958 1012 multo
980 975 1033 1031 per
1053 975 1085 1013 se
1106 975 1169 1014 rec·

105 1057 174 1127 tius,
196 1077 284 1133 quam
306 1072 382 1132 ante,
406 1061 448 1118 eie
468 1060 572 1118 edidit:
602 1077 765 1136 propere
786 1071 821 1116 et
842 1059 1021 1132 Caunios,
1046 1079 1168 1136 qnam·

105 1181 210 1238 quarn
245 1161 506 1240 Cibyratarum
539 1165 753 1222 asciverant
779 1165 940 1234 auxilie,
970 1179 1168 1240 coegerunt

105 1268 267 1343 irnperio
311 1289 443 1344 parere
486 1281 516 1327 et
548 1269 781 1345 Mylasenses
813 1269 1167 1348 Alabandenosque,

105 1372 168 1448 qui
190 1373 471 1431 Euromensium
492 1373 730 1451 provinciam
752 1373 964 1448 ademptum
991 1375 1063 1450 ipsi
1084 1393 1166 1433 con-

105 1479 231 1535 iuncto
256 1479 423 1536 exercitu
442 1489 634 1547 venerunt,
664 1478 763 1534 eirca
785 1477 997 1536 Orthosiam
1020 1481 1097 1538 eois
1117 1482 1165 1538 vi·

104 1593 257 1652 cerunt;
281 1583 423 1640 edebatur
453 1584 543 1640 enirn:
576 1583 637 1657 qni
670 1583 944 1640 Euromensium
974 1585 1167 1660 provincie

104 1687 276 1762 edempta
298 1689 342 1746 ad
363 1689 476 1764 ipsos.
536 1689 571 1745 In
593 1686 693 1746 codice
717 1687 759 1744 sic
787 1687 936 1744 scribitur:
960 1690 1166 1765 mylassen-

104 1790 157 1847 sis
175 1790 473 1869 el'ebandenique
492 1791 841 1866 quielabendesium
866 1795 1163 1852 euroremensiunr

104 1895 301 1970 provincia
323 1895 531 1972 ademptum
547 1873 1087 1972 edipsiconiunctos'exereitn
1110 1907 1163 1955 cet.

106 1999 166 2059 Sed
187 2000 216 2056 in
248 2000 418 2075 prreietione
439 2002 488 2062 W.
525 2021 543 2058 e
564 2020 596 2058 se
621 2001 782 2058 desciscens
803 2002 1116 2078 Alabandenique
1149 2023 1165 2058 e

106 2103 206 2162 codiee
239 2104 435 2180 recipiendum
466 2105 556 2163 fuisse
579 2106 695 2176 scribit,
730 2125 788 2180 quo
821 2106 1001 2164 nominativo
1023 2108 1164 2164 sententie

104 2209 232 2266 funditus
254 2209 363 2266 tollitur
384 2221 414 2266 et
435 2211 581 2268 evertitur.
625 2210 815 2294 Scribendum
837 2220 909 2279 eret,
931 2211 1063 2268 restitute
1084 2223 1164 2269 recta

102 2313 347 2372 nominisforme:
370 2313 1048 2389 MylasensisAlabandensisque,qui.
1084 2316 1163 2372 Nem

101 2407 331 2498 Ἀλαβανδεῑς
356 2427 476 2476 suntet
498 2417 672 2486 Μυλασεὶς
701 2429 730 2477 et
748 2407 947 2496 Εὐρωμεῑς,
980 2438 1033 2476 nec
1062 2420 1162 2477 Livius

103 2523 178 2580 inter
210 2523 283 2581 duas
316 2523 427 2580 formes
460 2542 497 2580 ex
518 2525 605 2581 rectis
627 2525 739 2583 Graecis
761 2525 799 2582 ad
820 2524 950 2599 regulam
974 2523 1003 2580 in
1026 2523 1162 2582 Latinum

101 2628 250 2685 uaductas
282 2647 369 2685 nnanr
399 2646 523 2704 pravam
550 2629 771 2704 interpositurus
801 2639 881 2698 erat,
902 2647 969 2686 nem
992 2615 1161 2706 Ἀλαβαν-

102 2721 227 2810 δηνούς
249 2751 334 2790 nemo
355 2733 437 2790 dixit.
480 2732 647 2802 Librarius,
679 2751 768 2808 quum
790 2733 903 2791 duebus
925 2732 1026 2790 litteris
1048 2733 1162 2790 omissis

102 2835 416 2914 Alabandenique
445 2837 608 2916 scripsisset
639 2849 668 2895 et
697 2839 870 2898 vocabulum
908 2837 1013 2896 rectius
1035 2839 1161 2896 scribere

101 2937 198 3010 vellet,
219 2953 251 2999 ut
274 2961 359 3018 erepe,
380 2945 410 3001 in
432 2962 541 3001 novum
573 2961 699 3000 errorem
729 2942 842 3012 incidit,
879 2952 911 3000 ut
944 2942 1161 3001 Alabande-

100 3045 191 3103 sium
218 3047 358 3106 scriberet
378 3060 497 3125 propter
526 3047 812 3106 Euromensium.
856 3048 933 3105 Tum
957 3068 994 3106 ex
1023 3049 1067 3106 ed
1089 3050 1159 3124 ipsi

100 3149 274 3220 iaciendum,
297 3155 374 3228 qnod
396 3153 539 3210 sententie
561 3151 689 3227 requirit,
709 3161 742 3210 et
763 3151 834 3227 ipsi
867 3150 911 3228 (ut
932 3151 1036 3211 Caunii
1063 3167 1092 3212 et
1113 3155 1161 3212 Ci-

100 3257 237 3332 byratre);
271 3269 419 3332 postremo
445 3267 623 3316 venerant
653 3257 835 3314 scribendum
863 3266 895 3312 ut
920 3237 1137 3315 asciverent.

184 3361 257 3438 Cap.
283 3365 333 3432 26,
355 3363 384 3432 3,
405 3361 455 3418 ubi
476 3361 583 3418 editur:
614 3361 677 3420 nbi
706 3361 823 3436 prime
850 3361 1020 3418 Phanota
1047 3362 1078 3418 ei
1100 3362 1160 3418 de·

100 3465 191 3534 dita,
225 3475 304 3524 tote
340 3465 573 3523 multitudine
606 3484 681 3522 cnm
713 3463 842 3521 infulis
864 3465 1008 3522 obviam
1030 3465 1160 3531 effuse,

102 3635 252 3644 -n—...-.
267 3637 297 3644 --r

119 3715 142 3784 ¹)
168 3719 254 3770 Etiam
273 3719 400 3780 XXXIX,
420 3725 470 3774 ³2,
504 3725 519 3770 8
547 3735 605 3768 crrrn
624 3717 757 3767 Gronorio
788 3717 951 3767 scribendum
971 3729 1045 3782 putor
1076 3731 1108 3769 et
1128 3721 1158 3769 lri

171 3811 315 3876 repulsis
333 3810 364 3859 in
383 3825 471 3874 rpem
490 3811 693 3875 impetrandi
712 3809 841 3859 tandem
861 3809 1044 3873 aliquando
1063 3811 1159 3860 hono·

171 3904 215 3952 rie
233 3902 339 3952 diluti.
376 3901 442 3950 Nem
460 3903 619 3960 incommode
639 3903 674 3952 ibi
693 3901 784 3951 modes
802 3911 827 3950 et
845 3915 922 3950 censs
940 3903 1160 3964 dilationirsignt·

168 3995 259 4044 beetur
273 3994 357 4044 altero
375 3993 508 4058 pardeipio
526 3993 671 4056 (repulsit
695 3993 854 4058 interposite.
