2826 4650
607 203 732 261 2⁷-

93 386 229 444 omnibus
252 383 397 444 occultata
418 392 470 454 est,
490 391 603 442 tsntrrm
624 385 654 443 iu
677 385 809 461 margine
830 385 991 460 adnotatis,
1019 387 1157 464 quemad·

93 493 215 551 modum
244 493 275 550 in
306 490 405 550 codice
426 491 583 568 archetypo
606 491 754 569 adscripto
776 491 866 550 fuisse
888 493 1035 564 videntum
1070 494 1158 554 ceteri

92 600 206 660 bbrsrii
223 601 255 658 in
271 605 437 659 contextam
455 597 616 656 orationem
629 594 841 676 receperunt¹).
887 598 946 658 Sed
965 599 994 656 in
1008 601 1053 658 bis
1069 601 1158 659 tentis

91 707 205 766 meritis
240 717 337 766 tamen
366 705 445 764 haud
474 721 543 762 raro
569 705 690 780 propria
712 706 819 764 menda
845 723 1016 780 erroresque
1045 707 1159 766 inscitia

93 833 175 874 omos
196 817 287 874 habet
303 813 348 891 (ut
359 813 402 882 11,
415 813 464 882 tt,
477 813 505 881 6,
527 811 731 885 quominus
754 831 792 870 se
812 813 848 870 iu
870 811 986 870 omnis
1009 812 1160 870 sedendi

91 940 149 996 pro
170 939 241 996 quo
259 920 377 978 miuus
398 917 431 975 ei
451 916 608 974 nominis
630 913 811 993 otendit),
834 920 883 989 42,
899 918 1158 992 dcumeerver·

90 1045 156 1084 sum
178 1027 251 1084 illud
271 1025 414 1084 favoris
436 1025 471 1082 in
492 1023 774 1096 multitudinem,
797 1025 876 1100 quod
896 1033 1002 1100 prester
1021 1019 1158 1082 Alschef-

91 1134 188 1192 skium
210 1134 303 1192 mbos
322 1131 473 1190 Hertzium
494 1137 623 1186 secutum
646 1147 723 1200 esse,
749 1149 804 1206 pro
825 1129 962 1188 furoris
983 1129 1019 1186 iu
1040 1128 1158 1186 multi·

91 1239 232 1309 tudine,
255 1255 433 1314 quemquem
456 1235 599 1293 favoris
621 1235 651 1292 in
673 1235 832 1313 archetypo
848 1235 937 1294 fuisse
956 1236 1045 1294 etiam
1060 1238 1155 1300 LlHl

92 1353 254 1417 testantur,
284 1345 349 1414 111,
375 1345 428 1412 13,
461 1345 479 1399 4
506 1341 562 1398 cui
588 1341 721 1417 procui
751 1341 819 1413 rei,
850 1360 877 1402 c.
900 1344 954 1412 35,
981 1347 1017 1400 10
1040 1362 1104 1402 cum
1131 1349 1159 1406 R

91 1451 305 1528 improbant
330 1468 385 1525 pre
408 1448 686 1524 improbabant,
715 1447 926 1522 quomodovis
955 1449 1159 1510 recentissimis

91 1557 206 1632 aliquot
226 1558 330 1616 iterum
354 1565 479 1613 erratum
500 1563 558 1624 est,
589 1573 613 1616 e.
638 1556 692 1626 36,
715 1557 733 1613 6
758 1573 836 1630 quse
857 1553 912 1612 sui
933 1553 1062 1612 iudicii
1084 1575 1159 1632 quae

91 1661 471 1738 videri,malo1·opetito
495 1679 584 1734 quae,
608 1662 657 1730 37,
681 1662 699 1718 6
721 1660 954 1718 obsedebant
971 1679 1025 1735 pro
1050 1663 1158 1722 obse-

91 1767 239 1838 derant,
275 1786 299 1828 c.
329 1773 383 1839 44,
412 1771 431 1826 6
461 1785 527 1824 cum
553 1767 582 1824 R
612 1741 866 1824 tabernaculis
897 1783 952 1842 pro
981 1769 1158 1842 tabernis,

91 1876 186 1943 cdd,
205 1875 305 1931 acum
327 1875 355 1932 R
375 1873 472 1930 iusto
493 1871 552 1928 die
572 1889 627 1947 pro
648 1871 702 1928 ius
723 1891 764 1930 eo
786 1872 852 1942 die,
874 1871 904 1928 in
924 1891 1010 1947 quem
1030 1894 1158 1934 errorem

92 1980 180 2036 etism
204 1980 304 2037 incidit
325 1979 459 2037 librarius
477 1978 503 2035 L
523 1981 561 2050 1),
581 1977 612 2034 in
632 1978 788 2053 postremis
811 1979 925 2053 quidem
949 1980 1030 2038 libris
1052 1981 1159 2057 plures,

92 2086 214 2161 opinor,
247 2085 454 2161 gravioresque
484 2101 572 2157 quum
598 2084 634 2154 P,
670 2103 793 2159 quorum
824 2103 914 2160 supro
942 2088 1077 2165 exempla
1102 2089 1159 2147 tria

93 2193 188 2266 posui,
210 2192 318 2250 addam
340 2209 438 2260 mum,
461 2189 540 2264 quod
561 2190 774 2248 recentissimos
790 2191 916 2248 editores
927 2193 1051 2270 decepit,
1069 2195 1158 2267 VIII,

97 2301 148 2368 18,
173 2292 235 2368 7⁸).
279 2295 529 2373 Interpolatiouis,
562 2314 627 2372 quae
654 2295 770 2370 quidem
800 2297 919 2373 proprie
948 2299 1053 2357 dicitur
1080 2303 1159 2373 (nem

113 2577 137 2645 ¹)
165 2582 197 2632 In
217 2581 269 2642 lx,
288 2586 334 2639 33,
354 2580 466 2630 tetiam
485 2579 545 2628 PLl
566 2585 592 2628 et
608 2594 674 2630 nnus
692 2587 718 2629 et
735 2581 800 2630 alter
817 2589 942 2644 praeterea
960 2589 1049 2631 carent
1074 2584 1159 2634 verbis

164 2674 291 2732 insiticiis,
309 2674 359 2722 uisi
377 2673 446 2738 quod
463 2671 485 2721 P
505 2672 532 2720 in
549 2673 665 2735 margiue
683 2673 812 2737 adscripta
830 2687 862 2721 cs
879 2673 966 2725 babet.

110 2784 136 2852 ⁸)
167 2789 301 2840 Parere
319 2795 417 2838 tantum
440 2802 492 2835 uns
514 2788 599 2836 litters
619 2788 749 2850 geminato
773 2787 890 2838 aberrat:
918 2802 979 2852 quo
1003 2787 1106 2838 miuus
1131 2789 1158 2838 ei

164 2882 308 2932 nomiuis
332 2880 475 2931 sedendi.

111 2993 138 3060 ⁸)
165 2997 319 3047 Rectissime
336 2995 371 3044 ibi
387 2995 414 3044 in
430 2994 534 3059 reliquis
550 2993 668 3042 omnibus
681 2994 814 3044 codicibus
826 2997 955 3046 scribitur:
974 3005 1005 3046 et
1023 3010 1159 3059 coquen-

165 3099 216 3138 tes
235 3089 390 3152 qussdsm
416 3087 651 3136 medicamenta
669 3094 700 3135 et
721 3089 892 3138 recondite
914 3090 984 3139 alis
1010 3089 1080 3153 (ques
1106 3090 1160 3140 ism

165 3189 241 3230 cocta
259 3179 344 3242 erant)
371 3181 577 3229 invenerunt.
613 3177 645 3227 In
662 3178 700 3240 M,
721 3189 891 3244 preterquam
909 3183 978 3245 quod
996 3191 1099 3247 propter
1116 3183 1159 3232 lit·

165 3281 233 3322 tcras
251 3287 298 3321 sm
316 3273 357 3323 bis
380 3274 476 3338 positus
490 3271 611 3336 scriptum
630 3279 669 3320 est
687 3273 970 3336 quasdamments,
990 3276 1161 3338 geminatione

164 3366 306 3415 litterarum
330 3367 377 3415 ita
397 3364 493 3415 iactum
518 3373 557 3414 est
581 3365 679 3422 (addito
698 3380 712 3416 v
732 3364 765 3415 ad
783 3364 905 3414 Latinum
931 3367 1084 3417 vocabulum
1104 3367 1160 3417 effi·

166 3459 300 3519 mendum)
317 3458 491 3508 recondita
514 3457 646 3516 vitulis,
669 3457 738 3520 quod
756 3471 835 3520 quum
854 3465 908 3507 tam
927 3466 994 3508 essct
1011 3460 1159 3520 absurdum,

165 3559 195 3600 ut
212 3552 257 3600 uui
267 3549 434 3601 Alschefskio
451 3549 554 3614 probari
570 3556 666 3613 posset,
685 3549 870 3599 substituerunt
886 3565 968 3615 nuper
985 3552 1161 3602 recondite

164 3643 300 3702 letalia,
325 3642 427 3707 poetica
444 3655 507 3690 rece
524 3641 551 3689 in
569 3641 635 3690 Livii
655 3642 797 3691 orationem
816 3643 889 3692 illuto
908 3651 934 3692 et
950 3658 1016 3692 nove
1034 3659 1081 3708 pro
1099 3645 1160 3694 sub·

166 3736 277 3785 stantiro
299 3734 398 3798 posits,
423 3747 471 3782 neo
496 3741 583 3783 tamen
607 3742 652 3783 sut
677 3735 924 3794 animadverterunt,
949 3741 978 3783 ut
1002 3733 1061 3794 ills,
1083 3749 1160 3798 quam

165 3827 262 3886 volent,
281 3826 426 3876 efficeretur
442 3827 577 3875 vorborum
596 3826 752 3886 coniunctio,
765 3827 902 3877 dicendum
916 3826 1007 3876 fuisse:
1023 3841 1160 3891 coquen-

166 3929 219 3971 tet
237 3921 398 3985 quasdam
417 3927 448 3969 et
464 3919 707 3970 medicamenta
725 3927 756 3970 et
775 3921 946 3971 recondita
962 3918 1088 3970 letalis.
1116 3925 1161 3968 sut

165 4013 293 4072 direruut,
315 4027 371 4076 qun
391 4021 476 4063 esseut
493 4011 581 4061 letslis
598 4027 614 4060 a
632 4013 822 4063 medicamentis
835 4008 1020 4080 (φαρμάκοις)
1034 4019 1159 4077 separata.
