2822 4648
265 263 323 312 Lib.
343 260 391 310 vl.
737 263 794 318 130

231 463 322 520 usque
336 451 382 502 res
404 441 602 520 processisset,
616 461 705 516 quum
717 442 827 517 aliquid
848 442 1001 512 incideret;
1017 461 1093 500 nunc
1114 441 1144 498 in
1154 442 1209 498 hac
1229 441 1298 515 ipsa

231 551 373 608 sententia
394 549 492 606 linitur
511 547 596 604 huius
617 548 660 604 rei
682 548 936 616 commemoratio;
957 548 1056 622 itaque
1077 547 1107 605 in
1129 545 1297 621 significan-

231 659 269 714 do
290 655 333 713 rei
354 653 458 712 effectu
481 652 543 726 (qui
563 652 658 709 nullus
684 663 735 710 aut
756 653 878 728 exiguus
893 652 959 726 fuit)
979 650 1296 727 plusquamperfectum

231 761 302 818 ferri
332 759 449 833 nequit,
484 758 682 832 quoniamque
702 759 813 816 incerte
834 765 878 816 est
902 758 1010 816 codicis
1033 757 1182 832 archetypi
1203 757 1296 831 scrip·

231 876 297 924 tura
326 865 371 938 (Μ
392 883 469 920 man.
506 869 515 920 l
557 873 743 934 moveunt,
773 864 1015 935 Pmoverat),
1042 880 1077 918 eo
1106 862 1200 936 magis
1223 862 1296 918 scri-

232 971 355 1028 bendum
375 977 576 1028 moverunt.
619 969 732 1026 Notavi
755 969 867 1042 aliquot
888 977 917 1026 et
943 967 1163 1053 huiuslgeneris
1186 975 1297 1024 etcon·

231 1075 322 1142 trarii,
345 1093 402 1149 quo
424 1073 586 1149 perfectum
620 1091 674 1148 pro
696 1073 981 1148 plusquamperfecto
1002 1073 1129 1148 positum
1156 1081 1214 1142 eat,
1243 1091 1296 1129 ex-

231 1180 327 1256 empla
348 1198 437 1254 supra
459 1181 501 1254 (p.
522 1180 590 1252 38).
648 1177 754 1234 Paullo
787 1187 854 1235 ante
884 1183 910 1248 (5
934 1181 964 1252 3)
999 1197 1056 1235 non
1079 1178 1195 1248 dubito,
1225 1178 1296 1251 quin

231 1285 331 1343 Livius
353 1295 385 1342 ut
406 1283 541 1354 fuerit,
566 1285 608 1341 ita
630 1283 828 1340 habuerint
851 1286 920 1342 (non
942 1284 1160 1354 habuerunt)
1186 1301 1297 1358 posue-

231 1392 284 1462 rit;
316 1391 386 1448 illud
408 1391 530 1460 mansit,
552 1391 582 1448 in
605 1390 661 1446 hoc
685 1407 744 1445 una
764 1389 861 1446 littere
882 1389 1047 1446 aberratum
1072 1398 1124 1446 est.

315 1495 386 1572 Cep.
411 1501 439 1566 6,
461 1501 477 1554 5
501 1496 622 1554 allatum
643 1503 779 1551 narratur
800 1513 819 1550 a
840 1493 1017 1569 fugientibus
1038 1513 1076 1550 ex
1098 1513 1170 1569 agro
1186 1495 1299 1568 Pomp·

231 1603 301 1673 tino,
322 1601 496 1660 Antiates
520 1600 554 1656 in
576 1600 687 1656 armis
719 1617 797 1656 esse
826 1599 1118 1673 Latinorumque
1139 1597 1298 1673 populos

231 1707 457 1765 iuventutem
481 1705 701 1762 submisisse
718 1706 764 1762 ed
786 1705 821 1762 id
843 1703 998 1774 bellum,
1019 1721 1060 1761 eo
1083 1705 1298 1774 abnuentes,

231 1812 412 1887 publicum
436 1810 552 1866 fuisse
571 1810 886 1885 consilium‚quod
905 1829 973 1866 non
990 1809 1203 1884 prohibitos
1219 1819 1299 1866 tan-

232 1915 415 1974 tummodo
447 1915 685 1972 voluntarios
722 1915 888 1972 dicerent
916 1915 1093 1984 militare,
1125 1913 1185 1971 ubi
1218 1914 1299 1970 vel-

232 2022 318 2082 lent.
369 2021 442 2094 Quae
474 2019 553 2078 notio
576 2020 706 2095 pluribus
734 2021 831 2078 verbis
864 2021 1057 2095 significatur,
1081 2020 1183 2077 eodem
1210 2019 1300 2077 valde

233 2124 415 2182 incommode
453 2145 510 2182 uno
544 2135 573 2182 et
601 2127 721 2202 proprio
743 2127 859 2183 nomine
880 2125 936 2182 illis
957 2125 1028 2200 ipsis
1049 2126 1146 2182 verbis
1168 2125 1300 2200 interpo-

232 2231 287 2287 sito
313 2231 486 2302 declaratur,
509 2251 545 2288 na
567 2231 713 2288 occultata
734 2231 850 2306 quidem
871 2231 1034 2305 tautologia
1043 2230 1298 2299 [voluntarios

236 2336 340 2393 -ubi
361 2336 534 2406 vellent);
558 2336 654 2393 Latini
676 2335 750 2393 euim
773 2337 921 2411 negabant
942 2337 1097 2411 quicquam
1122 2333 1298 2393 ultrasefe-

231 2441 312 2510 cisse,
335 2459 422 2515 quam
445 2442 522 2516 quod
548 2447 623 2512 (eos,
648 2441 696 2514 qui
708 2440 863 2498 iuventutis
875 2440 991 2498 nomine
1002 2441 1298 2516 comprehenduntur)

230 2566 288 2604 non
307 2547 521 2622 prohibuissent
544 2547 684 2614 militare,
713 2547 764 2603 ubi
788 2545 912 2616 vellent,
943 2547 1000 2604 hoc
1021 2557 1084 2618 est,
1114 2545 1298 2602 voluntarios

230 2653 295 2710 illos
317 2671 380 2709 esse
399 2653 548 2722 dicebant,
581 2670 639 2708 non
661 2651 775 2726 publice
796 2651 909 2708 missos.
967 2653 1073 2726 Itaque
1105 2671 1226 2720 vereor,
1259 2671 1298 2710 ne

231 2758 327 2814 aliena
351 2777 438 2814 manu
460 2757 531 2813 illud
553 2757 788 2814 voluntarios
821 2757 952 2814 additum
976 2758 1023 2818 sit.
1086 2757 1191 2815 Paullo
1228 2759 1296 2831 qui·

232 2863 297 2919 dem
318 2873 386 2937 post
407 2865 434 2934 (5
458 2865 487 2928 Sl
509 2863 590 2919 nulla
611 2861 754 2918 dubitatio
776 2872 836 2928 est,
859 2863 928 2938 quin
950 2865 1006 2920 hoe
1028 2863 1115 2920 modo
1138 2865 1297 2921 obscurata

231 2966 269 3022 sit
290 2966 366 3022 Livii
387 2968 491 3027 oratio.
533 2967 643 3025 Omnes
667 2967 753 3035 enim,
775 2967 830 3023 nisi
852 2968 901 3041 qui
924 2967 1037 3024 tacendi
1056 2969 1194 3026 beneficio
1209 2978 1298 3026 utun-

231 3081 286 3140 tur,
308 3071 417 3128 haerent
437 3071 466 3128 in
492 3090 537 3140 co,
560 3071 639 3146 quod
661 3070 801 3130 Camillus
828 3071 956 3147 ingens
988 3072 1040 3129 ait
1070 3092 1158 3132 onus
1185 3095 1203 3132 a
1228 3095 1297 3150 po·

231 3177 318 3250 pulo
342 3179 502 3234 Romano
524 3175 613 3246 sibi,
643 3178 703 3251 qui
732 3196 769 3234 se
792 3178 1011 3235 dictatorem
1033 3178 1103 3236 iam
1126 3189 1296 3254 quartum

232 3293 411 3346 creasset,
445 3300 609 3356 magnum
646 3293 814 3341 asenatu
850 3284 990 3342 talibus
1021 3285 1062 3340 da
1085 3303 1121 3341 se
1143 3283 1297 3342 iudiciis

232 3388 309 3444 eius
337 3387 495 3458 ordinis,
532 3387 724 3445 maximum
747 3399 816 3446 tam
845 3389 1108 3446 honoratorum
1130 3388 1296 3464 collega·

231 3513 305 3550 rum
328 3493 507 3568 obsequio
529 3493 692 3567 iniungi,
727 3493 864 3567 quoniam
890 3513 983 3568 neque
1006 3493 1161 3568 quicquam
1184 3495 1219 3551 de
1240 3514 1296 3570 po·

230 3597 291 3673 puli
314 3597 434 3655 consilio
457 3597 610 3656 Camillum
634 3598 804 3656 dictatorem
827 3600 944 3656 creandi
967 3601 1074 3657 dictum
1096 3610 1240 3670 cst,11ec,
1271 3603 1297 3658 si

231 3704 337 3760 dictum
360 3715 452 3774 essct,
476 3713 645 3761 creasset
676 3725 730 3780 pro
759 3715 952 3763 creaturus
979 3705 1095 3763 fuerit
1125 3705 1296 3764 ullomodo

231 3810 299 3884 poni
321 3810 430 3885 potuit,
458 3828 511 3866 ucc
534 3809 651 3868 omnino
679 3811 803 3885 populus
825 3829 1000 3885 quemquam
1021 3829 1149 3886 unquam
1171 3811 1296 3869 dictato·

230 3935 292 3972 rem
316 3915 434 3972 creavit.
484 3915 556 3988 Quoe
576 3915 614 3971 ad
635 3917 697 3972 haec
709 3916 885 3986 excusanda,
908 3935 972 3990 quas
994 3917 1128 3974 excusari
1138 3927 1296 3990 nequeunt,

231 4019 397 4094 excogitata
418 4031 492 4086 sunt,
516 4021 657 4078 eiusmodi
679 4029 755 4089 sunt,
776 4029 809 4077 ut
828 4020 920 4078 refelli
941 4041 998 4078 non
1020 4023 1154 4080 debeant.
1197 4021 1297 4094 Quam
