2826 4650
310 267 368 318 tit.
388 266 408 316 1.
788 271 826 328 η

273 470 348 510 oum
371 471 412 510 eo
434 453 569 528 quique
590 472 664 512 oum
693 453 796 528 equis
826 454 995 512 abierant
1023 453 1093 510 visi
1122 463 1236 520 erant,
1264 454 1329 511 cir·
1392 457 1393 462 ’

273 567 507 633 contegerent
527 559 641 618 frenis
663 579 789 634 equos;
811 561 849 620 ed
869 580 934 618 enm
954 561 1086 635 proxime
1105 559 1280 628 eoeeditLt,
1301 560 1328 616 in

274 663 535 738 quodicituresse:
558 666 691 740 quique
713 685 788 725 oum
811 667 915 742 equis
936 666 1104 724 abierant
1124 665 1193 722 visi
1215 675 1329 735 erant,

274 770 389 828 omissis
411 771 508 828 verbis
529 772 664 845 quique
685 791 760 828 eum
783 791 838 839 oo,
861 773 925 845 (sed
947 772 1033 830 etiarn
1056 771 1219 832 inMedieei
1242 772 1328 846 serip-
1393 776 1394 786 ¹

272 885 339 934 tura
353 875 509 934 indicanda
525 876 647 934 atterum
670 878 803 952 quiquo
817 877 986 936 Gronovius
1002 879 1120 948 omisit),
1138 885 1199 934 tum
1211 877 1329 934 Floren-

273 981 348 1040 tinns
361 983 391 1042 S.
410 983 505 1041 Marci
518 984 609 1059 (apud
620 983 796 1062 Hertzium),
817 985 846 1042 in
859 1003 918 1059 quo
932 985 1080 1044 scribitur:
1102 983 1235 1059 quique
1256 1001 1328 1038 cum

273 1107 313 1146 eo
336 1087 470 1162 quiquo
492 1107 567 1146 eum
589 1090 731 1164 equites
753 1101 857 1148 orant
874 1091 945 1148 uisi
965 1101 1067 1148 erent
1083 1089 1210 1166 (punctis
1224 1106 1328 1164 suppo·

275 1194 454 1252 sitisverbis
487 1194 620 1269 quique
651 1215 726 1254 eum
751 1197 893 1272 equites
919 1206 948 1254 et
973 1196 1189 1264 uisierant).
1235 1192 1329 1252 Ceteri

275 1301 397 1374 codices,
421 1319 543 1376 quorum
565 1301 684 1376 aliquod
706 1315 750 1360 est
771 1311 957 1372 momentum,
979 1322 1064 1360 unam
1081 1322 1097 1358 e
1113 1301 1225 1358 duabus
1241 1299 1329 1373 serip-

274 1407 346 1464 turis
367 1417 479 1478 tenent‚
500 1408 526 1466 P
548 1417 577 1465 et
598 1407 822 1486 Bembergensis
843 1428 907 1466 eum
931 1428 988 1468 uno
1009 1419 1037 1466 et
1058 1408 1148 1466 altero
1169 1404 1329 1480 vulgarium

275 1513 364 1572 hene:
396 1514 528 1589 quique
559 1532 634 1572 eum
664 1533 703 1572 eo
737 1515 840 1590 equis
871 1515 991 1572 ierant
1017 1515 1066 1586 (ex
1088 1531 1146 1586 qua
1171 1512 1200 1568 in
1230 1509 1330 1580 ceteris

272 1619 442 1694 vulgaribus
459 1617 567 1678 leolum
585 1629 629 1677 est
644 1621 858 1696 interpolando:
881 1621 1013 1695 quique
1031 1639 1107 1676 eum
1128 1638 1169 1678 eo
1190 1611 1330 1692 equites

272 1733 400 1793 erant),
422 1724 628 1782 Einsiedlensis
650 1735 678 1782 et
699 1726 745 1784 Ht
772 1735 801 1782 ot
821 1725 1062 1784 Helmstediensis
1083 1724 1226 1784 Gronovii
1243 1724 1330 1782 hanc:

274 1829 407 1905 quique
429 1849 503 1888 cum
527 1849 566 1887 eo
589 1831 659 1890 visi
682 1841 792 1892 erent.
831 1832 966 1890 Editoree
988 1831 1048 1888 fere
1069 1829 1330 1889 indeeGronovio

272 1937 298 1994 P
327 1945 499 2010 sequuntur,
528 1937 583 1996 nisi
610 1937 688 2012 quod
717 1936 970 1994 Weissenbornius
1001 1956 1055 2012 pro
1088 1935 1207 1992 ierant
1233 1953 1272 1992 ex
1299 1933 1330 1990 ll

230 2065 232 2073 ¹
272 2041 442 2100 abierant
471 2041 624 2102 substituit.
668 2043 779 2100 Verum
814 2043 843 2101 in
870 2043 974 2100 Phoe
1004 2041 1068 2100 loeo
1099 2041 1270 2098 deteriorem
1303 2051 1330 2096 et

273 2147 476 2223 interpolatam
504 2148 675 2224 scripturam
697 2157 838 2208 retentam
868 2168 945 2218 esse,
976 2149 1099 2225 primum
1122 2147 1247 2204 ostendit
1268 2146 1331 2222 ipsa

275 2253 381 2310 loeutio
414 2253 516 2326 equis
552 2253 687 2325 ierant,
725 2253 831 2312 Latina
869 2254 920 2312 illa
954 2254 1084 2329 quidem,
1122 2253 1172 2311 sed
1202 2253 1238 2310 ab
1276 2253 1330 2308 hac

279 2360 553 2418 commemoratione
575 2361 651 2435 l'ugae
678 2379 771 2436 nuper
799 2359 941 2420 simulate
967 2377 1086 2435 prorsus
1111 2359 1218 2428 aliena,
1248 2357 1332 2433 qussi

276 2465 450 2524 Germanice
482 2466 575 2524 dieas:
619 2466 790 2524 Romulus
823 2467 891 2524 und
922 2465 1142 2540 disjenigen,
1184 2464 1240 2522 die
1271 2463 1332 2520 mit

272 2569 341 2628 ihm
374 2572 532 2646 geritten
567 2591 700 2640 waren3
730 2573 833 2630 deinde
865 2593 901 2632 ex
934 2574 1010 2630 llLl
1042 2581 1177 2648 apparet,
1206 2569 1330 2646 primam

271 2675 346 2734 illius
373 2676 521 2752 scripturae
550 2679 624 2736 hane
649 2677 739 2736 fuisse
767 2677 906 2736 formem:
939 2679 1072 2754 quique
1105 2695 1180 2736 eum
1214 2675 1331 2749 equis;

271 2781 369 2856 itaque
391 2801 428 2840 ex
451 2783 509 2840 his:
539 2801 612 2840 oum
636 2803 676 2840 eo
698 2783 767 2840 uisi
790 2793 909 2854 erant,
932 2785 1028 2842 littera
1049 2785 1076 2856 Q
1097 2803 1151 2858 pro
1174 2781 1200 2840 0
1222 2783 1331 2858 scripte

272 2897 301 2946 st
322 2887 424 2944 ceteris
446 2889 521 2945 mele
543 2887 642 2944 diuisis
664 2889 731 2961 (uis
753 2889 903 2960 ierant),
932 2901 1026 2948 ortum
1049 2899 1093 2945 est
1123 2908 1197 2948 eum
1228 2891 1330 2964 equis

270 2993 404 3064 ierant,
438 3005 600 3068 postremo,
636 3005 667 3052 ut
696 2993 772 3070 fuget
802 2995 972 3070 significet-io
1004 3006 1093 3066 esset,
1128 3015 1182 3070 pro
1211 2996 1330 3052 ierant

271 3098 408 3174 seriptum
432 3099 607 3156 abierant.
653 3100 841 3160 Redeundum
864 3110 908 3158 est
928 3101 1015 3176 igitur
1037 3101 1075 3159 ad
1097 3101 1217 3158 alteram
1239 3099 1328 3174 serip-

271 3215 379 3264 turam:
401 3204 535 3279 quique
557 3224 630 3264 cum
654 3225 694 3264 so
719 3205 789 3262 uisi
810 3216 928 3274 erent,
951 3225 1015 3281 ques
1033 3208 1057 3264 si
1075 3217 1152 3264 recte
1168 3214 1329 3272 enarratur,

270 3310 422 3385 aptissime
450 3321 506 3380 est;
537 3310 735 3386 significantur
761 3309 836 3366 enim
867 3313 994 3386 equites,
1022 3312 1071 3386 qui
1101 3329 1132 3366 se
1154 3310 1235 3368 initio
1263 3330 1327 3368 oum

269 3415 395 3474 Romulo
418 3417 507 3476 oeulis
527 3417 712 3476 Fidenatium
734 3415 789 3473 soli
810 3415 983 3486 obtulerent,
1005 3423 1097 3490 portae
1118 3415 1328 3489 obequitantes,

268 3521 362 3596 magis
385 3541 472 3596 quam
494 3541 562 3580 vere
585 3531 796 3598 pugnaverant.
846 3521 1010 3596 (Equites
1031 3520 1158 3596 procul
1179 3521 1250 3578 visi
1272 3523 1327 3592 lV,

270 3629 319 3698 to,
338 3629 371 3698 2;
393 3629 520 3704 prooul
541 3629 632 3686 visis
654 3630 895 3686 Romanorum
917 3625 1033 3701 signis
1056 3627 1127 3698 VII,
1143 3629 1191 3698 23,
1208 3631 1239 3700 ὃς
1263 3647 1327 3686 nee

268 3733 370 3810 prius
392 3734 435 3792 eb
457 3734 561 3794 hosts
582 3735 682 3794 risus
704 3745 759 3792 est
781 3734 851 3802 Vll,
877 3736 925 3800 34,
950 3727 1021 3805 7.)¹)

269 3885 465 3896 —n--q———u

286 3961 307 4028 ι)
337 3965 401 4028 Quat
418 3966 496 4030 paulo
515 3974 574 4016 aute
592 3966 713 4030 leguntur
727 3966 754 4029 (5
769 3967 811 4028 tJ:
830 3975 957 4032 partem
976 3965 1114 4016 militnm
1132 3965 1220 4018 loeis
1239 3949 1340 4016 tirou¹

337 4059 441 4110 donn
458 4059 570 4110 obsita
589 4058 738 4122 virgulta
761 4058 915 4110 obscuris
933 4059 1113 4110 subridere
1135 4059 1166 4108 in
1183 4059 1326 4108 insidiis
