2826 4640
591 271 649 328 529
981 270 1039 322 Lib.
1070 271 1153 320 xntt.

174 448 247 526 Cep.
272 453 321 522 34,
356 455 393 510 ib
416 452 456 521 (in
484 450 616 510 oratione
646 449 698 525 Sp.
722 452 865 528 Ligustini
887 454 1076 526 centurionis,
1106 457 1154 514 ubi

88 555 301 614 commilitones
323 557 494 632 alloquitur)
523 575 582 614 non
604 554 698 623 video,
729 556 799 631 quid
830 557 859 614 in
876 557 921 615 his
943 560 1053 618 verbis:
1084 561 1154 618 etsi

89 639 365 736 appellationis
386 663 492 720 vobis
523 661 716 737 usurpetis
741 662 796 718 ius
828 661 943 720 dativus
974 665 1154 740 pronominis

88 765 146 822 sibi
177 765 264 835 velit3
299 785 352 824 uec
386 767 601 825 centurionibus
634 765 780 842 peculiare
812 765 867 824 luit
904 770 1070 846 appellandi
1100 771 1154 838 ius,

90 871 170 945 quod
195 883 376 948 usurparent.
421 871 522 931 Codex
552 872 653 929 hebet:
683 872 752 929 etsi
775 873 1068 948 appellationem
1090 894 1162 934 uos.

89 977 284 1050 usurpetis
323 978 397 1048 ius3
435 976 617 1036 efficiendum
651 987 728 1034 erat:
777 979 848 1035 etsi
894 980 1154 1054 appellatione

91 1091 254 1139 nostrum
276 1083 467 1159 usurpetis
489 1079 588 1159 ius.¹)
868 1159 869 1164 η

175 1185 248 1264 Cep.
275 1191 323 1258 37,
355 1191 388 1245 2:
422 1188 609 1246 Decimius
641 1188 772 1245 missus
806 1199 860 1246 est
889 1192 934 1247 ed
966 1190 1154 1260 Gentium,

88 1309 209 1366 regern
229 1293 457 1370 lllyriorum,
482 1313 586 1370 quem
607 1275 817 1367 si'sliquern
840 1305 1047 1370 respectum
1071 1297 1153 1354 smi-

89 1397 187 1454 citior
215 1417 290 1456 eum
319 1401 454 1457 habere
487 1407 671 1469 cerneret,
708 1408 851 1458 tentore
882 1409 944 1458 eut
973 1401 1080 1458 etism
1110 1403 1153 1458 ed

89 1501 180 1560 belli
201 1504 420 1562 societatem
444 1503 628 1580 perlicere
650 1503 771 1560 iussus
795 1503 871 1580 (cod.
897 1515 1095 1580 temptaret
1117 1519 1154 1564 ut

88 1607 199 1666 etium
310 1609 526 1685 perliceret,
559 1627 616 1664 non
647 1627 731 1677 raro,
762 1618 794 1666 ut
824 1629 913 1684 supra
943 1611 1017 1682 dixi,
1047 1630 1153 1681 errore,

88 1714 248 1788 praesertim
284 1725 353 1790 post
380 1717 579 1786 cerneret).
638 1715 780 1772 Perverse
807 1713 869 1770 haec
900 1713 957 1772 diei
984 1717 1153 1774 Perizonius

89 1819 188 1879 sensit.
233 1821 311 1878 Num
334 1837 427 1894 neque
450 1827 566 1894 (quent
597 1825 666 1887 ...J
701 1819 825 1875 iussus
855 1837 910 1894 pro
947 1819 1070 1878 iussus
1100 1831 1154 1877 est

89 1922 183 1999 accipi
204 1933 316 1999 postest
337 1944 444 2000 neque,
473 1924 586 1982 etiamsi
617 1923 743 1980 addetur
764 1932 833 1992 eet,
863 1933 934 1999 epte
965 1935 1008 1982 cst
1029 1926 1059 1982 in
1085 1943 1153 1983 con·

89 2027 155 2084 silio
176 2029 365 2104 significando
382 2031 505 2088 relativa
520 2029 580 2085 haec
598 2030 749 2086 sententie.
793 2029 968 2087 Tollendum
986 2040 1029 2087 est
1051 2049 1153 2104 quern

89 2141 143 2190 aut
163 2151 200 2190 ex
222 2134 381 2209 aliquem
405 2153 503 2193 errore
525 2144 619 2191 ortum
643 2145 703 2204 sut,
725 2153 814 2208 quum
844 2135 984 2192 orationis
1011 2144 1155 2190 stmcturs

92 2257 152 2296 non
173 2239 388 2315 intelligeretur,
420 2241 564 2298 additum:
597 2239 634 2296 D.
667 2239 799 2297 missus
823 2247 877 2296 est
905 2240 946 2295 ed
969 2237 1153 2307 Gentium,

92 2346 124 2402 si
239 2335 423 2414 cerneret,
452 2355 595 2402 tentore
704 2345 836 2401 iussus.
890 2342 948 2402 Sed
979 2343 1057 2400 eliud
1078 2361 1154 2419 prse-

92 2459 174 2506 teree
195 2449 313 2506 subesse
327 2451 462 2508 mendum
484 2450 606 2508 videtur.
650 2450 837 2524 Quemquam
853 2448 928 2506 enim
953 2447 1154 2505 amicitiem

92 2573 194 2612 eorum
215 2554 345 2629 intelligi,
368 2573 490 2629 quorum
513 2554 634 2612 consilis
655 2566 855 2630 exponentur,
883 2555 939 2610 hoo
962 2561 1014 2612 est,
1044 2555 1153 2610 Romn-

91 2669 207 2730 nomm,
228 2659 269 2716 its
291 2671 421 2734 apparet,
456 2673 488 2718 ut
517 2661 567 2716 vix
605 2661 675 2718 setis
699 2679 795 2720 csusse
830 2678 892 2717 esse
922 2659 1070 2726 videatur,
1103 2675 1154 2714 cur

92 2783 158 2822 cum
174 2765 410 2822 Weissenbornio
425 2766 582 2822 scribatur:
604 2766 775 2824 nmieitise
797 2785 871 2824 curn
894 2783 922 2841 p.
945 2765 981 2823 lt.
1006 2748 1154 2820 hebere.

92 2869 271 2927 correctione
302 2887 405 2943 purum
436 2869 598 2944 probabili,
629 2871 743 2928 etiamsi
770 2871 800 2928 in
824 2870 923 2928 codice
944 2869 982 2926 sit
1003 2888 1078 2926 cnm
1100 2889 1154 2944 pro

92 2993 188 3044 eunt,
211 2973 289 3048 quod
305 2972 375 3030 mihi
394 2991 452 3030 non
468 2975 633 3045 adnotetur,
654 2985 753 3033 temen
775 2985 920 3032 tentore
941 2973 1026 3032 nimis
1047 2975 1155 3032 infinite

91 3079 219 3154 ponitur,
242 3098 294 3136 nec
317 3077 493 3152 intelligitur,
517 3080 554 3136 sd
577 3099 665 3154 quem
686 3085 749 3138 rem
771 3064 925 3137 tentandus
947 3080 1071 3140 Gentius
1093 3079 1155 3138 lue·

92 3265 291 3274 -—--—-—·-

112 3387 135 3454 ¹)
161 3391 191 3440 lu
208 3393 256 3453 §⁹
281 3406 338 3455 quse
367 3392 445 3441 verbs
473 3394 606 3444 Dukemm
631 3393 790 3444 offenderunt
809 3395 981 3458 (deinceps
1000 3393 1062 3448 bis.
1090 3407 1154 3454 quse

162 3497 269 3532 snnno
302 3486 474 3534 merebant
501 3485 669 3546 legiones,
694 3485 863 3548 stipendio
890 3483 980 3548 lecit,
1007 3500 1037 3533 en
1060 3483 1154 3532 intelli·

163 3576 247 3637 gende
267 3584 329 3640 puto
348 3577 379 3626 de
399 3577 489 3626 militie
507 3577 580 3626 iniis
598 3576 758 3639 legionibus,
787 3590 843 3638 qum
866 3578 893 3624 in
918 3577 993 3626 ltalin
1018 3576 1154 3638 quo'nnnis

162 3667 286 3714 adversus
305 3665 397 3718 Gallos
417 3670 576 3732 Liguresque
603 3677 628 3718 et
651 3677 680 3717 ut
703 3670 736 3716 sd
755 3667 843 3716 urbem
862 3679 957 3731 pumtoe
976 3678 1069 3726 essent,
1093 3669 1155 3716 scri-

162 3757 289 3806 rebantur
316 3769 343 3808 et
369 3769 457 3810 sectere
484 3763 640 3810 circumacto
657 3760 857 3820 dimittebantur,
877 3775 959 3823 cuque
977 3761 1103 3824 stipendio
1122 3761 1153 3807 nb

162 3852 193 3900 iis
212 3853 342 3913 seperari,
369 3867 425 3916 quse
449 3863 522 3903 extro
540 3853 641 3902 ltelism
661 3868 713 3902 uon
732 3861 801 3902 certo
824 3863 946 3917 tempore,
965 3855 1008 3904 sed
1028 3853 1153 3902 bellorum

162 3942 329 3991 diuturnitnte
357 3943 497 3993 linirentur.
548 3943 711 4008 Quemquam
737 3959 788 3994 non
816 3946 954 3996 admodum
986 3945 1071 4010 placet
1099 3946 1154 3993 sti·

161 4034 281 4098 pendis
300 4033 358 4098 (eo)
378 4035 504 4097 iecere,
524 4051 593 4100 qum
612 4037 760 4100 legiones
781 4047 932 4092 morcant.

118 4146 227 4186 lllllVlGll
243 4146 258 4183 li
260 4159 333 4185 nnnnnn
353 4147 406 4186 [ιη.
921 4135 953 4178 34
