2810 4644
564 263 623 348 ιιι
948 291 1005 344 ιιι,
1027 291 1127 341 xxm.

63 485 93 530 et
115 483 182 530 octo
204 474 335 532 locorum
359 473 500 549 exemplis
519 477 721 546 confirmavit,
756 476 862 550 quibus
886 476 954 532 eddi
975 476 1034 534 slis
1055 495 1125 552 pos-

63 591 140 649 sunt,
164 588 196 636 ut
216 579 357 650 xxxn,
381 581 430 636 25.
485 580 545 640 Sed
566 581 644 638 eliud
673 591 717 639 est
740 589 769 639 et
789 583 883 639 meins
904 581 1005 639 vitium
1027 581 1057 638 in
1078 601 1123 652 eo,

62 684 145 760 quod
170 703 275 762 reapse
307 704 366 742 non
387 685 486 744 finitur
506 687 563 744 hoc
584 687 648 745 loco
670 707 769 746 rerum
794 707 829 745 ee
858 699 956 746 aestnte
976 698 1123 763 gestarum

64 791 212 861 narrati03
241 811 311 850 ιιιιιιι
331 790 473 866 proximis
494 792 590 849 verbis
624 789 663 870 (c.
687 799 736 865 44,
763 799 794 852 1ι
827 793 970 852 Classis
992 811 1011 850 e
1033 791 1126 850 Cor-

63 915 156 973 cyra
182 899 254 970 cet)
284 895 389 955 transit
416 895 517 954 Livius
551 897 589 954 nd
619 917 666 956 res
695 900 768 958 meri
802 900 902 958 eodem
931 917 1006 956 nuno
1028 909 1126 974 gestes

63 1021 175 1077 casque
197 1003 234 1060 ed
256 1021 281 1064 c.
307 1007 344 1061 47
368 1002 495 1060 medium
516 1015 683 1078 persecutus
704 1005 745 1064 ibi
766 1007 881 1064 demum
902 1015 981 1062 recte
996 1005 1126 1068 subiicit:

65 1109 151 1166 Haec
178 1129 220 1167 en
251 1118 381 1167 aestate
402 1119 502 1164 terre
523 1109 688 1185 merique
710 1111 890 1169 adversus
914 1111 1123 1187 Philippum

71 1259 101 1274 ..
129 1217 173 1272 eb
197 1215 348 1273 consule
368 1214 565 1288 legatoque
585 1216 763 1276 Romanis
784 1228 897 1294 gestu.
941 1217 1019 1290 Quid
1037 1217 1125 1292 igitur

64 1319 134 1378 fiet?
163 1321 309 1378 Vitiosum
330 1319 402 1377 illud
423 1330 527 1376 erunt
550 1321 591 1380 sic
615 1323 801 1398 corrigemus,
823 1333 855 1380 ut
876 1322 961 1380 simul
978 1323 1125 1378 sententie

64 1426 169 1484 vitium
193 1427 324 1485 tolletur:
346 1426 429 1483 Haec
451 1443 492 1481 es
512 1437 639 1484 aestete
669 1430 711 1486 ab
733 1429 906 1486 Romanis
929 1429 1125 1504 Philippo-

64 1551 134 1606 que
161 1539 398 1608 gestatem
443 1529 882 1610 ClassiscCoroyrscet.
929 1535 1120 1610 Ipsennrrn-

64 1639 154 1697 tionis
186 1640 324 1698 transitus
354 1653 475 1718 paratur
505 1649 534 1696 et
569 1650 687 1696 notetur
722 1659 863 1698 concursu
890 1640 940 1698 illo
969 1641 1123 1698 verborum

63 1759 170 1802 terre
191 1756 219 1802 et
240 1741 381 1805 classis.

153 1847 226 1925 Cup.
248 1855 297 1921 47,
321 1857 353 1911 6:
376 1855 409 1914 L.
432 1855 580 1924 Furius,
601 1852 709 1909 simul
730 1851 829 1925 quod
851 1850 886 1907 in
907 1851 1057 1910 Etruria
1078 1850 1126 1907 ui·

63 1955 118 2012 hil
144 1965 224 2012 erat
243 1957 310 2029 rei,
332 1959 425 2034 quod
446 1969 608 2035 gereret,
640 1957 746 2016 simul
769 1956 916 2016 Gallico
941 1955 1126 2031 triumpho

63 2059 267 2131 imminens,
289 2083 394 2138 quern
417 2066 571 2123 absente
592 2064 741 2122 consule
764 2063 861 2120 irato
892 2073 1002 2136 etque
1032 2059 1127 2116 iuvi-

62 2167 175 2222 dente
196 2165 348 2226 facilius
380 2169 571 2246 impetrari
591 2186 701 2245 posse
722 2181 848 2238 ratus,
879 2169 1024 2225 Romam
1047 2165 1127 2222 ino-

62 2270 197 2346 pinato
236 2291 339 2347 quum
372 2277 558 2346 venisset,
600 2283 764 2332 senatum
797 2273 832 2329 in
862 2273 933 2330 sede
966 2271 1127 2329 Bellonae

60 2376 208 2436 hebuit.
275 2379 456 2440 Structorem
489 2381 627 2439 orationis
659 2379 772 2436 turbari
808 2377 978 2454 pronomine
1012 2395 1125 2451 quom,

62 2479 239 2540 Gronovius
262 2487 482 2558 animadvertit,
511 2485 742 2561 necquicquam
773 2484 800 2540 ei
827 2484 869 2541 rei
891 2483 1009 2541 remedii
1032 2482 1127 2539 attulit

63 2587 324 2649 Weissenbornius
356 2593 400 2661 (in
423 2595 468 2654 ed.
490 2593 627 2665 Teubn),
664 2591 714 2665 qui
738 2601 789 2647 sut
823 2600 925 2647 retus
947 2607 1000 2665 pro
1023 2598 1127 2646 ratus

62 2703 124 2749 est
146 2694 272 2768 positum
298 2717 362 2756 esse
383 2699 475 2770 dixit,
512 2697 589 2772 quod
615 2697 709 2772 ipsum
742 2696 771 2752 iu
801 2714 891 2771 prosa
912 2695 1043 2752 oratione
1063 2693 1124 2750 fieri

63 2798 179 2874 nequit,
213 2812 245 2857 ut
276 2803 317 2860 sic
348 2804 378 2860 in
401 2803 543 2861 sententia
567 2802 690 2860 relative
712 2802 862 2859 omittetur
890 2795 997 2870 cst¹)‚
1024 2799 1127 2856 deinde

107 2973 268 2981 ————»-

87 3079 111 3146 ¹)
140 3081 200 3130 Non
218 3082 322 3144 ignoro,
342 3093 420 3128 uuum
440 3087 466 3126 et
483 3080 590 3128 aiterum
609 3091 665 3128 csse
693 3078 720 3126 in
739 3078 893 3126 eontrarium
923 3087 1022 3141 partem
1041 3092 1128 3128 οιιειιι-

142 3173 222 3238 plum,
242 3173 334 3222 extrito
354 3184 383 3222 st
404 3181 448 3220 snt
466 3183 550 3230 sunt,
569 3171 637 3221 velut
654 3171 688 3230 X,
708 3177 750 3228 ³0,
771 3176 786 3219 4
806 3180 831 3219 et
849 3176 899 3230 ³3,
917 3174 941 3218 6.
977 3171 1059 3222 Panlo
1078 3171 1131 3223 slis

141 3282 230 3316 eorum
259 3265 373 3314 locorum
403 3265 468 3313 ratio
499 3277 553 3313 esse
578 3265 691 3324 videtur,
720 3263 763 3311 ubi
792 3277 843 3311 non
875 3262 1044 3328 interponitur
1063 3263 1129 3328 peri·

142 3360 193 3408 odo
218 3357 345 3407 sententie
371 3355 492 3415 relativo,
525 3358 568 3405 sed
594 3365 710 3406 extremo
733 3354 792 3404 loco
815 3364 935 3419 tunquam
958 3355 1129 3413 continuetur,

141 3451 212 3500 velut
229 3427 266 3510 Χ,
286 3453 328 3507 st,
348 3453 371 3497 4.
407 3447 434 3497 st
451 3461 583 3498 censuram
602 3449 739 3498 scriberem
756 3457 782 3496 et
800 3447 907 3496 alionum
925 3447 1026 3496 inventu
1044 3461 1131 3511 perse·

142 3557 242 3609 queror,
262 3543 288 3591 in
308 3557 331 3594 c.
350 3545 384 3590 46
403 3555 521 3602 quererer
538 3541 647 3605 primunr
666 3541 680 3604 ξ
701 3547 733 3590 10
751 3542 854 3590 retineri
874 3537 1009 3589 manifesto
1027 3553 1130 3603 perver-

142 3649 198 3685 ssrn
218 3635 367 3692 orationem,
384 3647 461 3696 quem
479 3636 532 3682 nnc
549 3633 634 3683 litters
649 3643 746 3683 mutata
765 3633 872 3696 (sprot)
892 3642 918 3682 et
936 3631 1039 3680 meliors
1052 3631 1132 3678 inter·

143 3727 284 3791 punctione
302 3726 465 3792 Kreyssigius
490 3727 553 3790 (sive
577 3727 633 3791 quis
653 3726 719 3776 nlius
736 3735 826 3776 unctor
850 3726 902 3786 est)
926 3725 1035 3774 eruerit:
1061 3723 1131 3772 tels

143 3821 336 3882 ingerentes
354 3829 383 3868 et
402 3819 545 3884 pondere
559 3819 789 3881 ingentisnxs.
809 3817 1026 3868 Faciebentet
1045 3816 1133 3864 enni·

145 3913 239 3963 culos
258 3919 289 3960 et
313 3911 473 3976 quicquid
495 3911 588 3960 atiud
615 3911 725 3974 priore
744 3911 993 3975 oppugnatione
1016 3921 1133 3972 exper-

143 4016 209 4055 tum
227 4003 407 4068 proiceret.
450 4005 552 4054 Deinde
576 4018 628 4053 non
647 4003 730 4052 minus
750 4003 870 4062 mirarer,
894 4003 920 4051 in
944 4003 959 4064 ξ
980 4007 1008 4051 ll
1030 4003 1132 4052 retineri

144 4113 201 4148 enm
221 4096 381 4161 scripturum,
399 4098 426 4146 in
444 4112 502 4161 que,
524 4095 574 4145 nisi
592 4097 642 4144 vim
664 4095 753 4153 iscius,
772 4093 929 4145 Macedones
944 4093 1038 4145 Oreum
1057 4097 1134 4145 tntsti
