2822 4648
303 249 361 300 Lib.
381 249 431 302 111.
781 251 819 308 86

269 436 319 492 sed
342 452 484 510 quoque
505 451 563 492 nou
583 432 827 508 transponendum
846 441 898 504 est,
920 433 970 490 sed
991 433 1152 505 delendum,
1174 443 1270 492 ortum
1292 454 1330 492 ex

270 541 314 611 iis,
337 560 400 616 quae
423 539 623 598 subiiciuntur:
655 555 738 594 cura
763 539 865 614 pacis
887 540 1089 597 concordiae
1111 559 1253 614 quoque
1274 541 1330 598 in-

270 647 412 704 testinae
448 662 559 704 causa
591 642 675 710 iuit,
714 643 763 702 ubi
799 653 876 702 recte
914 645 1044 720 ponitur,
1079 645 1195 704 inverso
1231 667 1329 705 rerum

268 753 377 812 ordine.

354 857 427 934 Cap.
451 861 499 926 67,
523 860 540 914 6
570 855 608 923 (in
633 855 764 913 oratione
785 859 822 918 T.
846 856 972 930 Quinctii
993 856 1150 934 Capitolini
1176 859 1334 935 consulis):

270 966 351 1023 Non
387 964 444 1021 illi
476 963 581 1037 (AEqui
620 971 649 1019 et
679 962 792 1034 Volsci)
833 974 991 1022 vestram
1026 964 1209 1038 ignaviam
1244 984 1329 1024 eon·

270 1081 449 1146 tempsere
478 1087 540 1126 nec
568 1087 637 1125 suae
670 1069 801 1126 virtuti
830 1069 964 1128 conlisi
994 1079 1089 1138 sunt;
1119 1071 1252 1147 quippe
1273 1081 1333 1128 to·

270 1175 341 1232 ties
362 1174 435 1232 fusi
456 1173 661 1252 fugatique,
684 1176 817 1232 castris
839 1175 954 1246 exuti,
976 1194 1062 1250 agro
1085 1177 1244 1246 multati,
1264 1180 1332 1235 sub

270 1282 389 1356 iugum
422 1281 523 1338 missi
545 1291 579 1339 et
605 1299 641 1338 se
671 1291 704 1338 et
730 1300 794 1338 vos
816 1301 958 1340 novere.
1012 1281 1210 1340 Discordia
1231 1284 1331 1340 ordi-

270 1407 349 1444 num
384 1395 439 1442 est
472 1405 646 1444 venenum
677 1388 777 1445 urbis
811 1389 931 1459 huius,
963 1397 1104 1462 patrum
1138 1408 1178 1445 ae
1210 1389 1331 1465 plebis

271 1493 486 1554 certamina:
518 1493 595 1550 dum
622 1513 685 1551 nee
709 1495 814 1552 uobis
841 1493 985 1569 imperii
1006 1511 1069 1550 nec
1089 1493 1194 1550 vobis
1217 1493 1332 1550 liber·

271 1600 359 1656 tatis
389 1610 443 1656 est
471 1599 610 1666 modus,
641 1599 719 1656 dum
747 1601 854 1658 taedet
884 1617 948 1656 vos
979 1599 1233 1674 patriciorum,
1265 1600 1334 1656 hos

271 1706 494 1781 plebeiorum
530 1704 824 1780 magistratuum,
866 1705 1049 1762 sustulere
1086 1704 1142 1761 illi
1180 1705 1330 1763 animos

271 1813 339 1870 Non
362 1820 439 1868 recte
460 1829 497 1866 ex
519 1829 553 1868 eo
575 1811 649 1886 ipso,
673 1811 750 1885 quod
772 1811 889 1868 taederet
903 1811 1015 1886 plebem
1035 1809 1222 1887 patriciorum
1237 1809 1332 1884 magi-

270 1926 427 1986 stratuum,
448 1916 586 1992 patricios
605 1917 796 1992 plebeiorum,
825 1935 877 1974 nec
900 1937 936 1974 ex
957 1918 1046 1976 nimio
1067 1916 1254 1992 patriciorum
1276 1915 1332 1972 im·

270 2021 343 2096 perii
365 2040 478 2092 amore,
510 2023 685 2098 plebeiorum
708 2024 862 2094 libertatis,
892 2024 985 2098 AEqui
1009 2033 1037 2080 et
1059 2023 1160 2080 Volsci
1181 2022 1333 2079 sustulisse

272 2127 384 2183 animos
406 2127 551 2198 dicuntur3
575 2129 681 2204 (neque
702 2129 777 2185 enim
794 2130 831 2186 ad
848 2148 898 2186 eos
913 2129 964 2186 illa
979 2129 1187 2204 pertinebant3)
1211 2137 1333 2202 propter

271 2233 429 2290 certamina
451 2253 488 2290 ex
515 2235 571 2292 illis
600 2235 701 2292 studiis
732 2245 797 2292 orta
822 2235 962 2292 rebellare
989 2235 1052 2292 ausi
1078 2243 1169 2292 erant.
1225 2234 1333 2308 Itaque

270 2338 408 2411 Clericus,
430 2359 515 2416 quern
528 2341 713 2418 Kreyssigius
735 2351 848 2398 secutus
870 2351 921 2410 est,
945 2341 986 2398 sic
1008 2340 1168 2398 orationem
1190 2339 1332 2408 distinxit,

270 2465 328 2504 una
350 2431 446 2504 litlera
467 2446 581 2506 addita:
604 2447 801 2506 Discordia
822 2456 875 2503 est
896 2466 1067 2504 venenum
1089 2445 1189 2502 urbis
1210 2445 1331 2514 liuius3

269 2563 411 2630 patrum
437 2573 476 2612 ae
497 2554 619 2629 plebis
642 2552 856 2619 certamina,
878 2551 956 2608 dum
977 2583 1018 2592 ——
1034 2552 1331 2626 magistratuum,

270 2659 455 2716 sustulere
477 2660 556 2720 lllls
578 2658 733 2728 animos,
764 2667 796 2714 ut
815 2657 865 2714 illa
892 2657 974 2714 dum
1002 2677 1065 2716 nec
1087 2657 1190 2714 nobis
1214 2665 1269 2714 cet.
1292 2658 1330 2713 ad

271 2765 457 2822 certaminum
481 2783 598 2822 causam
622 2773 648 2820 et
671 2775 804 2820 naturam
825 2763 1009 2820 indicandam
1030 2763 1180 2820 addantur.
1217 2762 1245 2816 V
1248 2781 1331 2818 erum
1401 2755 1402 2760 ἵ

269 2889 304 2926 eo
327 2871 420 2944 magis
442 2879 571 2945 apparet,
596 2887 682 2942 quarn
709 2886 844 2944 perverse
866 2869 940 2926 inter
961 2870 1021 2926 haec
1043 2878 1071 2925 et
1092 2867 1243 2944 superiora
1264 2869 1332 2926 illa:

271 2994 338 3032 non
360 2975 418 3031 illi
439 2983 601 3032 vestram
630 2974 816 3049 ignaviam
842 2983 1153 3048 contempsere-
1181 2983 1276 3030 etse
1297 2987 1332 3031 et

270 3099 333 3137 vos
357 3098 491 3136 novere
521 3079 709 3138 iuteriiciatur
739 3079 880 3137 sententia
901 3079 952 3136 ille
973 3080 1008 3137 de
1030 3080 1174 3138 discordia
1195 3081 1330 3138 ordinum

271 3186 348 3243 urbis
371 3185 511 3243 Romana
535 3205 659 3256 veneno;
683 3186 872 3260 nequeenim
897 3185 933 3242 de
956 3185 1119 3261 reipublicae
1140 3194 1226 3255 statu,
1247 3186 1334 3260 inge·

269 3292 332 3362 nic,
354 3291 437 3348 malis
459 3290 592 3347 universe
616 3291 725 3366 agitur,
747 3293 797 3348 sed
818 3292 885 3366 quid
902 3292 1010 3366 AEquis
1033 3301 1061 3350 et
1078 3292 1193 3350 Volscis
1215 3293 1329 3350 animos

269 3399 377 3460 lecerit.
425 3397 465 3456 Ni
489 3396 590 3468 fallor,
623 3397 705 3456 utin
728 3407 857 3454 extrema
884 3398 1025 3456 sententia
1047 3419 1105 3455 una
1126 3399 1260 3456 addenda
1282 3399 1330 3454 lit-

270 3517 331 3563 tera
356 3505 446 3580 (illis
468 3523 521 3578 pro
543 3503 626 3577 illi),
648 3504 689 3562 sie
711 3502 792 3560 initio
815 3521 872 3558 uua
893 3503 1072 3560 detrahenda
1094 3515 1146 3573 est,
1167 3513 1198 3561 ut
1212 3505 1253 3561 sic
1276 3505 1328 3560 de-

269 3620 366 3666 currat
387 3610 493 3666 oratio:
533 3611 732 3670 Discordia
763 3606 925 3666 ordinum
959 3617 992 3672 at
1021 3628 1193 3668 venenum
1222 3611 1332 3667 huius

269 3715 382 3788 urbis,
411 3725 550 3791 patrum
582 3736 621 3774 ae
651 3715 773 3792 plebis
803 3714 1016 3786 certamina,
1047 3715 1126 3772 dum
1151 3749 1188 3757 —-
1211 3715 1328 3790 magi-

268 3831 459 3890 stratuum,
481 3824 668 3908 sustulere
690 3822 770 3885 lllls
793 3822 937 3881 animos.
983 3819 1115 3878 Ceterum
1139 3840 1196 3877 non
1217 3821 1329 3892 dubito,

269 3930 337 4004 quin
359 3937 435 3986 recte
456 3929 485 3985 in
512 3927 603 3984 tribus
625 3927 772 3986 codicibus
795 3927 973 4004 interpolatis
996 3927 1226 3985 Drakenborchii
1248 3927 1328 3984 etin

267 4035 439 4092 editionibus
467 4053 485 4090 a
513 4033 699 4090 Frobeuiana
729 4051 820 4108 usque
852 4034 889 4090 ad
916 4031 1224 4090 Drakenborehianem
1257 4033 1329 4090 scri·
