2822 4648
603 303 658 358 155
996 301 1052 350 Lib.
1067 300 1126 349 Vll.

91 483 209 542 Somno
231 502 352 559 gravem
376 492 583 559 oppresserunt
608 483 687 540 etin
709 491 806 539 cestre
827 491 1040 558 pertraxerunt.
1083 487 1164 542 Ante

91 588 197 645 omnia
219 588 318 663 quiete
339 599 434 646 meme
456 587 650 645 secedendum
673 587 776 646 ested
805 587 887 646 locos
916 589 946 645 in
968 590 1161 665 suspicionem

93 689 261 758 vocatos¹).

181 797 256 875 Cep.
279 805 339 870 40,
375 799 484 856 teis
518 799 559 871 (in
587 797 688 855 eedem
710 799 903 868 uerruticneir
935 801 1068 875 Itaque
1090 802 1161 858 ium

93 905 219 974 duces,
239 905 310 962 ism
333 904 472 961 milites
494 903 676 978 utrimque
696 922 918 980 congressus
941 925 1101 980 querere
1118 906 1161 963 ed

94 1011 305 1085 colloquiu3
329 1009 534 1083 Quinctius,
557 1027 656 1083 quem
680 1027 862 1068 armorum
884 1011 993 1070 etism
1015 1032 1080 1088 pro
1102 1031 1160 1087 ps·

94 1116 171 1172 trie
192 1115 353 1174 satietas
375 1114 668 1185 teneretuedum
689 1115 868 1172 adversus
889 1113 1162 1191 petriam,(lor·

94 1223 208 1278 vinus
241 1239 363 1278 omues
395 1221 554 1278 caritate
586 1219 702 1286 cives,
745 1221 929 1297 praecipue
960 1221 1097 1278 milites
1129 1231 1163 1279 et

95 1337 182 1384 ente
215 1327 313 1384 ulios
347 1346 448 1384 suum
481 1325 683 1383 exercitum
717 1327 938 1402 complexus,
969 1327 1012 1384 ed
1045 1327 1161 1384 collo·

96 1432 222 1507 quium
251 1433 446 1508 processit.
504 1429 663 1506 Cognito
692 1431 725 1487 ei
753 1432 936 1506 extemplo
960 1465 997 1476 -
1021 1432 1163 1488 silenti·

95 1557 151 1596 um
174 1539 306 1595 datum.
357 1537 430 1594 Haec
459 1555 517 1594 nou
546 1545 624 1596 recte
652 1538 761 1594 hebere
783 1546 811 1593 et
838 1545 961 1613 apparet
988 1547 1017 1592 et
1037 1536 1162 1606 fuerunt,

95 1643 148 1720 qui
171 1643 443 1700 animadverterent.
487 1641 535 1698 Ite
557 1642 632 1698 enim
656 1660 675 1700 o
695 1641 782 1700 Livio
804 1641 955 1715 Quinctius
979 1651 1008 1698 et
1018 1640 1163 1699 Corvinus

95 1756 327 1823 componuntur,
348 1749 500 1823 diligenter
521 1755 675 1821 exaequste
697 1747 837 1804 orationis
855 1746 960 1818 forme,
982 1747 1023 1804 ite
1034 1747 1064 1802 in
1080 1756 1159 1804 utro·

97 1873 157 1930 que
178 1873 215 1910 es
236 1863 517 1925 commemorentur,
549 1861 670 1928 propter
700 1871 765 1926 quse
786 1853 948 1910 concordie
974 1853 1163 1910 conciliandus

95 1969 221 2018 conotus
246 1960 284 2016 sb
316 1959 351 2016 iis
373 1959 537 2033 exspectari
565 1959 708 2034 potuerit,
741 1958 884 2015 eminente
905 1958 992 2014 etiem
1013 1957 1042 2013 in
1065 1957 1162 2033 priore

95 2077 182 2142 parte
206 2066 258 2136 (de
279 2062 428 2137 Quinctio)
450 2061 566 2138 inipso
586 2064 667 2121 verbi
686 2064 773 2121 niodo
789 2061 957 2139 (teneret)
980 2081 1075 2120 ceusae
1104 2063 1163 2137 sig·

115 2312 141 2378 ¹)
169 2317 292 2366 Eiusdem
311 2315 401 2377 cepitis
419 2315 434 2375 5
454 2318 486 2372 6,
510 2313 631 2374 quonium
650 2329 696 2377 pro
715 2329 758 2372 eo,
790 2313 859 2377 quod
876 2313 902 2360 in
922 2313 1052 2362 codicibus
1071 2287 1161 2361 scribi-

169 2417 226 2458 tur:
253 2421 369 2456 uersos
393 2407 639 2454 coniurationis
667 2405 797 2455 eiectos
822 2413 892 2454 erte
920 2405 1071 2454 consulis
1090 2419 1159 2452 cer·

169 2507 291 2556 nentes,
310 2511 326 2546 s
343 2496 528 2544 recentioribus
548 2497 683 2558 (Bellero,
699 2497 921 2556 Weissenboruio,
941 2497 1052 2555 Hertzio)
1079 2496 1163 2544 eduo-

169 2603 239 2640 tetur
250 2589 357 2638 Putosui
372 2589 520 2638 coniectare
537 2599 698 2650 exsectos,
714 2589 977 2641 omittiturGebhsrdi
995 2589 1161 2648 etGronorii‚

170 2699 222 2749 qus
240 2697 291 2732 uuo
309 2689 409 2730 tentum
429 2682 521 2730 littere
540 2683 620 2731 ductu
639 2683 741 2746 lougius
755 2691 837 2734 tracto
853 2680 874 2744 (l
887 2696 933 2745 pro
947 2681 965 2740 l)
977 2679 1005 2728 fit
1018 2679 1158 2739 electos,

170 2777 254 2828 dicem
280 2775 307 2824 iu
330 2783 492 2832 transcursu,
523 2774 591 2824 huuc
615 2790 702 2824 sersus
724 2783 750 2824 et
772 2783 868 2824 certem
888 2788 953 2822 csse.
1004 2771 1069 2822 Nem
1094 2787 1159 2836 prte-

170 2879 209 2919 ter
226 2867 319 2916 Lucilii
348 2867 534 2927 testimouium,
560 2881 647 2917 versus
671 2867 775 2916 modulo
799 2867 912 2925 firmum,
939 2867 982 2929 qui
1010 2875 1036 2915 et
1062 2881 1161 2915 exse·

170 2975 245 3010 cere
263 2967 290 3008 et
308 2959 430 3009 elidere
449 2960 575 3017 excludit,
606 2961 672 3022 spud
694 2958 844 3008 Ciceronem
868 2973 919 3007 uon
944 2957 1026 3007 solum
1045 2959 1162 3011 inTusc.

169 3051 224 3112 111,
247 3057 281 3100 34
305 3053 388 3101 codex
405 3052 491 3113 regius
516 3063 601 3117 spcrtc
619 3051 710 3101 hebet:
741 3052 868 3115 stirpes
893 3051 1102 3112 egritudinis
1129 3078 1160 3086 -

170 3143 334 3208 eligenda
358 3151 447 3202 sunt,
480 3143 525 3193 sed
551 3143 626 3191 etde
644 3141 728 3193 Dicin.
754 3143 794 3203 11,
826 3147 876 3203 72,
907 3142 951 3192 ubi
976 3143 1003 3190 iu
1030 3143 1161 3192 codicibus

170 3245 211 3286 cst
229 3234 380 3299 (stirpes)
407 3235 603 3293 eiicieudse‚
629 3235 711 3284 multo
736 3233 838 3285 facilius
855 3235 884 3284 lit
909 3235 1069 3296 eligendus
1089 3237 1161 3298 (uem

169 3329 297 3391 eligere
315 3335 341 3376 et
358 3328 482 3376 eiicere
500 3327 639 3391 sepissime
651 3327 854 3391 confunduntur)
872 3343 948 3392 quum
973 3329 1164 3378 excidendo

170 3429 215 3470 eut
233 3420 405 3478 elidendse,
425 3429 451 3470 et
469 3427 533 3468 oret
552 3419 579 3468 11
598 3420 629 3468 dc
648 3421 700 3482 leg.
721 3434 775 3482 sgr.
796 3425 838 3481 ³³,
858 3420 901 3470 ubi
921 3419 1019 3468 editur:
1050 3419 1161 3468 uersis

172 3541 203 3551 -
224 3513 387 3572 exsectis,
418 3514 444 3562 in
463 3512 594 3562 codicibus
621 3512 740 3562 scribitur
765 3521 794 3561 ut
817 3513 860 3562 hic
886 3509 1016 3572 eiectis,
1039 3511 1088 3559 hoc
1113 3518 1161 3570 cst,

170 3605 299 3656 clectis.
344 3603 393 3654 Est
410 3605 489 3668 igitur
506 3606 533 3652 iu
554 3603 595 3653 bis
613 3605 677 3653 locis
702 3604 826 3665 eligere
845 3604 887 3662 id,
918 3603 986 3666 quod
1010 3603 1163 3652 Germanico

170 3695 555 3764 surrupieu,sussupleu
575 3697 683 3754 dicitur,
711 3696 841 3761 quomodo
859 3695 944 3744 Vsrro
970 3702 995 3742 et
1015 3693 1161 3743 Columclic

170 3793 300 3850 herber,
320 3789 465 3852 gremino
482 3787 607 3851 eligere
625 3789 753 3841 dixerunt.
790 3788 871 3838 Aliud
884 3795 932 3850 est,
943 3785 991 3835 etsi
1011 3795 1163 3849 cognatum,

171 3899 263 3934 nervos
294 3883 454 3938 incidere,
486 3879 612 3930 elidere
647 3879 745 3945 (scripu
770 3875 926 3947 interresse,
963 3885 1163 3948 scoposousiv).

172 3977 238 4027 Cum
266 3975 349 4024 uersis
380 3973 497 4022 eiectis
527 3974 676 4038 pressissime
714 3981 894 4038 comparentur
917 3975 1030 4024 eculei
1059 3975 1165 4038 (elicui)

171 4081 315 4120 excuser.
