2820 4646
234 239 290 291 nin.
305 239 386 292 XLV.
739 245 798 302 624

233 425 360 484 erbitror
382 425 417 488 Ιι
439 425 720 508 ripefluminis3
759 425 807 502 (in
843 427 987 486 intercidit
1019 429 1058 486 ob
1085 429 1301 504 precedentem

232 532 357 590 litteram
381 533 431 606 Ι).
486 532 533 590 Ibi
564 533 639 590 eninr
663 551 679 589 e
701 532 825 590 navibus
856 533 934 592 elate
962 535 1057 612 spolia
1077 537 1302 610 exspectabant,

233 647 265 698 ut
293 639 460 714 triumphali
488 647 575 714 porta
601 639 630 696 in
663 639 763 696 urbem
786 640 967 700 veherentur.
1026 641 1167 698 Proxima
1188 639 1219 716 (ς
1247 645 1299 716 15)

232 765 320 822 quum
352 745 381 802 in
404 744 505 802 codice
526 745 567 802 sic
589 744 799 802 scriberentur:
835 745 880 802 Et
913 754 951 802 tu
990 747 1162 804 centurio
1192 747 1301 806 miles

232 851 363 927 quibus
385 853 428 910 eb
450 849 662 926 imp.Peulo
684 847 842 906 donatus
863 849 1171 926 decrevitpotiue
1186 871 1298 928 quem

232 957 382 1018 Servius
414 957 533 1017 Gelbe
563 955 783 1014 fabulentur
815 956 919 1014 endis
951 967 986 1014 et
1006 959 1075 1014 hoc
1096 957 1220 1018 dicere
1242 977 1300 1016 me

230 1063 359 1140 potins
382 1083 489 1139 quem
511 1063 614 1121 illum
637 1063 738 1132 audi,
771 1061 915 1137 Gryneus
937 1081 1057 1138 prorsus
1078 1062 1231 1122 infeliciter
1255 1065 1299 1122 sie

230 1169 432 1248 interpolavit,
467 1188 485 1226 a
512 1168 611 1226 codice
639 1167 726 1243 longe
756 1167 921 1226 discedens:
951 1170 999 1228 Et
1022 1179 1075 1240 tu,
1105 1171 1298 1242 centurio,

231 1275 348 1346 miles,
370 1275 456 1351 quid
477 1274 522 1332 de
543 1275 625 1350 imp.
649 1273 767 1332 Paulo
789 1285 941 1333 senatus
963 1275 1144 1346 decrerit,
1165 1277 1297 1352 potins

232 1402 336 1458 quem
358 1381 442 1457 quid
467 1381 571 1442 Serv.
595 1379 716 1438 Gelbe
741 1379 945 1452 fabuletur,
968 1383 1070 1452 audi,
1096 1391 1131 1440 et
1151 1384 1221 1440 hoc
1245 1383 1295 1441 di-

230 1506 313 1546 cere
334 1497 388 1546 cet.
430 1489 508 1546 Nam
532 1505 625 1562 neque
648 1487 710 1544 haec
733 1495 810 1544 recte
831 1487 906 1544 inter
927 1507 958 1546 so
981 1487 1159 1546 referuntur:
1196 1501 1231 1546 et
1258 1535 1288 1550 ..

231 1595 325 1666 andi,
347 1603 380 1652 et
406 1639 435 1658 ,.
464 1593 560 1663 audi,
583 1594 627 1666 (ut
653 1593 785 1650 omittam
810 1603 846 1650 tn
869 1593 910 1650 sic
931 1594 1068 1670 positum,
1090 1603 1122 1650 ut
1144 1594 1182 1650 ed
1204 1595 1293 1653 aliam

230 1719 383 1776 personam
405 1701 563 1758 transitura
584 1699 678 1756 oratio
699 1699 844 1772 videntur)
867 1719 920 1758 nec
936 1708 1053 1758 senatus
1076 1700 1193 1758 decretu
1216 1722 1293 1762 nnnc

229 1807 400 1866 recitaturus
422 1815 466 1865 eet
486 1805 635 1866 Servilius.
678 1805 821 1864 Extrema
843 1816 958 1876 autern,
988 1825 1052 1882 qne
1080 1806 1225 1883 Gryneus
1245 1810 1292 1868 in·

230 1921 309 1970 tecte
324 1913 448 1988 reliquit,
469 1912 620 1989 perspicue
641 1923 778 1988 corrupta
798 1924 878 1981 sunt;
909 1931 977 1970 nem
1008 1931 1103 1988 neque
1132 1915 1201 1972 hoc
1222 1935 1291 1992 pro-

228 2037 335 2076 nomen
359 2037 418 2094 qno
440 2017 601 2088 referatur,
624 2017 806 2094 intelligitur,
835 2039 889 2076 nec
922 2019 1077 2095 quicquam
1099 2027 1129 2076 ct
1151 2019 1289 2080 Servilius

229 2133 259 2182 et
280 2123 378 2184 Gelba
404 2125 555 2193 dicebant,
587 2123 665 2199 quod
695 2143 715 2180 e
736 2143 769 2181 se
789 2125 886 2201 potins
908 2125 1002 2182 eudiri
1025 2124 1166 2184 Servilius
1187 2127 1287 2198 vellet3

230 2231 354 2288 debebat
375 2231 462 2289 etiem
484 2231 663 2288 dicentem
686 2230 894 2308 scribi310nge
923 2231 998 2288 euim
1029 2231 1109 2288 eliud
1132 2243 1176 2290 est
1201 2243 1230 2290 et
1250 2235 1288 2292 ab

229 2337 371 2394 hocloco
394 2337 612 2394 alienissimum:
634 2335 745 2393 eudio
776 2335 903 2414 (accipio
926 2339 964 2396 ab
986 2337 1063 2406 eliis)
1087 2337 1287 2398 Servilium

230 2443 363 2502 dicere.
417 2443 565 2502 Orationis
595 2441 691 2499 forme
712 2444 867 2519 apparebit
890 2455 919 2502 et
939 2463 1011 2502 vera
1032 2446 1175 2518 sententie
1196 2465 1288 2504 emer·

229 2559 278 2626 get
299 2548 405 2606 codicis
426 2549 549 2625 vestigia
567 2547 688 2624 propius
710 2551 868 2624 sequendo.
913 2551 1013 2608 Livius
1036 2551 1111 2608 eninr
1133 2551 1175 2610 sic
1197 2554 1289 2629 scrip·

230 2655 280 2713 sit:
315 2656 360 2714 Et
394 2661 476 2726 inm,
515 2655 684 2713 centurio
721 2656 915 2730 milesque,
952 2655 1084 2731 quibus
1126 2658 1170 2714 eb
1206 2659 1289 2734 inrp.

229 2761 349 2820 Paulo
371 2763 529 2820 donatus
552 2761 760 2832 cedeonis
781 2763 915 2838 potius,
944 2783 1048 2839 quern
1077 2763 1162 2838 qnid
1184 2763 1288 2824 Serv.

230 2865 820 2944 Galbalubricamentum,er
841 2870 1021 2932 bodleme
1042 2869 1164 2945 potius
1180 2888 1287 2945 quem

228 2971 330 3030 illurn
352 2971 445 3028 audi.
497 2973 547 3030 Ad
583 2972 753 3029 memoriam
787 2972 904 3032 fortium
936 2975 1080 3034 factorum
1113 2977 1290 3052 honorisque

230 3079 271 3136 eie
307 3096 326 3136 a
359 3077 453 3135 Paulo
480 3078 571 3136 habiti
607 3078 747 3137 Servilius
782 3079 905 3136 militum
939 3080 1051 3137 animos
1077 3093 1213 3152 revocat3
1256 3093 1290 3140 ut

229 3193 290 3243 tum
326 3183 511 3261 imperatoris
547 3183 683 3241 leudibus
716 3184 775 3242 laeti
807 3184 967 3242 malevolos
1002 3184 1108 3244 Gelbre
1140 3203 1289 3243 sermones

228 3291 409 3367 spreverint,
460 3291 501 3348 sic
533 3307 609 3347 nnnc
653 3287 714 3346 eius
745 3289 907 3348 orationem
939 3309 1075 3367 spernere
1111 3309 1162 3348 eos
1199 3291 1290 3348 iubet.

228 3397 322 3455 Paulo
344 3396 460 3454 brevius
482 3406 553 3453 turn
576 3394 700 3454 refertur
723 3397 760 3454 ad
782 3396 877 3473 ipsum
900 3397 1008 3455 militie
1039 3407 1171 3472 tempus,
1210 3397 1291 3472 quod

228 3503 403 3561 centurionis
432 3513 461 3560 et
491 3501 589 3559 militis
611 3501 769 3578 tippelletio
791 3504 978 3560 demonstrat.
1029 3503 1127 3562 Unum
1149 3502 1237 3558 etiem
1258 3501 1290 3559 in

227 3610 283 3667 hoc
306 3609 410 3686 capite,
433 3609 512 3684 quod
532 3617 592 3666 tem
618 3609 668 3666 diu
689 3625 744 3666 uos
765 3609 865 3678 tenuit,
885 3617 984 3666 restat.
1025 3609 1106 3666 Nem
1130 3606 1236 3682 qnod§
1252 3611 1290 3666 16

227 3716 376 3773 scribitnrr
398 3735 463 3791 ego
483 3727 537 3772 ter
558 3724 592 3772 et
609 3715 729 3773 vicies
751 3733 827 3773 cum
849 3716 1031 3791 hosteper
1051 3713 1291 3790 provocatio·

227 3841 306 3879 nem
330 3819 506 3898 pugnavi,
543 3829 572 3877 et
594 3821 727 3878 cretione
749 3840 873 3897 pravum
895 3833 939 3878 est
959 3823 1009 3897 (—-
1034 3839 1102 3878 nam
1124 3839 1161 3878 ex
1180 3837 1290 3895 provo·

227 3925 341 3982 catione
370 3935 535 4001 pugnetur,
571 3945 630 3984 non
662 3946 716 4003 per
746 3927 1002 4004 provocationem,
1040 3926 1124 4002 quasi
1145 3925 1175 3983 id
1197 3925 1290 4002 ipsius
1394 3927 1396 3948 ¹

227 4045 331 4102 pugne
349 4041 442 4103 'genus
463 4031 510 4101 sit,
533 4038 587 4102 -J
606 4041 635 4088 et
655 4032 763 4090 codicis
785 4033 949 4092 testimonio
965 4033 1157 4110 redarguitur,
1177 4033 1207 4090 in
1230 4051 1290 4108 quo
