2800 4646
289 265 348 319 Lib.
355 263 455 316 xxiv.
756 266 816 324 276

253 450 418 508 cultores
445 449 669 527 apparuisse.
726 449 762 508 Iu
796 449 842 506 his
875 467 991 524 quoque
1023 449 1161 508 extremis
1191 457 1321 525 apparet

252 557 334 627 lenis,
356 565 388 614 ut
408 555 479 626 dixi,
502 555 613 627 irrisio,
636 574 701 631 quta
722 572 745 614 c.
769 558 818 626 tt,
843 556 860 612 8
885 556 1018 616 acerbior
1040 565 1092 614 est.

343 658 415 738 Cap.
441 663 490 734 20,
517 665 551 720 l4
575 671 605 719 et
629 663 665 720 lb
694 660 789 718 oratio
811 661 854 718 sic
877 661 1107 738 interpungenda
1138 672 1195 719 est:
1218 663 1319 733 (Han-

253 767 344 840 nibal)
439 787 533 826 vana
553 767 738 843 promissa
759 775 949 826 setemere
970 777 1133 824 secutum
1149 786 1319 840 cernens,

254 882 378 931 castra
399 873 483 930 inde
503 873 626 944 movit,
645 882 717 931 tum
740 891 883 948 quoque
905 873 1049 930 intacto
1070 891 1161 947 agro
1179 873 1318 930 Taren-

253 979 343 1050 tino,
365 998 583 1054 quamquam
606 979 778 1036 simulata
799 978 934 1036 lenitas
960 976 1139 1034 nihildum
1166 977 1318 1054 profue-

253 1095 320 1158 rat,
341 1094 461 1144 tamen
485 1103 548 1161 spe
568 1083 844 1144 labefactandae
871 1082 964 1142 fidei
993 1082 1088 1140 haud
1116 1083 1314 1142 absistens.

254 1192 445 1268 Salapiam
469 1200 507 1250 ut
528 1192 630 1248 venit
664 1199 734 1262 cet,
766 1190 903 1249 ablativis
930 1189 1070 1246 absolutis
1092 1189 1128 1244 de
1155 1188 1251 1246 forma
1270 1191 1317 1248 rei

155 1283 158 1286 ¹
254 1299 374 1375 agendas
396 1298 504 1373 eisque,
527 1316 591 1373 quae
611 1297 780 1374 primariam
803 1297 945 1356 actionem
968 1294 1106 1370 (movit)
1129 1296 1318 1366 comitantur,

254 1407 292 1463 ad
314 1405 491 1482 superiorem
515 1404 686 1462 sententiam
719 1403 863 1462 adiunctis
894 1401 968 1481 (vid.
990 1421 1019 1478 p.
1046 1406 1120 1470 l44;
1154 1403 1201 1472 ΙΙ,
1225 1406 1312 1472 lav

253 1508 329 1585 εει).
374 1512 444 1570 Nou
466 1527 747 1581 commemorassem,
780 1510 835 1568 uisi
858 1509 1002 1568 notandus
1029 1506 1114 1564 simul
1141 1518 1216 1564 esset
1246 1519 1316 1582 post

252 1618 307 1678 hos
328 1617 472 1674 ablativos
490 1615 685 1674 nominativus
696 1616 843 1692 participii
866 1613 1077 1690 (absistens)
1090 1613 1127 1668 ad
1143 1612 1316 1688 primarium

253 1723 373 1780 verbum
393 1721 512 1780 relatus.

336 1825 410 1902 Cap.
434 1827 507 1898 22st
532 1826 638 1884 multos
660 1828 765 1886 abhinc
787 1844 879 1884 annos
900 1825 1032 1883 videram
1051 1823 1189 1882 mendose
1210 1822 1317 1879 scribi:

253 1931 497 1990 servitudinis
525 1931 843 2008 indignitatisque
865 1932 1028 1990 homiues
1053 1939 1240 2004 expertos,
1261 1929 1316 1986 iis·

255 2039 330 2108 dam,
352 2055 417 2112 quae
441 2037 710 2097 Weissenbornium
732 2047 893 2108 moverunt,
914 2034 1314 2104 indiciiscommotus‚inau-

254 2143 314 2200 dito
336 2143 588 2202 servitudinis
609 2145 734 2216 nomine,
756 2163 845 2220 quum
869 2151 974 2219 proesto
996 2151 1072 2200 esset
1091 2139 1313 2198 usitatissimum

253 2248 458 2320 servitutis,
481 2259 510 2306 et
519 2251 663 2326 participii
685 2258 861 2325 expertus
883 2245 1318 2324 cumgenitivoooniunctioue3

253 2355 448 2431 corrigebam:
471 2357 667 2414 servitutis
689 2373 777 2414 onus
798 2353 1116 2430 indignitatesque
1137 2354 1166 2411 h.
1182 2369 1316 2426 exper-

252 2469 327 2532 tos,
357 2481 410 2520 nec
431 2471 529 2520 tamen
558 2461 589 2518 id
610 2463 840 2538 supplementum
874 2461 937 2518 aliis
968 2459 1101 2536 praelaro.
1150 2455 1316 2516 Certiorem

254 2569 484 2627 emendationem
505 2577 635 2626 extremm
658 2568 746 2645 capiti
775 2568 804 2640 (ξ
830 2567 879 2639 ll)
911 2563 1021 2634 aliero,
1055 2565 1104 2622 ubi
1133 2563 1175 2621 sic
1203 2563 1313 2620 editur:

254 2674 532 2750 periculumque
549 2674 676 2750 iugens
698 2682 830 2742 manet,
851 2670 922 2728 nisi
942 2669 1023 2746 paci
1046 2678 1079 2726 et
1101 2666 1314 2728 concordiae

254 2779 465 2850 consulitis,
495 2799 537 2838 ne
568 2780 688 2837 libera
720 2777 905 2836 efferatur
936 2773 1155 2850 respublica
1214 2773 1312 2830 Nimis

255 2885 330 2942 enim
354 2885 470 2942 incerta
491 2896 520 2942 et
541 2895 591 2942 aut
614 2885 728 2962 ignavae
739 2893 896 2959 autpravae
907 2880 1123 2958 significationis
1135 2879 1256 2936 verbum
1268 2889 1315 2934 est

254 2990 449 3062 afferatur,
471 2991 549 3066 quod
573 2990 621 3047 alii
643 2991 679 3047 de
700 2989 834 3047 insolenti
855 2988 992 3064 superbia
1013 2985 1171 3062 accipiunt,
1201 2985 1230 3040 iu
1253 3003 1313 3058 qua

253 3096 461 3172 significatione
491 3105 542 3154 aut
573 3096 716 3154 ablativus
746 3105 796 3154 aut
828 3094 998 3152 adverbium
1032 3092 1195 3150 addendum
1233 3101 1315 3160 erat,

253 3220 306 3260 nec
318 3203 493 3260 temeasatis
504 3203 674 3278 exprimitur
694 3201 814 3278 periculi
835 3199 1013 3278 magnitudo,
1024 3199 1073 3257 alii
1095 3199 1130 3257 de
1150 3199 1266 3256 interitu
1283 3209 1313 3254 et

255 3306 355 3365 funere
382 3307 554 3384 reipublice.
602 3308 712 3366 Verum
745 3309 823 3383 quod
845 3306 945 3366 Livius
966 3305 1140 3383 (XXVIII,
1164 3305 1217 3379 28)
1247 3303 1311 3362 Sci·

253 3413 369 3489 pionem
391 3422 544 3490 negantem
566 3413 645 3481 facit,
669 3432 732 3471 suo
757 3413 885 3472 funere
907 3412 1113 3489 rempublicam
1137 3410 1242 3468 alatum
1264 3409 1313 3474 in',

253 3537 311 3576 non
333 3519 480 3594 sequitur,
504 3529 548 3590 ut,
575 3520 655 3577 nulla
675 3521 855 3595 praecedente
878 3519 977 3576 monis
999 3517 1144 3576 funemsve
1165 3515 1314 3592 significa-

254 3623 341 3695 tione,
364 3635 442 3683 recte
463 3626 575 3684 dicatur
595 3625 754 3701 periculum
777 3645 856 3695 esse,
878 3645 914 3682 ne
935 3623 1098 3700 respublica
1117 3621 1313 3690 efferatur,

252 3729 308 3786 hoc
330 3739 382 3802 cst,
403 3731 539 3804 intereat;
560 3733 764 3808 sepeliatur
784 3732 949 3808 perspicue,
988 3729 1039 3788 sed
1070 3729 1166 3804 inepte
1202 3725 1313 3784 scribo-

254 3845 342 3893 retur.
397 3835 465 3896 Una
500 3839 596 3897 littera
628 3857 737 3896 evoro
760 3839 919 3896 aberratur.
972 3835 1135 3911 Scripserat
1162 3833 1237 3890 enim
1259 3832 1312 3889 Li·

251 3941 331 4000 Vitsst
354 3962 395 3998 ne
417 3942 540 4000 libera
564 3944 745 4007 sileretur
769 3943 992 4020 respublica,
1014 3943 1070 3999 hoc
1091 3949 1144 4011 cst,
1165 3939 1194 3996 iu
1217 3938 1311 3996 leram

251 4057 280 4104 et
299 4047 453 4104 immanem
476 4049 673 4108 cnrdelitatem
695 4060 723 4106 et
744 4048 890 4108 licentiam
911 4049 1029 4108 incidat.
