2826 4650
627 281 659 334 13

109 464 161 532 tis,
184 481 249 536 quae
271 462 316 520 bis
338 463 424 520 scribi
445 462 598 528 debebant,
620 460 707 516 etiam
730 460 765 518 de
788 461 934 518 erroribus
958 479 995 518 ex
1015 463 1172 520 vetustiore

110 570 266 626 verborum
295 569 390 626 forma
424 567 515 635 ort-is,
544 567 598 623 etsi
626 567 647 622 ii
675 583 733 622 non
761 567 843 624 multi
869 575 936 624 suut
967 567 1037 637 (IV,
1063 570 1109 638 13,
1136 571 1170 626 13

109 675 272 732 consilia
293 693 330 730 ex
352 671 513 749 consili).
576 673 695 730 Nullum
724 683 768 729 est
789 673 864 730 euim
887 675 1002 731 errandi
1023 693 1113 750 genus
1135 695 1173 733 ex

109 781 153 852 iis,
177 799 241 855 quae
262 781 293 836 iu
307 779 441 853 antiquis,
464 778 514 852 qui
533 787 694 852 supersunt,
719 779 867 837 codicibus
881 781 1070 854 reperiuntur,
1094 785 1172 858 quod

110 905 168 944 non
199 887 260 944 iam
297 887 326 942 in
359 885 443 942 huius
477 885 594 942 decadis
620 885 720 942 codice
750 886 908 961 archetypo
938 898 1085 944 versatum
1118 889 1172 960 sit3

108 995 208 1068 itaqua
234 992 321 1050 facile
347 1001 422 1048 esset
443 1008 507 1047 cnm
535 990 594 1060 his,
630 1009 694 1064 qua
722 991 823 1066 posui,
852 992 992 1066 exemplis
1018 994 1123 1052 similia
1156 1017 1172 1054 e

108 1100 258 1158 codicibus
280 1097 419 1166 Patami,
440 1096 659 1170 Bambergensi,
682 1095 903 1155 vindobonensi
923 1099 1029 1170 tertia,
1053 1113 1172 1175 quarta,

109 1206 217 1279 quintae
239 1205 357 1262 decadis
379 1221 559 1278 comparare.
617 1205 717 1276 Atque
738 1217 782 1260 est
802 1204 904 1274 etiam,
934 1206 983 1262 ubi
1004 1226 1063 1265 non
1082 1210 1173 1284 negli-

108 1312 208 1387 gentia
237 1313 289 1369 sed
318 1329 410 1386 pravo
433 1309 555 1378 iudicio,
588 1326 676 1382 quum
698 1329 717 1366 a
738 1311 880 1368 sententia
900 1311 1065 1370 aberratum
1088 1325 1173 1387 esset,

109 1427 160 1474 aut
187 1419 251 1492 ipsa
283 1417 388 1476 codicis
418 1415 567 1490 archetypi
596 1415 730 1472 librarius
761 1427 813 1473 aut
839 1417 898 1474 iam
925 1417 999 1475 alius
1022 1419 1071 1478 illo
1099 1423 1173 1479 anti·

66 1507 70 1516 ¹
108 1525 195 1598 quior
217 1526 309 1580 verba
332 1522 549 1590 antevertant
572 1521 651 1591 Vll,
674 1526 724 1593 41,
747 1525 775 1592 6,
797 1523 856 1591 ubi,
879 1525 978 1581 addito
1001 1527 1061 1600 qui
1085 1547 1173 1605 prop-

108 1641 152 1688 ter
174 1649 297 1687 eorum
319 1628 394 1686 male
410 1627 594 1696 intellectum,
613 1627 716 1684 deinde
736 1627 922 1702 fugissent
939 1649 993 1705 pro
1015 1631 1174 1708 fugisset

108 1738 249 1812 scripturn
272 1747 324 1805 eat,
346 1745 375 1791 ot
395 1731 467 1803 vn,
491 1736 539 1801 30,
566 1737 601 1790 111
625 1733 798 1806 (iubeatis
816 1753 870 1810 pro
892 1735 1045 1814 iubatis)
1068 1750 1096 1797 et
1118 1743 1173 1814 IV,

109 1847 165 1912 31,
201 1845 220 1900 3
257 1841 411 1916 (maguis
444 1839 578 1896 animis
611 1849 724 1914 atque
758 1839 920 1915 ingeniis
951 1861 1019 1918 pro:
1048 1849 1173 1922 magni

108 1948 222 2004 animi
244 1959 360 2021 atque
381 1944 555 2019 ingenii),
588 1944 624 2000 dc
654 1944 758 2018 quibus
788 1945 859 2003 loeis
880 1948 910 2003 in
932 1949 1033 2006 ordine
1054 1951 1172 2012 dicetur.

107 2054 206 2127 Quam
230 2051 341 2126 antiqui
361 2049 525 2109 huiusmodi
546 2049 654 2106 sintin
675 2050 771 2108 verbis
787 2053 993 2128 coniungendis
1014 2057 1175 2116 sententiis·

106 2177 166 2234 que
188 2158 380 2234 percipiendis
402 2175 531 2227 errores,
565 2173 638 2229 quos
660 2157 803 2232 scriptura
829 2159 891 2216 aine
923 2160 983 2218 ulla
1010 2162 1174 2238 interpunc-

105 2263 187 2320 tione
209 2263 366 2320 decurrens
388 2263 550 2331 obiiciebat,
573 2271 602 2318 et
621 2262 688 2320 iude
710 2263 859 2339 scriptura
874 2267 1105 2342 depravationes,
1124 2268 1171 2325 vel

104 2390 121 2426 e
145 2369 237 2428 Gellii
260 2369 371 2444 aliquot
391 2369 463 2425 locis
487 2367 606 2443 intelligi
626 2377 738 2443 potest,
765 2371 845 2428 velut
868 2391 905 2430 ex
930 2371 981 2442 iis,
1015 2393 1078 2448 quas
1099 2374 1171 2447 vn,

106 2477 124 2534 2
148 2475 187 2532 de
209 2473 341 2534 Caesellio
363 2475 486 2532 Vindice
507 2482 623 2544 narrat,
656 2473 778 2549 aliisque
808 2478 947 2554 exemplis
977 2480 1171 2540 declarabitur

104 2583 144 2640 ad
169 2581 329 2650 XXVIII,
352 2583 408 2650 40,
439 2573 500 2653 5¹).
558 2579 682 2654 Aliquot
701 2579 773 2638 locis
793 2584 929 2641 mendum
951 2605 1048 2644 errore
1069 2598 1170 2647 natum

104 2690 166 2746 iam
197 2689 227 2744 in
254 2687 354 2744 codice
381 2686 538 2760 archetypo
559 2684 761 2760 interpolando
784 2689 958 2748 occultatum
981 2703 1058 2765 erat,
1089 2696 1169 2753 cuius

103 2797 148 2854 rei
171 2793 356 2852 martilestum
379 2791 543 2866 exemplum
565 2802 607 2849 est
629 2793 658 2849 in
673 2793 698 2863 Ι,
722 2796 770 2864 56,
797 2797 843 2865 11,
865 2797 914 2853 ubi
931 2815 1018 2870 quum
1034 2817 1072 2856 ex
1084 2801 1169 2858 Tar-

179 3114 340 3176 acbelskio);
358 3123 383 3163 et
402 3123 486 3162 tamen
504 3111 539 3172 11,
558 3119 582 3172 2,
605 3119 615 3162 1
631 3128 709 3178 quum
724 3115 826 3164 tandem
846 3130 879 3166 ex
896 3120 1077 3169 necubiubi
1097 3125 1169 3172 resti·

179 3217 260 3258 tutum
284 3215 350 3256 esset
372 3220 460 3254 verum
481 3205 610 3264 necubi,
634 3206 752 3256 Hertzias
775 3209 851 3258 rediit
873 3210 905 3257 ad
930 3209 1021 3261 infelix
1046 3211 1168 3265 Gronovii

180 3303 308 3349 inventam
331 3313 368 3346 ne
386 3299 514 3358 ubiubi,
540 3299 612 3362 quasi
631 3315 678 3363 pro
698 3314 743 3359 eo,
773 3302 842 3363 quod
861 3311 901 3351 est
922 3318 959 3352 nc
978 3307 1051 3370 quis
1069 3315 1114 3356 aut
1132 3323 1168 3357 ue

179 3393 367 3457 quisquam,
391 3391 461 3441 dicas
480 3406 516 3440 ne
535 3393 695 3456 quisquis.

120 3517 149 3584 ¹)
178 3519 208 3568 In
227 3520 316 3568 eodem
334 3533 427 3582 genere
445 3533 528 3584 pravae
546 3521 694 3569 mutationis
712 3524 857 3586 ponendum
870 3525 952 3582 idest,
972 3539 985 3572 a
1004 3539 1054 3588 quo
1072 3525 1109 3590 Π,
1126 3533 1168 3585 ⁴0,

179 3617 193 3658 8
213 3609 308 3660 frustra
325 3612 476 3660 sententiam
495 3611 596 3661 efficere
614 3621 754 3663 conanturz
772 3630 829 3665 nec
846 3617 907 3667 tibi
926 3619 1054 3682 turpius
1074 3633 1168 3682 quarn

178 3703 256 3752 1111111
277 3703 442 3763 miserias,
469 3703 512 3752 ubi
536 3713 604 3753 recte
622 3705 756 3756 Bekkeras
775 3717 877 3758 secutus
901 3717 940 3759 est
963 3712 1168 3761 emendationem

177 3797 228 3846 iarn
248 3797 274 3844 111
293 3794 576 3846 codiceGaertneriauo
594 3797 690 3848 factam
708 3815 765 3849 uec
783 3803 845 3852 tibi
864 3803 993 3867 turpius
1011 3817 1069 3854 nec
1088 3805 1167 3855 mihi

177 3887 344 3940 miserius.
375 3887 543 3948 Querebatur
560 3891 667 3940 alterum
683 3895 882 3957 comparationi·
897 3895 1047 3946 membrum.
1078 3895 1169 3960 (Quod

176 3995 257 4045 nuper
284 3997 374 4045 quarn
399 3984 527 4032 sublatura
550 3999 598 4032 uec
615 3995 699 4035 umen
722 3999 779 4034 nee
798 3987 911 4036 additum
931 3995 983 4048 est,
1012 3987 1072 4036 ferri
1097 3988 1170 4038 nullo

175 4075 254 4124 bodo
270 4077 377 4138 potest.)
