2822 4648
303 291 363 344 bib.
380 290 445 340 vn.
774 293 831 350 150

354 474 427 552 Cap.
450 477 500 546 25,
525 479 552 533 l.
595 473 677 533 Scire
697 473 795 544 velim,
817 491 875 548 quo
897 474 1032 550 exemplo
1053 475 1176 547 dicatur,
1203 495 1262 551 quo
1283 496 1338 534 ne-

268 581 376 640 minum
398 579 541 638 offensum
562 579 662 636 video:
694 580 892 636 extendere
921 597 1047 636 omnes
1068 580 1214 656 imperii
1236 582 1335 640 vires

270 686 416 746 delectu
436 685 615 744 habendo.
663 683 807 757 Equidem
835 683 977 741 intendi
1006 684 1110 742 intell
1130 705 1162 744 re
1184 706 1282 746 euram
1306 698 1336 744 et

270 790 329 850 vim
351 800 432 866 puto,
453 809 512 848 non
534 788 697 854 extendi,
726 801 904 862 vereorque,
933 809 970 846 ne
986 779 1053 848 'hoo
1080 809 1134 866 pro
1156 793 1206 849 illo
1228 793 1339 850 substi-

270 906 363 958 tutum
383 896 430 967 sit,
451 895 520 964 etsi,
542 894 621 968 quod
643 895 681 951 ad
701 893 856 952 errandum
881 893 1019 964 invitarit,
1043 895 1115 954 nihil
1134 897 1229 955 video.

354 1001 428 1078 Cap.
451 1003 500 1071 30,
524 1003 557 1058 ll
585 999 626 1074 (iu
648 999 781 1057 oratione
801 999 964 1074 legatorum
987 998 1204 1077 Campanorum
1229 1002 1336 1060 auxili-

269 1125 318 1166 um
360 1125 379 1166 a
412 1105 555 1166 Romanis
599 1115 702 1164 eontra
742 1105 888 1164 Samnites
921 1107 1116 1180 rogantium):
1159 1104 1337 1164 Omnibus

271 1211 423 1286 quidem,
438 1210 600 1281 Romani,
614 1219 774 1268 vestram
790 1211 1083 1270 misericordiam
1099 1221 1337 1286 vestrumque

270 1317 447 1376 auxilium
469 1335 605 1390 aequum
627 1323 682 1372 est
703 1324 847 1391 petere,
877 1317 925 1374 iis
947 1327 1065 1374 tamen
1082 1317 1250 1383 maxime,
1273 1318 1336 1390 qui

270 1439 347 1480 eam
371 1421 663 1497 implorantibus
690 1421 776 1478 eliis
803 1421 980 1480 auxilium
1002 1423 1081 1480 dum
1103 1441 1214 1498 supra
1235 1423 1337 1480 viros

270 1545 355 1586 suas
387 1535 580 1602 praestent,
620 1545 743 1584 omnes
775 1527 847 1602 ipsi
884 1527 919 1584 in
950 1513 1041 1586 hano
1074 1529 1336 1586 necessitatem

269 1639 457 1694 venerunt
500 1632 573 1688 Haeo
598 1631 702 1688 vitiata
723 1651 796 1703 esse,
828 1633 906 1707 quod
930 1633 1015 1691 video
1037 1633 1126 1690 etiam
1147 1631 1221 1688 alios
1242 1651 1341 1708 nuper

269 1738 443 1814 suspicatos,
467 1738 564 1796 multis
579 1738 691 1796 iudiciis
714 1736 898 1795 manifestum
920 1740 965 1798 ut
989 1738 1121 1796 Primum
1143 1756 1232 1806 eam,
1255 1739 1337 1812 quod

270 1841 372 1900 referri
395 1859 512 1899 neeesse
539 1852 583 1900 est
614 1843 652 1900 ad
682 1853 843 1900 vestram
874 1842 1155 1900 misercordiam
1186 1839 1339 1917 (neglecto

270 1947 372 2016 altero,
392 1947 471 2022 quod
491 1947 654 2018 intervenit,
678 1948 881 2018 auxilium),
902 1948 1023 2024 intelligi
1046 1957 1144 2006 tamea
1165 1949 1201 2004 de
1223 1947 1341 2006 miseri·

270 2051 371 2110 eordia
404 2051 539 2112 universe
576 2053 663 2110 debet
698 2057 742 2121 (ut
772 2053 822 2110 sit:
860 2054 924 2124 iis,
958 2053 1018 2128 qui
1058 2071 1157 2110 suam
1187 2051 1339 2110 miseri-

270 2157 435 2214 cordiam
455 2157 744 2234 implorantibus
766 2157 881 2228 aliis);
909 2158 1012 2214 deinde
1027 2157 1108 2226 mire,
1130 2157 1338 2231 quaeprimum

270 2261 425 2320 eoniuaota
451 2276 542 2333 erent,
566 2265 613 2322 hie
634 2264 676 2322 sio
697 2273 887 2338 separantur,
915 2273 947 2320 ut
972 2261 1194 2337 implorantibus
1224 2261 1337 2320 miseri·

269 2367 401 2426 cordiam
422 2377 573 2444 prestetur
587 2369 742 2438 auxilium3
776 2379 900 2444 apparet
925 2369 1017 2438 enim,
1050 2367 1126 2424 idem
1148 2367 1337 2442 imploratum

270 2483 300 2530 et
326 2483 494 2549 praestatum
522 2473 579 2530 dici
608 2474 760 2543 debuiss03
792 2483 854 2532 tum
882 2491 987 2531 nomen
1017 2472 1112 2547 ipsum
1142 2473 1340 2544 auxilium,

269 2579 381 2654 inquo
404 2579 475 2636 nibil
495 2578 634 2655 praeoipui
663 2588 707 2636 est
733 2579 886 2654 ponderis,
916 2595 1035 2654 prorsus
1057 2597 1149 2654 prave
1169 2580 1225 2655 ipsi
1245 2579 1337 2638 etiam

269 2685 464 2742 coniunctioni
485 2684 663 2760 praeponitur
685 2684 779 2759 (quod
800 2703 836 2742 ne
859 2684 889 2742 ia
911 2683 1016 2770 insigni
1035 2685 1151 2758 quidem
1173 2687 1339 2744 contrario·

269 2809 334 2848 runt
356 2789 575 2864 comparatione
596 2787 682 2848 focile
703 2791 766 2862 fit);
798 2799 947 2865 postremo
982 2809 1103 2848 omnes
1136 2791 1275 2860 additum,
1308 2801 1338 2850 et

269 2894 364 2972 primo
386 2895 451 2952 loeo
474 2895 618 2966 additum,
650 2904 741 2954 totam
773 2896 913 2971 pervertit
943 2895 1131 2966 sententiam,
1163 2915 1226 2970 quae
1247 2897 1276 2952 in
1300 2917 1338 2954 eo

269 3001 366 3076 posita
388 3011 447 3072 est,
469 3009 517 3070 ut,
538 3001 588 3076 qui
610 3009 698 3060 antea
718 3001 784 3058 aliis
802 3001 942 3058 auxilium
965 3001 1187 3076 implorantibus
1208 3001 1339 3072 tulerint,

269 3105 326 3182 ipsi
347 3105 457 3164 auxilio
478 3105 558 3180 digni
579 3105 750 3177 iudicentur,
771 3107 852 3164 nulla
867 3107 1004 3164 adiuncta
1022 3105 1149 3164 omnium
1172 3117 1223 3164 aut
1242 3110 1337 3183 partis

269 3210 455 3286 cogitatione.
504 3210 620 3268 Horum
642 3210 779 3270 vitiorum
803 3212 1032 3272 emendationem
1054 3212 1198 3286 gradatim
1222 3231 1337 3288 quaera-

269 3334 344 3376 mus.
395 3316 527 3375 Primum
553 3315 642 3391 igitur
672 3317 949 3388 animadvertamus,
981 3317 1059 3391 quod
1081 3318 1154 3374 ordo
1179 3317 1336 3376 verborum

269 3422 467 3491 demonstrat,
494 3423 556 3479 hee
577 3422 780 3498 coniungenda
814 3440 891 3479 esse:
926 3421 1215 3497 implorantibus
1249 3421 1336 3480 aliis

339 3708 372 3756 ad
391 3707 424 3768 V,
444 3713 493 3772 47,
519 3711 559 3774 6.)
580 3708 678 3768 (loriie,
697 3717 779 3769 veste,
797 3708 868 3768 aliis,
892 3722 948 3772 qua
966 3710 1196 3773 superinduuntur,
1214 3709 1336 3772 integi-

340 3807 393 3848 tur
416 3799 526 3862 aliquid,
559 3802 708 3850 intendente
732 3801 913 3864 propositione
942 3815 997 3848 eum
1023 3799 1250 3862 significationem,
1276 3814 1340 3862 quae

339 3894 391 3942 iam
409 3891 436 3940 in
453 3895 531 3943 verbo
550 3895 652 3957 tegendi
672 3901 720 3952 est,
739 3901 765 3942 et
780 3893 913 3942 certiorem
932 3893 1069 3952 reddeut03
1087 3892 1173 3950 armis,
1192 3891 1336 3940 munimen·

338 3984 387 4042 tis,
415 3983 536 4049 quiequid
567 3985 712 4048 oppositum
742 3983 836 4036 inlesta
862 3992 945 4044 arcet,
973 3983 1120 4047 tegimur
1146 3991 1254 4042 tentum,
1281 3997 1334 4032 noa

336 4075 485 4138 integi-ar.
