2800 4646
562 277 620 332 ⁴51
886 236 898 262 ⁸
927 273 1120 326 nnxxxtn

63 455 127 513 tiit
161 475 179 512 e
208 454 392 530 patribus,
414 464 452 514 ut
477 473 613 530 equum
634 467 839 528 censerent,
868 459 1121 536 obrempub'li·

65 580 141 618 com
174 562 263 619 bene
290 580 330 619 eo
361 559 528 620 feliciter
548 571 691 637 gestem
717 573 754 621 et
775 565 830 622 dis
850 564 1120 624 immortalibus

64 667 237 725 honorem
272 669 400 726 heberi
437 669 562 726 iubere
592 677 626 725 et
652 669 723 727 sibi
754 669 973 746 triumphum
995 671 1120 730 decer·

65 791 158 830 nere.
206 774 318 832 Petitur
339 775 407 832 olibi
429 795 448 834 e
468 785 579 844 senatu,
609 784 641 831 ut
669 776 767 833 iubeat
796 776 905 852 aliquid
928 787 957 835 et
977 778 1121 848 decernet,

65 897 123 936 non
148 891 180 936 ut
200 897 313 954 equom
335 891 450 939 censeat
480 881 647 951 decernere;
678 880 748 958 (etsi
780 883 943 940 decernitur
971 901 1048 960 sepe
1076 883 1120 942 his

64 985 180 1078 verbis·
194 1003 307 1060 {equum
329 988 441 1045 senatui
463 986 563 1056 videri,
584 988 640 1045 hoc
655 997 706 1046 eut
727 987 798 1046 illud
817 989 888 1060 fleri,
910 1007 1003 1064 neque
1024 997 1120 1048 tomen

65 1090 93 1146 in
116 1091 168 1149 teli
189 1109 239 1160 re,
265 1093 302 1151 de
322 1094 432 1151 honore
453 1092 508 1151 diis
529 1093 688 1167 habendo.)
737 1091 838 1152 Codex
858 1095 892 1152 M
918 1115 976 1153 non
997 1096 1120 1155 iubere

65 1207 116 1254 eut
134 1199 330 1256 decernere
351 1199 487 1286 scriptum
511 1200 609 1270 hebet,
638 1201 688 1258 sed
711 1199 878 1258 iuberent
897 1213 927 1260 et
953 1201 1120 1260 decerne-

65 1314 159 1376 rent,
193 1305 271 1380 quod
296 1304 548 1362 Weissenbornius
579 1315 693 1364 secutos
721 1315 777 1366 est.
830 1307 888 1366 Sed
909 1326 1047 1383 perverse
1068 1326 1120 1366 neo

66 1410 172 1468 Letino
193 1411 254 1467 heec
277 1419 321 1468 est
352 1411 460 1468 orstio:
491 1419 574 1486 pe'to
607 1431 626 1468 e
657 1422 800 1484 senatu,
828 1423 865 1470 ot
887 1431 1021 1487 {equum
1043 1431 1119 1472 cen·

65 1525 161 1586 sest,
198 1517 369 1574 honorem
405 1518 531 1575 heberi
572 1517 626 1575 dis
667 1518 808 1589 iubeat,
846 1519 908 1576 sive
943 1529 981 1575 ut
1018 1520 1119 1577 eudies

64 1633 212 1698 taequum
237 1641 380 1688 censeo,
412 1633 448 1680 ut
468 1623 549 1698 ipse
569 1624 726 1698 iubeam)
754 1625 817 1682 sive
849 1633 883 1681 et
912 1621 965 1702 (ut
986 1643 1119 1699 mquum

65 1729 163 1786 nescio
194 1727 264 1803 quid
292 1738 439 1785 censeat
468 1737 502 1785 et
528 1731 701 1786 honorem
730 1729 786 1787 dis
818 1729 945 1788 heberi
970 1728 1120 1798 iubeet).

66 1834 213 1892 Addende
244 1844 287 1891 est
318 1833 346 1890 in
379 1834 480 1910 optimi
511 1833 790 1909 codicis‘soripturo
818 1835 938 1892 doerum
960 1834 1119 1893 litterarum

64 1940 221 2016 porticulo:
244 1938 354 2016 petiit
374 1957 392 1994 e
413 1939 596 2014 putribus,
618 1949 668 2010 ut,
695 1941 727 2001 sl
755 1959 892 2015 equum
914 1951 1121 2012 censerent,

64 2048 241 2122 obtemp.
271 2041 360 2102 lene
386 2063 427 2103 ec
460 2045 518 2104 fel.
547 2055 685 2121 gestem
708 2055 742 2102 et
763 2045 818 2104 dis
839 2047 928 2106 imm.
951 2041 1120 2106 honorem

65 2151 194 2210 heberi
215 2151 382 2208 iuberent
404 2160 439 2208 et
469 2169 493 2210 s.
515 2160 555 2210 tr.
578 2152 832 2208 decernerent.
875 2153 921 2210 Ee
941 2161 985 2210 est
1005 2153 1120 2212 sollem-

65 2259 110 2315 nis
134 2258 164 2314 in
195 2255 245 2314 teli
276 2256 443 2332 repetendi
471 2256 620 2316 modestis.
675 2257 780 2314 Altero
804 2257 967 2316 coniunctio
998 2259 1119 2318 eltsrem

65 2365 131 2422 loco
155 2362 254 2430 morit,
276 2361 354 2436 quod
375 2381 432 2418 non
447 2361 488 2420 ite
508 2381 576 2420 roro
596 2362 626 2419 in
648 2361 700 2420 teli
713 2361 855 2419 concursu
868 2363 981 2422 eccidit.
1057 2365 1117 2423 Eo·

63 2471 132 2528 dem
155 2469 250 2543 cepite
277 2472 292 2537 §
320 2469 350 2524 ll
384 2467 425 2544 (in
459 2467 589 2526 cretione
611 2467 709 2526 Fulvii
732 2472 833 2524 contre
853 2468 895 2526 M.
915 2469 1030 2527 AEmilii
1051 2489 1119 2528 con·

63 2575 152 2646 solis,
191 2573 240 2649 qui
272 2585 339 2631 tunc
371 2575 489 2644 eberat,
526 2573 674 2650 superiore
705 2585 835 2650 tempore
870 2576 1119 2651 reprehensionem

63 2699 184 2738 suornm
206 2679 314 2756 rerum)
348 2679 433 2736 velde
455 2698 567 2750 vereor,
599 2699 635 2736 ne
656 2680 764 2756 eliquid
786 2680 878 2738 subsit
899 2680 1004 2738 occulti
1024 2681 1120 2739 mendi

63 2787 94 2844 in
122 2785 168 2844 his
190 2785 302 2843 verbis:
333 2786 409 2842 lem
442 2785 483 2842 de
514 2785 662 2844 deorum
684 2785 941 2844 immortalium
971 2787 1119 2864 templis

62 2892 243 2969 spolietis
269 2934 298 2951 ..
336 2891 482 2966 qualern
504 2890 719 2949 columniam
742 2893 783 2948 ed
806 2892 1004 2968 pontifices
1028 2903 1119 2952 ettu·

62 2997 172 3056 lerit?
194 2999 272 3056 Nem
287 3005 318 3054 ut
331 2998 471 3070 omittam,
481 3015 545 3073 qute
555 2997 688 3055 excusari
699 3007 804 3073 potest,
815 2997 886 3068 (vid.
898 2997 985 3074 poulo
1001 3009 1068 3057 ente
1082 3000 1119 3057 od

63 3103 561 3178 XXXVIII‚59)interrogetionem
573 3104 754 3161 coniunctivo
765 3103 852 3161 modo
863 3105 996 3180 positam,
1004 3124 1068 3180 quae
1076 3106 1119 3163 in·

61 3209 177 3267 finitive
188 3207 283 3266 efferri
291 3207 413 3266 debebat
421 3209 486 3282 (etsi
496 3209 525 3266 in
540 3209 596 3267 hoc
605 3209 642 3266 ed
654 3228 762 3266 novem
776 3229 837 3266 rem
854 3209 1120 3268 cumadmiratione

61 3313 189 3371 transitu
215 3307 382 3372 difficillime
393 3317 577 3388 excusetur),
597 3316 736 3373 AEmilius
748 3315 848 3372 consul
859 3314 888 3371 in
899 3323 1000 3370 senatu
1019 3323 1120 3372 contre

62 3417 202 3477 Fulvium
218 3419 332 3476 dixeret
347 3431 504 3495 auctorque
526 3418 621 3478 fueret
641 3431 758 3479 senatus
781 3419 903 3478 consulti
923 3417 1057 3490 faciendi,
1076 3429 1118 3495 ut,

61 3543 155 3601 quum
177 3525 298 3582 Fulvius
319 3525 443 3584 Romam
467 3525 602 3596 redisset,
633 3525 669 3583 de
698 3526 812 3602 templis
834 3525 1000 3584 Ambracio
1023 3526 1061 3582 ob
1084 3543 1118 3584 eo

60 3630 197 3706 spolietis
228 3631 266 3688 od
294 3631 443 3706 pontifices
463 3629 619 3689 referretur
641 3631 842 3704 (xxxvnr,
874 3632 934 3705 tt).
982 3631 1049 3689 Hoc
1071 3631 1119 3707 qui

61 3737 158 3814 possit
180 3737 312 3812 quemvis
332 3735 472 3794 invidiose
494 3737 538 3795 his
560 3738 656 3796 verbis
677 3736 842 3813 significari,
864 3744 896 3794 ut
916 3735 1054 3794 AEmilius
1076 3737 1118 3794 di-

61 3852 149 3900 cetur
178 3842 239 3917 ipse
278 3841 322 3898 ed
352 3842 553 3918 pontifices
585 3841 801 3902 columniam
839 3841 1028 3914 attulisse,
1060 3861 1118 3900 non

60 3948 166 4016 rideo;
188 3966 255 4004 nem
278 3947 450 4006 columniam
472 3946 557 4006 offert
578 3948 616 4006 od
637 3949 763 4024 aliquem
777 3947 841 4023 ipse
862 3946 989 4006 occultus
1010 3947 1118 4006 celum·

61 4054 171 4113 uiator.
222 4051 280 4112 Sed
312 4053 467 4111 remedium
499 4073 556 4112 non
590 4054 702 4132 reperio
735 4053 800 4111 loco
832 4051 955 4112 fortusse
986 4054 1120 4114 lucunem

872 4153 921 4209 ’θ’
