2800 4646
291 265 348 315 Lib.
359 264 462 314 XXIV.
765 263 825 320 272

265 466 388 591 etdros
409 527 540 604 procul
569 527 621 583 eis
644 463 742 601 qucel
759 507 1025 584 habitabantur
1046 524 1331 598 sedecimlsex?)

862 629 873 685 i

264 715 366 773 milia
397 713 526 771 uberet
564 713 599 770 in
632 712 720 770 urbe
752 711 880 784 nobile
913 713 1083 788 templum
1120 671 1202 788 ipsa
1237 712 1332 769 urbe
1392 751 1393 786 ,

265 829 343 879 eret
364 828 418 876 oet.
463 818 651 890 (Gronovius
673 835 751 888 sex,
781 817 859 892 quod
881 817 910 874 in
934 818 1107 876 editionibus
1128 817 1331 894 superioribus
1392 825 1393 838 ¹

264 933 327 982 eret
354 931 401 994 et,
440 923 465 980 si
486 923 599 980 silentio
622 922 766 994 creditur,
794 922 824 979 in
849 922 968 997 reliquis
989 924 1083 996 codd,
1113 923 1206 982 codici
1227 923 1254 980 P
1276 922 1330 978 tri-

264 1029 352 1086 buere
373 1027 487 1084 videtur
516 1037 545 1085 et
573 1028 610 1084 de
631 1028 716 1085 huius
740 1027 831 1102 ipsius
853 1029 966 1086 numeri
987 1028 1181 1105 discrepantia
1202 1047 1221 1084 e
1242 1027 1330 1086 Stre·

263 1133 347 1192 bonis
377 1133 446 1202 (VI,
477 1138 486 1190 l
520 1154 549 1211 p.
573 1135 632 1192 262
656 1131 705 1207 O.)
736 1119 872 1190 mensure
903 1131 1044 1208 disputet,
1071 1131 1329 1190 Weissenbornius

263 1239 419 1296 sedecim
453 1239 537 1314 quusi
572 1259 588 1295 e
620 1239 647 1296 P
681 1237 791 1309 edidit.)
845 1238 885 1295 Et
915 1255 998 1294 eros
1032 1239 1148 1312 quidem
1177 1257 1231 1312 pro
1261 1255 1330 1292 erx

263 1345 351 1402 etiem
369 1344 457 1419 paulo
480 1353 548 1419 post
569 1344 613 1416 (8)
635 1343 665 1398 in
688 1343 714 1400 P
736 1343 878 1400 scribitur.
929 1342 986 1401 Sed
1014 1343 1073 1400 ulie
1099 1343 1222 1400 molesta
1249 1351 1328 1398 sunt.

263 1451 395 1508 Primum
416 1449 445 1506 in
466 1449 522 1506 illis
544 1443 640 1506 turbis
669 1455 704 1503 et
727 1467 793 1504 arx
813 1447 943 1522 procul
971 1448 1022 1504 eis
1046 1459 1114 1508 cett.
1137 1449 1329 1505 vitiosissime

263 1563 307 1612 est
327 1555 434 1623 oreti03
449 1573 503 1611 arx
512 1555 587 1611 enim
600 1563 701 1628 ¹oporte
712 1552 934 1628 praeterfluxisse
945 1552 1062 1623 dicitur3
1082 1573 1149 1610 nem
1165 1573 1259 1628 neque
1272 1573 1330 1628 per

262 1680 293 1719 se
304 1661 363 1717 ullo
389 1659 476 1716 modo
503 1659 593 1733 (quod
604 1659 662 1714 iem
677 1657 940 1733 suprep248not.
950 1655 1099 1730 admonui)
1118 1659 1240 1714 verbum
1254 1659 1328 1716 nb·

261 1765 419 1824 stentivum
445 1765 538 1821 omitti
571 1772 683 1840 potest,
717 1761 766 1818 ubi
792 1779 845 1835 pro
872 1761 1031 1835 praediceto
1061 1763 1226 1838 adiungitur
1247 1782 1327 1838 prae-

261 1870 367 1946 positio
399 1869 443 1942 (ut
472 1888 539 1928 nrx
568 1867 700 1944 procul
734 1867 786 1923 eis
818 1865 1010 1942 intelligetur:
1044 1887 1109 1926 arx
1137 1877 1218 1926 eret
1244 1887 1327 1944 pro-

261 1975 318 2032 cul
351 1974 425 2047 eis),
462 1975 637 2048 minimeque
659 1971 787 2028 omnium
818 1971 849 2027 id
877 1972 939 2030 fieri
969 1981 1066 2048 potest
1094 1975 1124 2030 in
1153 1974 1205 2030 teli
1233 1992 1326 2049 copu-

260 2079 381 2136 latione:
430 2076 567 2136 flumen
602 2123 609 2136 .
640 2117 648 2132 .
695 2085 803 2133 extra
838 2073 1053 2149 frequentia
1088 2078 1196 2135 tectis
1242 2077 1326 2136 loco

262 2181 552 2258 praeterfluebat,
587 2191 620 2239 et
651 2201 716 2239 arx
747 2181 876 2257 procul
908 2181 962 2238 eis
1000 2191 1065 2238 cett.
1118 2182 1231 2239 Deinde
1259 2182 1325 2240 vio·

262 2289 353 2346 lenter
388 2307 441 2364 pro
481 2287 516 2344 in
553 2286 641 2343 orbe
681 2287 862 2344 substituitur
898 2285 940 2340 ab
979 2286 1080 2356 urbo,
1123 2287 1200 2361 quod
1237 2307 1328 2362 quum

261 2393 514 2451 Weissenbornius
535 2391 738 2462 intellexisset,
766 2391 852 2465 longe
874 2389 1040 2446 coniectura
1061 2391 1217 2452 aberravit.
1265 2395 1326 2450 Po·

262 2509 368 2557 stremo
398 2517 489 2574 preve
522 2497 682 2568 divellitur,
715 2513 803 2571 quem
839 2495 932 2552 codex
965 2495 1108 2570 integram
1131 2495 1231 2569 offert,
1267 2499 1325 2556 ele·

262 2621 335 2680 gens
357 2603 482 2678 eugendi
502 2601 613 2660 forme:
636 2601 671 2658 in
693 2603 781 2658 urbe
803 2600 921 2659 nobili
943 2601 1114 2675 templum
1135 2601 1216 2682 ipse
1238 2604 1326 2660 urbe

262 2707 440 2777 nobilius,
471 2708 627 2766 substitute
656 2723 750 2781 prava
774 2705 805 2762 iu
832 2707 887 2763 hec
913 2705 1061 2762 sententiae
1093 2704 1190 2764 formo
1216 2727 1325 2783 peren-

262 2813 343 2872 thesi.
392 2813 498 2887 Itaque
526 2812 666 2869 tentanda
696 2811 758 2867 haec
791 2811 914 2886 cuipiam
943 2811 1035 2868 videri
1065 2811 1159 2887 possit
1186 2813 1325 2870 cretionis

262 2918 420 2976 distinctio:
442 2926 477 2974 et
500 2935 564 2974 arx
584 2915 716 2992 procul
738 2915 809 2985 eis,
833 2934 908 2990 quae
929 2917 1026 2987 heb„
1048 2917 1206 2974 sedecim
1231 2915 1324 2994 (sex)

262 3023 363 3080 milia
384 3024 525 3091 eberet3
556 3021 591 3078 in
623 3021 711 3076 urbe
739 3027 793 3077 oet.
842 3019 900 3078 Sed
926 3039 1020 3096 neque
1041 3023 1171 3098 procul
1195 3032 1273 3082 recte
1293 3023 1323 3080 in

262 3128 364 3185 eedem
387 3125 529 3184 sententie
560 3124 745 3199 coniungitur
766 3143 831 3182 cunr
856 3133 934 3182 certo
956 3144 1076 3184 numero
1104 3146 1199 3202 neque
1226 3147 1323 3186 urcem

261 3250 313 3289 sex
327 3231 415 3302 milis,
431 3232 487 3288 hoc
504 3239 558 3300 est,
570 3230 682 3286 miliare
692 3227 897 3287 Germanicum
910 3249 975 3288 cum
989 3232 1090 3306 quinte
1099 3241 1193 3307 perte,
1203 3233 1323 3302 (nedum

261 3335 435 3414 sedecim)
458 3335 496 3392 eb
518 3334 601 3392 tectis
623 3333 703 3391 urbis
722 3343 864 3391 remotam
885 3333 974 3392 fuisse
996 3345 1046 3394 eut
1067 3356 1119 3412 per
1140 3356 1172 3394 se
1186 3339 1322 3397 credibile

262 3449 305 3499 est
319 3450 370 3498 eut
383 3451 503 3517 propter
517 3439 659 3514 reliquam
675 3438 872 3494 narrationem
888 3442 924 3510 (c.
938 3443 967 3512 2,
986 3443 1021 3498 10
1038 3450 1066 3498 et
1085 3442 1183 3515 ll),et
1196 3443 1321 3502 sedecim

261 3547 369 3604 milium
392 3565 543 3603 numerum
565 3545 674 3604 Strabo
697 3542 823 3600 ostendit
854 3544 892 3600 ed
920 3545 1059 3620 templum
1090 3547 1211 3604 Iunonis
1233 3549 1321 3624 perti-

260 3670 337 3722 nere,
356 3651 475 3726 quodie
496 3653 621 3707 150000
637 3649 795 3706 stadiorum
813 3648 888 3724 (plus
904 3669 991 3724 quem
1011 3653 1047 3708 18
1069 3643 1150 3707 νηίδα
1170 3653 1330 3728 passuum),

260 3757 298 3813 eb
320 3757 391 3813 urbe
412 3756 520 3813 dicture
538 3755 615 3814 dicit.
661 3753 853 3827 Relinquitur,
874 3764 915 3826 ut,
937 3755 1050 3814 adscite
1072 3757 1102 3813 in
1118 3756 1174 3812 illis
1197 3766 1320 3814 eteros

259 3861 357 3936 priore
379 3859 523 3919 Gronovii
545 3859 720 3929 coniectura,
742 3877 761 3914 e
784 3877 843 3934 que
863 3879 921 3916 non
942 3871 1021 3919 recte
1042 3859 1173 3930 descivit,
1193 3860 1224 3917 in
1246 3871 1320 3918 cete·

259 3967 299 4023 ris
318 3966 424 4024 codicis
446 3965 546 4041 prime
578 3982 682 4021 munus
703 3964 876 4039 scripturam
900 3975 1064 4037 teneamus,
1091 3965 1224 4023 oret-ione
1257 3975 1320 4023 ten·

260 4080 319 4128 tum
345 4069 446 4128 melius
467 4069 615 4126 distincte:
731 4078 837 4126 extre
858 4069 1069 4145 frequentia
1098 4071 1211 4128 tectis
1240 4071 1320 4129 loce
