2800 4646
590 257 648 313 ⁴07
701 329 703 334 ,
777 244 780 250 ’
950 254 1147 308 muxxxru

88 436 191 496 victo
223 445 258 494 et
289 437 323 494 in
354 437 433 496 acie
465 456 571 508 carso,
602 457 666 514 per
697 418 872 496 summum
906 439 1016 498 decus
1038 450 1150 516 perta

88 541 304 618 reliquerit,
342 543 422 620 pari
457 562 532 602 cum
574 543 682 601 laude
708 545 842 620 partim
872 545 915 603 ab
942 545 1149 606 Thracibus

88 651 266 724 possessa
302 649 412 708 armis
450 649 634 726 receperit
669 650 891 722 Antiochus,
925 652 1059 726 partim
1093 653 1148 711 de·

89 761 208 826 serta,
237 754 333 813 sieut
360 755 477 833 ipsam
502 756 785 833 Lysimachiam,
813 765 846 815 et
869 759 1057 816 revocatis
1079 759 1148 818 oul-

89 859 238 918 toribns
264 860 557 936 frequentaverit
578 871 626 934 et,
656 881 731 938 qna
757 873 875 922 strata
901 865 1019 922 ruinis
1040 874 1149 940 atque

88 965 272 1024 incendiis
303 977 420 1038 erant,
457 968 671 1044 ingentibus
702 969 867 1046 inpensis
897 969 1148 1028 edificaverit.

89 1070 238 1144 Quattuor
258 1073 350 1132 verba
371 1073 539 1132 alioordiue
563 1075 676 1134 codices
697 1075 815 1146 hubent,
836 1077 862 1134 B
884 1085 913 1134 et
934 1077 1083 1154 vulgares:
1106 1076 1148 1134 ab

89 1177 298 1236 Thracibus
317 1180 449 1256 partim
471 1199 655 1256 possessa,
678 1182 711 1239 M
725 1200 790 1239 cum
804 1182 953 1240 eddvett.
968 1184 1010 1242 ab
1035 1185 1148 1242 Thra·

96 1286 202 1344 cibus
223 1301 398 1361 possessa
418 1287 568 1362 partim;
591 1285 643 1344 sed
664 1287 778 1346 codices
799 1287 856 1346 fide
877 1288 957 1365 digni
978 1287 1063 1362 (ΜΒ)
1081 1295 1149 1346 ante

90 1392 136 1449 ab
157 1390 363 1452 Thracibus
384 1391 495 1452 addunt
515 1393 640 1456 eadem
664 1393 752 1468 idque
767 1391 1021 1451 Weissenbomius
1041 1392 1149 1468 recepit

90 1499 140 1571 (eo
152 1498 262 1570 ordine,
275 1516 360 1574 qoem
375 1499 441 1556 Bet
451 1497 586 1574 vulgares
597 1497 728 1575 habeut).
762 1499 820 1559 Sed
836 1498 866 1556 in
880 1499 938 1556 hae
950 1498 1149 1558 coniunctione

90 1603 167 1674 (sine
198 1603 316 1680 copula)
361 1604 484 1662 duorum
526 1606 721 1664 membrorum
752 1605 829 1662 idem
866 1605 1010 1663 obiectum
1048 1605 1147 1680 (qun)

89 1709 257 1768 habentium
279 1711 309 1768 id
330 1729 500 1787 pronomen,
523 1711 600 1786 quod
615 1710 863 1787 comparationem
884 1711 1011 1786 aliquam
1032 1709 1149 1780 iudicat,

89 1816 160 1874 addi
180 1827 257 1875 recte
278 1817 387 1893 nequit.
435 1816 587 1876 Accedunt
608 1816 667 1874 alia
684 1817 878 1890 incommoda,
900 1817 972 1875 ordo
983 1817 1148 1886 verborum,

89 1925 119 1982 in
142 1925 199 1982 hac
218 1923 425 1982 sententiarum
447 1923 656 1995 coniunctione,
676 1943 735 1982 non
756 1933 834 1982 recte
855 1923 985 1982 variatus
1007 1922 1048 2000 (in
1069 1933 1149 1980 ntro·

90 2031 235 2106 qnsenim
258 2029 388 2088 membro
403 2030 563 2088 subiectum
584 2030 748 2106 praecedere
769 2029 908 2088 debebat:
932 2048 1007 2105 quse
1028 2029 1150 2088 Seleu·

89 2155 215 2195 ons-
237 2135 447 2210 reliquerit,
482 2136 688 2194 Antiochus
709 2167 749 2179 --
771 2135 969 2212 receperit)
995 2143 1023 2192 et
1045 2134 1149 2192 transi·

88 2254 137 2302 tna
158 2242 327 2301 durissimus
348 2259 401 2300 nec
422 2241 557 2300 ferendus
587 2249 690 2318 (quum
718 2242 799 2300 nulla
830 2261 884 2299 neo
910 2259 999 2300 causa
1024 2259 1078 2298 nec
1099 2259 1150 2298 ex·

87 2347 201 2406 cusatio
232 2347 287 2418 sit)
326 2365 344 2404 a
376 2345 515 2406 landuino
545 2367 650 2425 genera
681 2348 719 2406 ad
751 2356 884 2405 nentrum
918 2347 1094 2421 (Thracia
1116 2355 1150 2404 et

88 2451 315 2512 Chersonesi
340 2453 506 2525 urbibus,
543 2435 618 2529 q'n'oe
646 2454 823 2513 Seleucus
853 2463 965 2530 parta
995 2452 1148 2527 relique·

88 2560 139 2618 rit
159 2579 227 2636 pro:
250 2577 339 2636 quaa
361 2591 400 2602 -
425 2569 553 2635 partas
579 2560 798 2636 reliquerit).
846 2560 934 2618 Viam
959 2559 1020 2616 veri
1041 2558 1148 2634 reperi·

87 2665 156 2724 endi
175 2666 363 2726 certissimam
387 2667 542 2725 ostendunt
562 2667 624 2725 illa:
662 2667 743 2744 pari
778 2685 854 2724 cum
887 2665 994 2724 laude
1026 2664 1148 2722 eadem

87 2791 148 2829 nna
169 2790 234 2830 oum
256 2773 357 2832 ordine
378 2774 542 2840 verborum,
564 2781 596 2830 ut
626 2773 696 2846 dixi,
716 2773 832 2830 inverso
861 2771 949 2848 (qua
976 2769 1149 2830 Seleucus

175 2878 391 2954 reliquerit,
496 2879 619 2938 eadem
719 2875 1149 2955 receperitAntiochus);

90 2995 214 3063 apparet
237 2986 322 3058 enim,
354 2985 483 3044 relatives
511 2984 673 3054 sententie,
709 2985 738 3042 in
768 3005 828 3062 qua
857 3003 1017 3062 pronomen
1039 2979 1148 3063 (quae)
1222 2989 1226 2998 '

88 3093 249 3170 generatim
282 3101 417 3170 ponatur,
451 3111 509 3150 nou
542 3091 579 3148 ad
613 3091 743 3162 urbes,
776 3092 1033 3152 demonstrativam
1068 3089 1149 3148 reddi

88 3187 422 3274 (ἆνταποδίδοσθαι),
447 3198 525 3273 quod
547 3207 578 3254 ut
595 3197 658 3255 lieri
678 3208 756 3256 reete
778 3199 871 3275 possit
890 3197 1058 3271 servarique
1081 3213 1149 3252 eon·

87 3307 282 3366 iunctirorum
304 3306 501 3383 (receperit
524 3303 591 3375 etc.)
613 3323 719 3376 causa,
750 3305 884 3363 addenda
911 3313 956 3363 est
976 3301 1148 3370 coniunctio,

89 3433 155 3489 qum
193 3413 378 3472 similitudine
411 3412 571 3470 litterarum
609 3411 714 3470 extrita
755 3423 815 3480 est,
851 3421 880 3467 et
908 3411 950 3468 ita
981 3407 1148 3466 scribendus

87 3529 167 3579 totns
190 3520 280 3580 locus:
329 3519 526 3578 Enimvero
558 3517 594 3574 id
616 3517 740 3575 auditu
763 3515 871 3574 etiam
894 3515 1014 3572 dicere
1035 3513 1148 3589 indig-

87 3645 169 3684 num
196 3645 276 3685 esse
305 3625 558 3702 Hegesianax,
589 3623 756 3681 Thracias
785 3631 820 3680 et
847 3619 1067 3680 Chersonesi
1095 3639 1148 3678 ur·

88 3731 196 3790 bibus
218 3733 337 3791 areeri
358 3731 595 3800 Antiochum,
622 3747 740 3810 qm,
764 3747 842 3806 qua
872 3725 1049 3789 Seleucus
1070 3744 1148 3802 pro·

88 3856 179 3896 avus
209 3839 302 3910 eius,
331 3836 551 3915 Lysimacho
580 3854 663 3911 rege
696 3835 793 3893 bello
825 3836 924 3894 victo
954 3841 989 3890 et
1008 3832 1043 3889 in
1071 3831 1148 3888 acic

87 3961 199 4015 casso,
218 3963 282 4021 per
302 3961 471 4002 summum
486 3941 597 4000 decus
613 3951 719 4019 parta
738 3943 949 4018 reliquerit,
972 3938 1052 4016 pari
1074 3956 1148 3996 cunr

86 4048 200 4107 lande
220 4049 355 4121 eadem,
377 4049 425 4107 ab
449 4049 659 4109 Thracibus
680 4065 866 4125 possessa,
882 4048 1015 4125 partim
1038 4045 1149 4106 armis

86 4154 277 4232 receperit
303 4155 524 4226 Antiochus,
554 4153 690 4232 partim
713 4163 766 4214 etc.
821 4155 895 4212 Post
927 4155 1149 4214 Antiochum
