2800 4646
258 267 315 317 Lib.
332 265 458 317 mnu
758 268 816 326 384

257 450 514 510 Drakenborchius
535 449 573 507 ad
595 449 757 517 XXXIX,
784 451 841 515 ³1,
872 453 889 506 4
910 447 1040 525 collegit3
1067 467 1242 525 quamquam
1263 467 1316 505 ex-

258 556 359 634 emplis
378 557 408 614 in
431 556 483 614 tali
504 575 536 613 re
555 574 615 612 non
636 557 723 614 valde
749 573 823 631 opus
847 549 934 631 αι’)

341 661 414 738 Cap.
437 666 486 731 40,
512 665 542 720 1:
571 662 625 718 De
645 662 759 738 Argis
781 679 925 736 quoquc
946 661 1170 739 disceptatio
1189 663 1232 719 ab
1252 663 1316 718 At-

258 767 334 825 talo
365 785 451 843 rege
480 777 536 824 est
564 777 675 837 mota,
706 785 810 843 quum
838 766 968 825 frande
988 768 1169 827 Philoclis
1196 766 1316 844 prodi-

258 883 328 932 tam
349 875 470 932 urbem
491 874 527 930 vi
549 874 592 930 ab
615 891 656 930 eo
680 873 821 948 (Nabide)
843 874 960 930 teneri
982 885 1167 951 argueret,
1188 873 1250 932 illc
1273 873 1315 929 ab

259 979 355 1056 ipsis
375 979 545 1054 Argivis,
571 987 610 1036 ut
630 998 667 1037 se
697 979 927 1048 defenderet,
955 979 1119 1040 accitum.
1168 978 1316 1052 Perquam
1387 997 1388 1034 l

259 1085 330 1144 dure
350 1105 387 1142 ex
408 1095 582 1160 argueret
604 1085 720 1144 auditur
741 1085 881 1142 diceret
902 1086 980 1156 (cum
1002 1081 1194 1157 defensione);
1224 1101 1316 1158 prave
1387 1071 1388 1110 ³

259 1209 377 1268 prorsus
399 1191 480 1248 deest
502 1191 660 1249 subiectum
683 1189 828 1267 participii
850 1191 1020 1261 accitum,
1047 1209 1135 1266 quum
1158 1189 1316 1264 presertim
1387 1185 1388 1226 l

259 1298 333 1356 inter
352 1317 384 1356 se
405 1298 552 1356 contraria
570 1298 631 1355 haec
653 1295 754 1354 referri
774 1297 919 1366 deberent,
940 1297 1061 1354 urbem
1083 1295 1266 1372 proditam
1289 1304 1317 1350 et
1387 1335 1388 1348 t

259 1421 294 1460 se
316 1405 481 1462 accitum.
529 1405 633 1478 Neque
649 1411 681 1459 ut
695 1401 826 1478 Argivos
840 1401 1016 1472 defenderet,
1037 1421 1069 1460 se
1084 1401 1206 1460 accitum
1222 1400 1319 1458 dicere
1387 1403 1388 1478 J

259 1509 353 1566 Nabis
374 1519 498 1586 poterat,
530 1510 683 1584 (quoniam
704 1509 811 1565 iamin
833 1507 1026 1566 Macedonum
1048 1515 1191 1584 potestate
1211 1507 1316 1578 erant)

260 1614 309 1672 sed
332 1623 363 1672 ut
384 1615 528 1673 liberaret
576 1613 634 1672 Sed
656 1613 725 1688 quid
740 1614 917 1688 argumentis
931 1623 1007 1684 utor,
1028 1633 1116 1688 quum
1136 1631 1207 1670 vera
1227 1613 1317 1687 scrip-

259 1729 326 1776 tura
348 1721 481 1777 omuibus
503 1720 633 1796 apicibus
655 1720 684 1776 in
707 1720 733 1777 B
761 1728 871 1788 exstet,
900 1738 993 1794 neque
1014 1720 1043 1776 iu
1067 1717 1117 1775 illo
1139 1718 1242 1787 solum,
1266 1718 1317 1774 sed

259 1825 287 1880 iu
308 1823 453 1900 plerisque
481 1825 587 1900 (Pell,
613 1824 715 1882 Lovel.
737 1824 838 1894 tribus,
862 1825 1026 1883 Meadianis
1048 1823 1225 1894 ambobus)?
1268 1823 1318 1882 Sic

259 1929 404 1987 enimilli:
428 1931 490 1988 ille
512 1932 557 1988 ab
578 1931 671 2006 ipsis
687 1929 841 2005 Argivis
862 1946 900 1988 se
920 1929 1134 1988 defenderet
1154 1929 1318 1989 accitum..

260 2037 315 2094 hoe
341 2045 400 2107 est,
426 2037 668 2112 pervagatissimo
697 2037 779 2093 verbi
804 2055 872 2106 usu,
900 2035 1072 2094 defendendi
1093 2053 1183 2093 causa
1203 2035 1320 2093 diceret

260 2141 323 2215 (lis,
345 2161 409 2217 quoe
430 2143 459 2200 in
482 2141 582 2200 lexicis
602 2152 757 2218 ponuntur,
781 2141 922 2217 exemplis
936 2142 1004 2199 addi
1025 2143 1086 2199 haec
1107 2143 1164 2200 tria
1183 2151 1320 2218 possunt:

259 2245 319 2306 Cio.
341 2248 426 2308 Verr.
449 2249 495 2318 V,
524 2249 561 2318 9,
584 2249 622 2306 22
646 2257 675 2305 et
699 2249 752 2317 13,
774 2247 830 2317 32,
860 2266 915 2323 pro
937 2247 1017 2306 Cael.
1040 2249 1088 2319 20,
1114 2251 1162 2304 50.
1205 2246 1319 2304 Eodem

259 2353 346 2412 modo
368 2372 444 2430 saepe
469 2353 524 2410 dici
552 2371 712 2429 purgare
732 2353 913 2411 notissimum
944 2357 1008 2421 est.)
1051 2353 1143 2410 Miror
1164 2349 1250 2406 talem
1274 2369 1320 2406 er·

258 2477 353 2516 rorem
377 2461 414 2516 ad
437 2468 567 2516 nostrum
590 2469 703 2535 tempus
724 2459 850 2516 latuisse.

636 2866 715 2940 Lib.
748 2865 936 2938 XXXIII.

343 3051 415 3128 Cup.
451 3057 504 3124 12,
537 3057 569 3112 3:
599 3055 816 3114 Aetolorum
847 3053 893 3124 (in
922 3050 1043 3110 concilio
1072 3047 1215 3107 sociorum
1244 3069 1263 3106 a
1286 3051 1321 3107 L.

260 3157 395 3232 Quinctio
417 3158 561 3216 advocato
583 3161 619 3218 dc
640 3159 752 3236 legibus
780 3159 861 3234 pacis
882 3156 1019 3232 Philippo
1042 3154 1184 3224 dicendis)
1217 3173 1325 3232 espe-

259 3263 334 3321 rior
366 3263 486 3322 oratio
518 3262 606 3336 fuit,
642 3266 705 3339 qui
738 3282 854 3340 pauca
884 3259 1045 3338 prmiati,
1078 3269 1176 3318 recte
1208 3273 1320 3336 atque

260 3367 386 3426 ordine
407 3369 668 3444 imperatorem
690 3371 885 3428 Romanum
914 3367 1052 3436 faeere,
1086 3367 1196 3442 quod,
1230 3384 1320 3441 quos

278 3589 302 3658 ¹)
328 3592 358 3644 C.
378 3601 419 3654 ³2,
440 3599 454 3644 6
474 3596 653 3646 abstinendum
672 3605 711 3646 est
723 3598 883 3646 coniecturis.
921 3598 1063 3646 (iterate
1081 3609 1133 3645 nou
1151 3595 1184 3644 ad
1204 3596 1318 3644 animum

330 3685 445 3748 Quinctii
466 3690 593 3752 pertinet,
620 3691 664 3739 aed
691 3690 723 3738 ad
743 3691 862 3753 speciem,
889 3703 966 3754 quum
991 3703 1043 3755 prae
1062 3701 1089 3738 so
1107 3686 1212 3737 ferebat.
1249 3685 1320 3736 Con·

330 3780 408 3832 cessit
425 3779 491 3829 enim
505 3779 567 3841 regi,
586 3786 614 3828 ut
627 3779 840 3842 colloquerentur,
861 3791 965 3846 gravate
983 3789 1010 3830 et
1027 3782 1100 3844 quasi
1113 3781 1211 3840 nolens,
1229 3793 1320 3842 quatu-

330 3887 406 3937 quam
426 3885 516 3935 reapse
534 3871 690 3935 colloquium
710 3875 773 3922 satis
800 3875 849 3939 ipsi
876 3876 908 3924 ad
928 3887 971 3926 et.
991 3885 1047 3936 qum
1066 3871 1207 3934 cogitabat,
1229 3879 1318 3934 aptum

332 3965 471 4014 videbatur.
525 3964 565 4013 Ea
591 3965 628 4014 ris
658 3972 697 4014 est
720 3966 902 4029 particularum
932 3979 994 4015 nou
1017 3966 1108 4026 quin,
1136 3963 1207 4012 uullo
1232 3962 1321 4010 addita

331 4055 412 4104 altero
429 4056 552 4105 orationis
572 4055 695 4110 membro.
