2822 4648
311 283 367 332 nro.
388 283 435 332 vl.
776 289 832 346 13⁸

268 467 432 525 homines
455 466 618 542 pertinet
649 467 695 538 (ut
724 487 761 524 ea
786 467 913 526 fortasse
944 467 1052 541 negligi
1086 486 1172 542 posse
1204 469 1332 544 cuipiam

268 573 427 643 videatur);
450 570 599 646 quidde
621 571 1084 647 religionibus-loquar?
1116 575 1334 648 Fingitacon-

267 679 358 735 traria
380 687 464 752 parte
487 676 610 744 elevari,
634 695 698 750 quae
725 677 761 733 de
782 677 954 752 indignitate
973 663 1094 746 'dixer-iu
1116 680 1215 754 itaque
1235 680 1273 736 ad
1297 680 1330 737 id

266 783 378 852 transit,
403 782 483 856 quod
505 782 615 840 elevari
636 793 770 857 nequeat.
825 781 937 840 Eodem
960 781 1021 838 fere
1042 783 1130 840 modo
1151 803 1175 840 e.
1199 787 1253 854 lo,
1289 787 1327 841 14

267 888 353 944 dixit:
376 887 587 944 Athercule
609 905 726 944 sermo
748 898 803 944 est
824 888 969 944 minime
990 887 1127 956 civilis;
1150 887 1253 962 quid?
1274 909 1332 946 ro·

266 992 367 1067 gatio
390 991 513 1066 qualis
535 991 609 1048 est?
641 992 696 1048 nisi
719 994 796 1068 quod
818 994 858 1050 ibi
883 995 977 1050 minus
999 994 1117 1050 concedi
1139 995 1256 1068 fingitur
1276 997 1331 1052 sed

267 1098 296 1155 in
318 1115 353 1154 eo
375 1095 501 1154 tortasse
527 1115 584 1154 non
613 1099 685 1156 satis
715 1116 779 1156 esse
805 1099 957 1168 momenti3
984 1099 1083 1172 itaque
1104 1099 1139 1155 de
1161 1100 1264 1156 maiori
1283 1100 1330 1156 in-

265 1210 440 1276 terrogatur.
525 1203 620 1260 Paulo
643 1213 711 1278 post
733 1203 761 1278 (ξ
784 1203 834 1280 8),
867 1205 917 1261 ubi
938 1203 979 1261 sie
1001 1204 1148 1262 scribitur:
1178 1204 1330 1262 eludant

265 1325 357 1364 nunc
388 1306 479 1363 licet
499 1307 717 1383 religionem
749 1310 835 1383 quid
865 1309 956 1366 enim
986 1319 1054 1377 est,
1081 1310 1111 1365 si
1138 1309 1230 1384 pulli
1256 1330 1329 1368 non

265 1423 480 1487 pascentur,
511 1411 543 1468 si
564 1431 606 1468 ex
629 1430 741 1470 eavea
762 1415 906 1471 tardius
928 1414 1108 1480 exierint,
1136 1415 1166 1472 si
1187 1418 1329 1474 occeci-

266 1517 361 1574 nerit
382 1515 484 1573 evis?
507 1517 642 1575 mendum
663 1519 771 1588 subest,
793 1519 871 1593 quod
894 1520 1030 1593 quoniam
1053 1539 1146 1594 neque
1168 1541 1204 1578 ex
1228 1541 1262 1580 eo
1282 1535 1332 1580 est

265 1643 379 1699 genere,
403 1641 527 1697 qrrorum
549 1622 758 1680 demonstratio
780 1625 966 1681 vehementer
986 1625 1114 1682 animum
1124 1625 1199 1696 ferit,
1211 1637 1240 1683 et
1252 1628 1329 1685 duas

265 1747 352 1786 voces
377 1729 492 1784 videtur
514 1727 673 1802 attingere,
694 1747 777 1804 poene
796 1729 904 1786 invitus
927 1747 1136 1807 commemor05
1164 1733 1214 1788 sad
1237 1735 1328 1789 statui

264 1831 354 1890 libere
377 1833 472 1889 dicere
500 1851 593 1906 neque
616 1833 773 1907 quicquam
806 1853 947 1908 premere.
1010 1835 1053 1894 Ut
1086 1837 1161 1894 enim
1194 1837 1327 1895 omittam

265 1939 359 2013 ipsam
380 1947 465 1994 rectae
483 1937 717 2014 interrogationis
744 1957 781 1995 ex
803 1939 892 2014 ipsius
912 1939 1027 1997 Claudii
1053 1959 1178 2016 persone
1200 1940 1327 1999 sormam

264 2043 294 2100 in
317 2043 506 2118 exprimenda
528 2044 651 2100 aliorum
674 2045 858 2102 cavillatione
879 2047 937 2110 teni
960 2047 1063 2104 deinde
1084 2048 1145 2122 ipse
1156 2047 1327 2122 respondet:

265 2151 385 2205 Parva
405 2158 488 2205 sunt
508 2151 583 2206 haec
605 2147 676 2226 cet.)
698 2149 815 2206 minime
837 2159 904 2225 epte
919 2151 1054 2225 positam,
1077 2151 1183 2208 nullam
1207 2151 1327 2208 omnino

264 2255 431 2328 excogitare
452 2273 570 2328 possum
593 2256 734 2312 rationem
767 2273 861 2328 neque
890 2255 1027 2330 simplicis
1053 2255 1142 2312 futuri
1164 2263 1327 2329 (pascen-

262 2361 332 2431 tur)
363 2379 456 2434 neque
490 2360 588 2416 exacti
623 2359 796 2432 (exierint
831 2392 869 2402 —-
902 2361 1150 2435 occecinerit).
1219 2361 1328 2435 Neque

262 2464 338 2522 enim
359 2465 420 2533 illi,
452 2483 525 2540 quos
548 2463 688 2522 Claudius
716 2465 870 2538 religiones
904 2466 1020 2523 eludere
1053 2467 1150 2540 fingit,
1186 2467 1241 2522 hoc
1281 2467 1327 2522 di-

262 2571 381 2640 cebant,
403 2569 474 2628 nihil
499 2587 562 2625 esee
590 2569 674 2638 mali,
698 2571 726 2642 (-
752 2572 907 2646 oportebat
936 2581 1033 2628 antem
1061 2571 1140 2629 fore
1161 2571 1232 2640 dici,
1267 2572 1328 2628 boc

262 2684 321 2744 est,
351 2675 424 2732 erit
447 2677 492 2749 -),
514 2675 538 2730 si
564 2675 687 2748 posthac
709 2693 778 2731 aves
800 2695 858 2732 non
880 2688 1067 2750 pascerentur
1087 2675 1235 2734 tardiusve
1257 2678 1327 2733 exi-

261 2791 325 2836 rent
347 2780 447 2836 avisve
469 2779 658 2848 eminuisset,
694 2781 771 2854 (quse
802 2793 831 2839 et
851 2781 931 2839 facta
952 2791 1038 2838 antea
1059 2799 1135 2857 saepe
1160 2792 1242 2839 erant
1273 2801 1326 2839 ne-

262 2903 318 2958 que
344 2884 448 2959 saepius
479 2886 601 2958 posthae
630 2885 729 2942 futura
761 2887 802 2943 illi
824 2888 996 2962 putabant),
1025 2887 1076 2943 sed
1106 2887 1175 2944 nibil
1205 2887 1327 2945 omnino

261 2989 290 3046 in
311 2989 356 3045 his
385 2991 472 3046 rebus
503 3007 565 3046 esse
593 2991 748 3059 momenti,
780 2991 887 3048 nullam
924 2992 1162 3066 significationem
1195 2993 1326 3067 dignam,

261 3113 349 3169 quarn
368 3094 432 3168 quis
455 3105 578 3156 curaret.
623 3096 715 3168 Atqui
738 3097 794 3154 boc
816 3097 856 3153 sic
878 3097 1030 3154 dicendum
1052 3109 1114 3154 eret
1136 3109 1213 3156 recta
1235 3099 1326 3156 inter-

259 3199 424 3273 rogatione:
447 3199 544 3271 Quid
566 3201 657 3257 enirn
681 3211 748 3270 est,
777 3201 807 3256 si
827 3203 924 3277 pulli
947 3203 1129 3277 (aliquando)
1157 3221 1225 3259 non
1257 3223 1326 3278 pe-

259 3313 416 3372 scuntnr,
447 3303 476 3360 ai
509 3323 550 3360 ex
581 3323 695 3361 cavea
716 3307 858 3364 tardius
881 3307 1068 3365 exierunt?
1111 3308 1185 3364 lllihi
1206 3309 1325 3382 quidem

260 3409 362 3467 Livius
385 3410 426 3466 sic
448 3409 597 3484 scripsisse
620 3411 748 3468 videtur:
772 3413 934 3470 Eludant
955 3433 1047 3470 nnnc
1069 3415 1156 3472 licet
1174 3414 1327 3489 religio-

259 3533 334 3584 nes,
367 3515 454 3589 quid
477 3516 567 3572 enim
590 3536 687 3586 esse,
721 3517 751 3574 si
771 3517 863 3592 pulli
885 3537 954 3574 non
976 3526 1190 3598 poscuntur,
1226 3519 1258 3576 si
1281 3539 1326 3577 ex

259 3639 374 3678 cavea
395 3619 538 3676 tardius
561 3619 740 3693 exierint,
763 3622 796 3679 si
820 3623 899 3679 avis
922 3621 1199 3698 occecinerit?¹)

287 3859 311 3926 ¹)
331 3864 370 3912 De
388 3863 503 3913 tollenda
522 3867 547 3914 in
568 3881 589 3915 c.
610 3873 659 3926 42,
695 3874 724 3916 la
754 3883 834 3932 prava
859 3870 935 3919 trium
963 3872 1098 3920 verborum
1127 3871 1277 3936 repetitione
1298 3883 1326 3922 et

327 3954 479 4005 lecturos
498 3973 544 4020 pro
564 3968 699 4010 acturos
718 3963 877 4011 restituendo
898 3976 954 4024 qu
962 3965 1068 4026 exposui
1087 3964 1113 4012 in
1131 3963 1219 4012 libello
1235 3977 1326 4026 grum-

328 4049 421 4096 mttieo
446 4049 656 4113 {Bemerlmngen
682 4052 747 4101 uber
769 4053 911 4103 verschied.
935 4055 1036 4103 Pnnlrte
1061 4057 1106 4104 des
1126 4055 1242 4118 Systems
1276 4056 1327 4105 der
