2826 4640
263 261 320 312 Lib.
341 261 411 311 XLI.
766 265 824 322 498

264 448 330 516 bet,
358 459 387 504 et
414 447 485 506 tides
513 446 615 506 haberi
644 445 743 522 aliqua
775 457 890 524 poterat
916 448 972 506 ciri
989 449 1106 518 iuranti,
1125 449 1160 520 ei,
1182 449 1241 524 qui,
1265 451 1319 508 nisi

264 553 380 621 iuraret,
402 573 503 612 servus
525 571 679 612 mansurus
701 567 773 625 erat,
794 553 887 624 nulle,
909 565 938 610 et
958 573 1018 612 ram
1042 555 1156 612 conticit
1175 573 1319 630 gramma-

264 659 322 716 tica
343 659 432 730 rati03
460 660 489 716 in
513 659 606 717 altera
627 660 703 718 enim
724 661 866 718 sententia
898 679 970 716 uon:
1003 661 1063 734 qui
1095 679 1172 718 eum
1204 681 1319 718 manu-

264 765 426 822 mitteret
446 766 533 824 scribi
546 765 654 835 debuit,
669 765 736 824 sed:
758 765 818 840 qui
836 784 874 824 se
888 766 1164 824 manumitteret.
1208 768 1319 844 ltaque,

263 869 289 926 si
317 881 413 928 cetera
439 889 512 928 sanc
541 883 622 942 sunt,
654 873 813 930 subiectum
842 873 923 930 verbi
949 873 1054 930 daret
1074 874 1237 932 continetur
1266 875 1320 932 hac

264 977 418 1034 sententia:
440 977 500 1052 qui
526 995 605 1034 eum
627 979 916 1048 manumitteret,
944 986 1079 1052 recteque
1102 998 1176 1036 eum
1199 979 1320 1039 refertur

264 1083 302 1140 ad
325 1082 385 1157 qui
410 1081 624 1158 (interpositum
644 1104 663 1142 a
685 1082 822 1142 Creverio
843 1095 911 1160 post
937 1086 1030 1160 apud
1055 1104 1175 1143 eorum
1197 1089 1319 1161 quem),

263 1199 296 1246 ut
322 1189 378 1246 hoc
409 1188 439 1244 in
469 1188 652 1263 impeditiore
682 1189 923 1249 senatusconsulti
956 1191 1087 1248 oratione
1124 1201 1153 1247 et
1187 1191 1319 1250 liberiore

264 1295 469 1354 sententiarum
490 1294 690 1352 coniunctione
710 1295 772 1354 lere
790 1315 844 1372 pro
865 1295 980 1370 siquis
1002 1296 1168 1372 accipietur.
1212 1298 1272 1357 Sed
1291 1299 1319 1356 id

265 1403 327 1460 lieri
347 1401 447 1476 nequit
467 1401 496 1457 in
517 1401 578 1458 his:
605 1401 665 1476 qui
691 1402 727 1459 id
761 1421 830 1459 non
850 1402 1004 1472 iuraret,
1036 1421 1112 1458 eum
1136 1404 1319 1460 manumit-

263 1509 407 1566 tendum
440 1526 509 1565 non
545 1517 777 1575 censuerunt3
809 1508 859 1564 ubi
890 1507 1053 1564 necessario
1086 1527 1161 1565 eum
1194 1509 1232 1564 ad
1262 1510 1318 1583 qui

265 1613 397 1671 refertur.
441 1612 553 1669 Verum
575 1612 605 1668 in
627 1613 727 1670 codice
741 1613 783 1670 ita
798 1613 944 1670 scribitur:
972 1656 1002 1674 ..
1030 1631 1134 1672 manu
1154 1633 1225 1671 uon
1246 1615 1319 1672 mit·

264 1731 365 1776 turen
386 1718 472 1793 quid
498 1737 568 1776 non
596 1719 720 1776 iurarc
752 1739 827 1777 eum
849 1731 921 1790 cet,
953 1737 990 1776 ex
1022 1737 1080 1793 quo
1111 1718 1246 1778 efficitur:
1285 1765 1314 1784 ..

264 1843 368 1880 manu
389 1843 458 1881 uon
474 1823 630 1894 mittere;
651 1825 686 1881 in
708 1843 776 1899 quo
798 1824 832 1882 id
846 1843 915 1882 nou
934 1825 1074 1883 iuraret
1095 1827 1320 1899 (manumissor),

264 1949 340 1986 eum
363 1930 700 1988 manumittendum
733 1949 802 1987 non
833 1941 1062 1992 censuerunt.
1109 1931 1250 1990 Extremo
1272 1935 1320 1991 de·

264 2035 351 2110 nique
372 2035 466 2110 capite
491 2039 520 2106 (ξ
540 2037 598 2108 12),
618 2037 669 2095 ubi
689 2037 718 2094 in
741 2035 839 2092 codice
860 2037 921 2093 haec
941 2047 1020 2094 suut:
1043 2037 1126 2094 Haec
1146 2038 1181 2094 in
1203 2051 1321 2112 postc-

265 2161 338 2200 rum
364 2159 474 2199 causa
494 2143 661 2218 iussique
683 2143 802 2200 edicto
825 2141 858 2200 C.
884 2141 1014 2200 Claudi
1045 2159 1139 2202 cous.
1163 2141 1321 2202 Claudio

264 2249 414 2306 decreta
441 2258 510 2316 eet,
545 2249 689 2326 Grymeus
721 2258 818 2307 autom
840 2247 992 2306 infeliciter
1024 2248 1321 2306 iurisdictionem

263 2354 357 2412 intulit
394 2356 473 2430 (quar
500 2373 615 2442 samper
641 2356 822 2432 privatarum
851 2373 947 2412 rerum
976 2365 1020 2411 est
1050 2365 1079 2412 ct
1104 2353 1172 2411 hinc
1202 2353 1324 2428 aliena),

264 2459 324 2516 dixi
353 2461 412 2518 iam
440 2473 507 2518 ante
530 2460 642 2535 aliquot
664 2479 756 2520 anuos
778 2461 903 2533 (1852),
934 2461 1115 2518 scribendum
1138 2479 1215 2518 esse:
1241 2461 1324 2518 Haec

264 2565 298 2622 in
319 2576 508 2642 posterum
530 2572 652 2635 cautu
675 2575 780 2636 cetera,
808 2567 891 2623 utin
912 2566 1012 2623 codice
1037 2577 1112 2636 sunt,
1134 2566 1323 2641 relinquenda

264 2683 339 2740 sunt,
361 2673 516 2748 quoniam,
540 2691 605 2748 qua
629 2671 813 2739 exciderunt,
851 2671 985 2747 supplere
1012 2672 1174 2746 nequimus.
1222 2673 1263 2750 (F
1265 2674 1324 2749 ingl

263 2777 427 2836 huiusmodi
462 2779 570 2855 aliquid
604 2789 713 2855 potest:
751 2777 916 2852 iussique
951 2777 1072 2834 edicto
1109 2775 1142 2838 C.
1175 2777 1322 2836 Claudii

265 2883 427 2942 consulis
450 2886 542 2944 socii
572 2887 608 2942 iu
636 2902 721 2942 suas
754 2883 929 2941 civitates
951 2883 1086 2954 redire;
1113 2885 1155 2942 dc
1178 2885 1240 2956 iis,
1264 2886 1324 2960 qui

263 3009 332 3046 non
353 2989 553 3062 redissent,
575 2991 729 3066 quaestio
753 3008 770 3044 a
803 2989 956 3047 decreta
976 2989 1052 3065 cst.)

354 3095 427 3173 Cap.
455 3101 498 3167 tu,
519 3101 534 3154 7
557 3097 607 3172 (de
620 3100 659 3155 A.
669 3095 791 3166 Manlio,
812 3095 854 3153 M.
869 3095 963 3166 Iunio,
985 3097 1143 3172 superioris
1165 3096 1234 3154 anni
1256 3115 1324 3155 con-

265 3203 384 3273 sulibus,
411 3221 430 3260 a
452 3201 485 3261 C.
508 3201 632 3262 Claudio
653 3221 733 3263 cons.
757 3202 909 3278 provincia
930 3202 1069 3260 decedere
1085 3202 1199 3276 iussis):
1222 3201 1325 3275 Quod

265 3328 342 3366 eum
363 3309 517 3366 militum
540 3309 703 3367 consulis
734 3309 889 3385 imperio
923 3308 1020 3366 dicto
1050 3308 1244 3366 audientes
1274 3307 1325 3364 lu·

265 3426 366 3472 turos
387 3433 465 3472 esse
486 3415 666 3485 dicerent,
698 3435 771 3473 cum
802 3415 832 3471 is
855 3423 908 3471 etc·
957 3417 1046 3472 Recte
1066 3414 1326 3472 Drakenborchins

265 3540 302 3578 ex
324 3521 478 3578 militum
506 3521 574 3580 fecit
605 3522 663 3579 illi
692 3533 777 3590 tum;
806 3521 857 3576 sed
887 3521 982 3594 quod
1009 3520 1038 3577 in
1066 3521 1122 3580 hoc
1150 3519 1327 3577 narrationis

266 3644 420 3701 progressu
439 3636 506 3684 ante
520 3647 634 3702 quum,
656 3627 734 3702 quod
746 3636 825 3702 agat,
839 3645 898 3684 non
913 3627 1014 3696 habet;
1032 3627 1131 3700 itaque
1143 3626 1327 3684 scribendum

265 3732 394 3789 videtur:
426 3730 587 3808 Cumquc
617 3733 674 3790 illi
707 3743 778 3790 tum
810 3743 865 3792 cet.
919 3732 1014 3790 Paulo
1037 3743 1104 3808 post
1133 3737 1161 3800 (ς
1185 3733 1217 3806 8)
1240 3732 1329 3790 valde

266 3856 377 3907 vereor,
399 3849 431 3894 ut
453 3849 530 3896 recte
551 3840 677 3898 dicatur:
710 3839 770 3914 qui
791 3857 856 3914 pro
878 3848 1060 3912 quaestore
1082 3838 1211 3896 llanlii
1232 3849 1329 3904 crat,

267 3951 394 4016 putoque
416 3945 555 4002 Manlio
582 3945 686 4015 luisse3
710 3965 778 4003 nam
799 3945 958 4021 genitivum
979 3946 1045 4002 huic
1068 3945 1206 4020 loquendi
1225 3945 1330 4002 formas

268 4045 357 4116 (esse
379 4066 443 4120 pro
466 4055 658 4121 quaestore)
681 4049 845 4109 adiunctum
868 4070 921 4108 noc
941 4051 998 4126 legi
1019 4070 1071 4107 nec
1094 4051 1230 4126 analogia
1252 4050 1332 4108 ferre
