2800 4646
291 250 351 301 Lib.
369 249 457 299 xxu.
760 251 819 308 244

256 432 453 504 (abierat?)
475 434 545 490 iam
568 442 602 490 ot
624 439 727 488 tanta
750 431 944 505 paucitate
965 431 1029 488 vix
1051 441 1187 498 castra,
1209 429 1239 486 si
1261 447 1324 502 op-

257 547 529 616 pugnarentur,
554 537 669 594 tutari
696 545 853 611 poterat.
902 536 1052 610 Iamque
1079 537 1223 594 artibus
1249 535 1325 592 Fa-

258 643 326 712 bii,
348 642 508 700 sedendo
530 651 564 698 et
586 639 806 708 cunctando,
834 639 970 698 bellum
991 643 1146 716 gerebat
1175 651 1227 699 cet.
1273 640 1325 696 Ea

257 750 327 806 iam
351 757 385 804 et
407 748 468 814 (vol
490 748 593 816 inme,
613 747 719 803 hausta
731 754 863 802 extrema
881 744 987 814 littera,
1007 747 1084 820 quod
1100 747 1200 804 eadem
1216 764 1325 820 seque·

258 855 356 924 batur)
377 851 552 925 geminando
583 861 678 908 ortum
711 851 826 908 videtur
847 851 1026 910 iamsame.
1080 851 1138 910 Sed
1167 851 1227 908 hac
1250 851 1326 906 milri

257 959 333 1014 inter
353 957 478 1012 incertas
499 957 626 1032 suspicio
649 957 746 1032 posita
767 952 848 1027 sit.¹)

341 1061 413 1118 ’De
431 1063 579 1136 cap.28‚l
605 1062 712 1119 dictum
727 1071 771 1118 est
791 1079 881 1136 supra
903 1063 1011 1136 ptos.
1056 1062 1203 1120 Ineodem
1227 1061 1328 1134 capite

257 1165 346 1241 paulo
361 1175 429 1240 post
451 1169 494 1236 (9,
516 1167 552 1224 de
573 1165 712 1236 Minucio,
724 1165 865 1240 magistro
880 1165 1024 1243 equitum)
1042 1167 1149 1225 editur:
1169 1167 1211 1223 ad
1224 1184 1327 1222 arma

257 1281 367 1329 vocat
397 1281 431 1328 et
452 1273 556 1330 vanis
585 1271 715 1329 animis
738 1281 772 1328 et
794 1271 900 1328 minis
923 1271 1092 1347 increpat
1115 1273 1271 1340 hostem3
1295 1273 1326 1327 in

258 1377 405 1434 codicibus
438 1377 564 1451 antiquis
598 1375 678 1448 (PC)
710 1385 766 1434 est:
799 1387 834 1434 et
862 1377 966 1434 vanis
988 1377 1119 1434 animis
1152 1387 1186 1433 et
1205 1377 1328 1432 nimi.

258 1483 317 1542 Sed
339 1501 433 1556 neque
454 1501 499 1538 va
507 1482 541 1538 ni
563 1479 673 1537 animi
696 1482 733 1538 de
745 1501 803 1538 uno
815 1483 932 1540 lromiuc
946 1491 1024 1540 recte
1039 1482 1172 1540 dicuntur
1187 1483 1239 1555 (-
1253 1500 1326 1536 nam

257 1587 362 1662 plurali
387 1589 471 1645 huius
493 1586 632 1656 nominis,
670 1604 757 1660 quum
788 1588 824 1644 de
852 1587 990 1662 superbia
1016 1587 1150 1662 ponitur,
1177 1586 1327 1642 adiectiva

258 1692 400 1750 eiusmodi
412 1709 560 1765 nunquam
576 1691 772 1764 adiunguntur
783 1691 820 1748 ad
835 1710 926 1766 genus
941 1691 1327 1767 superbioenotandum.-)

258 1815 368 1870 neque,
391 1797 635 1871 quemadmodum
658 1795 784 1861 minis,
817 1807 970 1869 quaesunt
997 1797 1026 1852 in
1050 1797 1165 1866 verbis,
1195 1794 1326 1869 aliquem

257 1901 451 1976 increpamus,
481 1901 550 1958 item
573 1902 714 1960 animis.
759 1901 849 1958 Recte
870 1900 899 1958 in
925 1901 1117 1958 deterioribus
1138 1901 1249 1974 aliquot
1272 1919 1328 1957 co·

258 2006 370 2062 dinibus
393 2005 509 2079 (Voss,
544 2008 660 2076 Haun.‚
686 2005 809 2064 Gaertn.
840 2007 919 2080 apud
941 2005 1230 2068 Drakenborchium)
1253 2024 1330 2062 con-

257 2111 369 2168 iectura
390 2111 553 2167 restitutum
590 2119 648 2168 eet:
679 2121 713 2166 et
739 2111 844 2168 vanis
866 2111 973 2168 minis
995 2111 1171 2185 increpat.
1225 2110 1326 2182 Quum

258 2216 333 2273 enim
368 2216 397 2272 in
425 2216 523 2273 codice
546 2217 704 2291 archetypo
731 2215 811 2290 (ante
837 2215 872 2286 Ρ,
906 2225 937 2272 ut
969 2215 1085 2291 opinor)
1122 2234 1175 2290 pro
1211 2215 1330 2271 minis

258 2319 460 2393 (eutolmio,
483 2321 587 2378 eiiam
610 2320 651 2377 ita
674 2321 840 2378 aberratum
864 2323 938 2395 erat)
966 2321 1062 2379 scriba
1083 2319 1228 2395 posuisset
1250 2319 1329 2375 ani·

259 2525 457 2534 ῃ..-

276 2623 302 2692 ¹)
328 2627 390 2692 Cap.
410 2633 455 2688 25,
480 2631 659 2680 snccessario
683 2631 831 2695 reponenda
857 2639 910 2688 cst,
939 2645 1016 2692 quam
1038 2627 1182 2680 Gronovius
1213 2641 1329 2690 cumque

329 2721 408 2770 secuti
429 2722 504 2770 ceteri
524 2722 688 2785 expulerunt,
707 2729 778 2772 vetus
796 2723 883 2772 nescio
903 2721 974 2770 cuius
992 2720 1149 2770 emendatio:
1169 2719 1199 2766 ld
1219 2719 1328 2766 enim·

329 2827 403 2862 vero
435 2811 600 2862 ferendum
626 2829 687 2878 pro:
723 2815 752 2862 id
778 2813 862 2862 enim
890 2813 1070 2870 serendum
1114 2811 1209 2859 excidit
1242 2825 1329 2859 sero

329 2912 388 2952 ante
407 2903 487 2954 lore.
536 2902 611 2963 Quod
629 2903 775 2954 Gronovius
799 2907 884 2953 enim
908 2905 1059 2968 particulam
1085 2919 1132 2966 pro
1158 2901 1329 2951 adversativa

327 2997 438 3060 positam
462 3003 535 3058 putat
552 2993 638 3044 Plauti
657 2997 793 3061 exemplo,
812 2998 876 3046 nihil
891 2997 931 3052 bic
951 2985 1101 3044 adversatiri
1126 3001 1178 3054 est;
1198 3008 1248 3058 qno
1271 2995 1328 3056 sig-

329 3089 432 3138 nificatu
450 3089 475 3136 h.
495 3087 511 3136 l.
531 3087 655 3151 accipitur
679 3089 761 3138 enim
780 3087 818 3152 (in
845 3089 988 3137 vehementi
1015 3087 1199 3148 indignabundi
1230 3087 1327 3134 contir-

328 3179 466 3242 matione)‚
485 3193 609 3242 nusquam
629 3181 738 3241 positum
765 3189 836 3245 puto,
867 3197 883 3229 a
907 3181 971 3229 Livii
1000 3180 1141 3241 equalibus
1170 3185 1238 3228 certo
1269 3179 1330 3227 scio

328 3287 380 3322 non
408 3273 445 3321 ita
473 3271 551 3334 poni,
584 3272 764 3334 propriumque
794 3287 850 3322 erse
876 3273 1040 3322 enimvero
1071 3272 1112 3330 (id
1144 3271 1329 3330 enimvero,

328 3373 392 3414 tum
422 3361 608 3426 enimuero).
658 3361 734 3422 Quod
761 3363 855 3428 ellipsis
878 3373 1099 3422 commemoratur,
1121 3362 1254 3425 adscriptis
1276 3363 1327 3410 du·

328 3458 393 3507 obus
418 3454 482 3505 Liuii
507 3453 584 3513 locis,
603 3454 669 3511 Vll,
689 3460 736 3512 32,
760 3459 790 3502 1³
815 3463 840 3502 ot
858 3455 910 3516 111,
931 3461 981 3516 ³9,
1007 3457 1032 3504 in
1059 3457 1142 3519 priore
1160 3453 1242 3502 enim
1277 3470 1329 3516 po-

328 3551 396 3598 nitur
423 3548 557 3596 notissimo
584 3562 631 3596 usu
659 3547 684 3595 in
712 3547 910 3610 respondendo,
933 3548 1029 3596 omissa
1061 3546 1233 3596 affirmatione
1262 3546 1327 3609 (ja,

329 3641 411 3688 dcun
442 3639 522 3702 cet),
547 3639 572 3686 in
600 3639 683 3687 altero
709 3651 760 3686 non
791 3637 874 3686 minus
905 3641 998 3688 usitate
1025 3641 1128 3703 ponitur
1157 3639 1181 3686 in
1213 3638 1328 3687 interro·

329 3731 432 3794 gando,
452 3739 481 3778 ut
499 3731 669 3794 significetur,
689 3729 720 3778 dc
740 3745 819 3778 causa
837 3738 862 3778 et
882 3731 979 3780 ratione
1000 3731 1068 3788 cius,
1096 3731 1163 3794 qaod
1184 3733 1327 3793 pracedat,

328 3823 478 3884 interrogari
499 3824 575 3886 (aas
594 3823 710 3873 hatten
729 3823 754 3870 si
774 3821 939 3882 dena-l).
982 3821 1126 3884 Utrumque
1144 3823 1178 3870 ab
1191 3821 1244 3871 b.l.
1258 3823 1327 3870 alie·

328 3915 461 3963 pissimum
481 3922 527 3964 est.
571 3915 757 3970 (Enimvero
773 3913 936 3964 scribendum
956 3927 1019 3974 esso,
1035 3915 1101 3962 vidit
1112 3914 1188 3963 etiam
1202 3911 1327 3972 Wexius,

327 4007 395 4054 uus.
419 4004 550 4062 anxir,
570 4009 619 4054 sar
639 3983 722 4054 'nova
740 4003 836 4070 aser.)
