2810 4644
580 282 638 338 353
943 279 1001 329 Lib.
1020 279 1106 330 XXX.

83 464 198 539 alioque
232 481 328 522 rarum
363 474 440 522 statu
466 464 528 542 (qui
549 483 607 522 non
634 465 822 540 significatur)
858 464 985 540 optaturi
1010 465 1136 522 Romani

82 567 200 638 fiterint3
219 569 250 626 id
273 587 360 627 unum
382 569 502 628 alicuius
523 571 660 628 momenti
682 577 726 626 est
743 565 850 642 ¹eique,
872 569 949 642 quod
971 569 1006 626 de
1028 571 1135 628 Poenis

81 675 256 732 contrarium
277 676 481 752 ponitur(nos
502 677 658 734 maxime
680 674 957 748 abominamur),
971 676 1135 752 respondet,

80 781 143 838 fieri
166 781 205 848 id,
228 782 305 856 quod
329 789 380 837 aut
400 781 527 838 Romani
547 800 623 840 nuuc
645 791 745 858 optent
766 790 817 838 aut
837 799 951 857 semper
972 781 1136 858 optaverint

81 894 131 943 aut
150 895 251 962 optare
272 904 322 944 eos
344 894 492 962 oporteat,
516 889 572 944 hoc
595 896 651 944 est:
686 907 751 945 vos
773 896 890 944 autam
912 897 996 944 ante
1018 887 1136 945 omnia

80 1001 214 1069 optare
237 990 419 1070 [debe]tis.
466 993 501 1050 In
532 993 673 1069 proximis
695 994 751 1051 tria
773 1012 791 1050 a
811 993 1048 1050 Weissenbornio
1069 1004 1137 1070 post

79 1097 313 1169 Alschefskium,
345 1099 413 1155 dum
445 1100 591 1157 codicibus
621 1099 818 1176 superstitiose
841 1100 1047 1173 obsequuntur,
1069 1119 1135 1176 gra·

79 1205 280 1281 viter-peccata
301 1213 380 1274 sunt;
403 1205 599 1281 (omninoque,
621 1206 646 1262 si
660 1205 946 1264 Alschefskiushuno
960 1205 1134 1262 tricesimum

78 1311 182 1368 librum
204 1329 261 1367 non
286 1310 436 1378 edidisset,
458 1312 597 1369 nonnulla
618 1311 884 1369 Weissenbornium
906 1320 1067 1387 spreturum
1091 1310 1135 1368 fu·

79 1417 134 1472 isse
156 1417 252 1488 credo,
275 1435 339 1492 quse
361 1417 398 1473 ab
420 1417 468 1474 illo
490 1418 606 1475 homine
628 1438 643 1474 a
666 1418 811 1476 codicibus
833 1425 950 1491 recepta
965 1416 1135 1474 alluerenon

78 1521 237 1594 sustinuit).
298 1522 377 1579 Nam
409 1523 533 1598 primum
567 1525 593 1598 (5
621 1527 668 1596 10)
691 1523 886 1581 Hannibalem
918 1522 1028 1579 inducit
1048 1523 1084 1578 de
1105 1539 1136 1578 se

77 1627 119 1682 sic
140 1625 319 1701 loquentem:
341 1628 445 1702 Quod
467 1631 508 1686 ad
532 1649 583 1687 me
605 1629 796 1698 attinebat,
819 1629 889 1684 iam
912 1637 1000 1684 aetas
1016 1646 1135 1685 senem

76 1733 110 1789 in
133 1733 290 1808 patriam
312 1743 577 1802 revertentem,
598 1735 694 1791 unde
715 1753 805 1809 puer
832 1732 1024 1810 profectus
1046 1753 1135 1804 sum,

75 1839 146 1894 iam
169 1840 340 1906 secundae,
362 1839 431 1896 iarn
455 1841 616 1896 adversa
637 1859 693 1896 res
715 1841 769 1897 ita
789 1839 1077 1910 fraudaverunt,
1099 1851 1136 1898 ut

76 1945 253 2002 rationem
286 1946 392 2019 sequi
414 1965 517 2020 quant
546 1945 732 2004 fortunam
755 1945 884 2003 malim.
936 1947 976 2003 Et
1005 1947 1034 2003 in
1056 1947 1136 2004 atti-

76 2051 197 2113 nebat.
219 2051 297 2126 quod
322 2053 474 2129 perspicue
495 2071 618 2128 pravum
642 2062 686 2110 est
717 2057 783 2129 (pro
807 2053 974 2124 attinet),
999 2053 1135 2128 quoniam

75 2156 104 2212 id
129 2155 233 2231 agitur,
255 2157 349 2231 qualis
372 2177 447 2216 nunc
467 2159 617 2218 Hannibal
638 2159 676 2216 sit
698 2161 738 2231 (et
753 2159 882 2232 sequitur
896 2157 1039 2233 malim),
1058 2176 1136 2214 corn-

76 2262 177 2338 parari
200 2261 280 2319 iubet
300 2264 454 2334 XXVIII,
478 2270 534 2336 ll,
560 2268 614 2330 tt,
635 2267 685 2322 ubi
708 2273 736 2322 et
757 2262 941 2321 manifestum
965 2274 992 2320 et
1013 2263 1135 2338 abripso

77 2369 240 2443 expositum
252 2369 526 2444 est,pertinebot
547 2373 583 2428 de
605 2371 663 2428 alio
685 2379 814 2446 tempora
835 2388 870 2426 ao
892 2367 1059 2425 condicione
1081 2368 1136 2424 dici

76 2473 121 2550 (si
225 2474 473 2550 perficeretur
571 2476 818 2552 pertinebat),
839 2485 871 2530 ut
891 2493 927 2530 ne
948 2473 1052 2530 umbra
1073 2473 1136 2546 qui-

76 2579 143 2636 dem
156 2579 347 2637 similitudinis
369 2581 415 2639 sit.
450 2583 733 2640 Fraudaverunt
744 2589 839 2636 autern
851 2581 974 2655 primum
987 2577 1029 2634 ita
1051 2597 1136 2634 enat·-

76 2693 134 2752 rat,
156 2685 240 2758 quasi
261 2685 337 2742 idem
359 2687 397 2742 sit
417 2695 504 2762 atque
525 2686 673 2756 fallere,
693 2706 711 2743 a
725 2686 805 2744 cuius
827 2686 906 2742 verbi
929 2685 1136 2760 significatione

75 2791 221 2846 certofine
232 2789 409 2849 fraudare
418 2793 590 2868 emungitur:
604 2811 670 2849 nam
683 2793 721 2850 ad
733 2793 904 2868 privandum
917 2800 945 2848 et
955 2789 1137 2866 spoliandum

76 2895 203 2969 aliquem
226 2913 340 2972 semper
361 2899 492 2974 pertinet,
515 2917 608 2974 neque
629 2899 723 2955 minus
755 2898 872 2955 ridicule
895 2896 1000 2955 Latine
1021 2895 1138 2953 fortuna

75 2998 203 3074 aliquem
225 2999 360 3060 fraudare
385 3005 505 3074 dicitur,
528 3023 615 3078 qnam
643 3004 668 3060 si
689 3003 864 3063 Germanice
896 3003 975 3060 dicas
1007 3003 1137 3060 bevor·

75 3105 234 3175 theilen;
272 3107 375 3166 deinde
397 3129 455 3168 non
478 3109 690 3179 animadvertit,
712 3109 829 3167 fallendi
851 3110 996 3167 notionem
1018 3127 1138 3185 prorsus

75 3229 135 3270 non
163 3229 249 3287 posse
277 3213 361 3270 simul
395 3215 432 3272 ad
462 3215 602 3272 secundas
634 3217 720 3272 etad
743 3216 881 3273 adversas
902 3234 949 3273 res
972 3233 1137 3272 accommo-

75 3319 151 3386 dari,
173 3319 278 3376 nedum
301 3320 338 3376 ad
360 3329 473 3378 atatem
498 3322 580 3397 (iant
603 3331 688 3378 etas
776 3323 845 3379 iarn
867 3341 943 3390 see,
965 3321 1034 3377 iam
1059 3321 1136 3377 adv.

74 3441 145 3494 res,
169 3443 234 3499 quse
254 3426 403 3501 particulae
424 3428 557 3504 repetitio
579 3427 666 3484 etiam
696 3428 853 3504 zeugmatis
875 3427 1029 3484 adhibendi
1050 3445 1137 3483 cona·

75 3543 137 3587 tum
161 3530 310 3604 excludit).
357 3534 393 3590 In
416 3543 513 3591 tantas
535 3533 658 3608 ineptias
689 3534 834 3590 hominem
858 3532 1000 3590 eruditum
1025 3531 1138 3588 induxit

73 3637 214 3693 mendum
246 3648 340 3696 ortum
367 3640 461 3716 primo
484 3659 520 3697 ex
542 3639 675 3700 litterae
703 3639 733 3695 in
755 3639 897 3700 imutata
918 3638 1020 3695 ductus
1043 3639 1137 3695 adiec-

74 3743 155 3800 tione
178 3741 437 3816 [frudiverant
460 3746 535 3804 unde
557 3743 665 3802 factum
688 3739 1020 3822 fraudaverant)¹).
1061 3745 1137 3802 Tum

73 3909 276 3920 --d--n-

91 3985 119 4052 ι)
151 3987 289 4040 Contrario
307 4005 390 4040 errore
409 4007 487 4056 qoam
505 3993 572 4056 opud
586 3993 690 4041 Festum
705 3989 1029 4054 (nLacusLnorInos
1042 3989 1137 4053 pltl)

146 4091 188 4126 ex
207 4073 366 4128 troandus
383 4076 478 4128 iactam
496 4087 565 4128 esset
583 4079 761 4136 eruendus,
787 4085 850 4126 ueta
876 4087 916 4127 sat
934 4079 999 4128 mira
1016 4081 1138 4144 interpre-

132 4183 241 4222 nuttctt
255 4184 270 4220 Ε
272 4196 347 4224 nnnnnn
353 4183 409 4224 tm.
906 4197 938 4242 23
