2800 4646
565 285 620 340 401
924 281 981 330 Lib.
995 279 1113 332 XXXIV
1115 315 1122 336 t

68 466 220 541 agendis
236 467 477 526 Romanorum
503 467 537 526 in
557 467 736 526 Graeciam
761 465 893 523 merita
915 467 1123 538 extulisset,

66 571 285 647 imploratos
324 571 501 631 auxilium
540 572 716 630 adversus
752 571 962 647 Philippum
992 573 1123 632 tulisse

67 695 178 752 opem,
200 697 269 736 non
290 687 441 754 rogetus
466 678 563 736 ultro
580 677 757 736 adversus
783 685 973 753 tyrannum
993 680 1123 738 NabIm

66 782 206 841 offerre
228 785 412 856 auxilium,
434 785 722 862 indignatusque
740 793 844 854 essct,
866 792 972 841 tanta
993 785 1124 842 merita

66 890 299 949 sermonibus
318 901 437 948 tamen
454 891 659 966 aliquorum
684 889 795 964 carpi,
814 887 939 947 futura
954 890 1124 948 calumni-

66 995 220 1066 antium,
247 1037 319 1066 ...,
341 998 549 1071 apparebat
579 995 716 1054 incessi
748 995 903 1054 AEtolos.
951 997 1050 1054 Habet
1072 997 1124 1054 ali·

66 1101 135 1175 quid
170 1099 337 1160 offensionis
368 1101 419 1158 illa
450 1102 479 1158 in
513 1102 614 1160 eadem
651 1100 793 1160 sententia
824 1100 956 1158 auxilii
987 1109 1016 1159 et
1045 1103 1125 1178 opis

66 1206 226 1264 distinctio:
247 1205 467 1284 imploratos
493 1208 669 1266 auxilium
777 1205 907 1264 tulisse
936 1225 1052 1282 opem,
1074 1209 1125 1265 sed

66 1330 131 1386 quas
156 1311 255 1387 aliquo
277 1313 364 1371 modo
386 1313 520 1371 excusari
540 1313 632 1390 possit
654 1312 826 1387 defendique
846 1312 932 1369 etiam
953 1311 1039 1370 simili
1059 1313 1124 1370 loco
1156 1391 1160 1399 .

66 1417 139 1487 vn,
162 1420 216 1488 30,
248 1421 280 1477 ll
315 1419 558 1493 quemadmodum
580 1419 695 1494 quidem
716 1419 741 1475 is
763 1436 782 1474 a
803 1417 934 1492 meipso
956 1419 1124 1477 emendatus

66 1534 123 1594 cst;
150 1524 202 1582 sed
223 1523 281 1582 duo
305 1525 422 1582 suntin
443 1525 585 1584 hocloco
619 1524 704 1594 vitia,
738 1541 803 1598 quae
832 1522 1046 1580 excusationem
1079 1543 1124 1582 re·

64 1640 186 1706 spuaut3
209 1648 307 1688 eorum
321 1629 442 1686 alterum
459 1630 634 1688 rhetoricum
650 1639 702 1698 est,
725 1629 813 1704 quod,
832 1647 919 1704 quum
934 1628 992 1685 duo
1014 1629 1124 1687 oratio·

64 1737 109 1794 nis
132 1737 274 1806 membra,
299 1736 403 1811 quibus
425 1736 532 1812 duplex
552 1738 750 1794 Romanorum
773 1734 906 1792 meritum
936 1735 1124 1806 contineatur,

65 1842 237 1916 ceteroquin
258 1841 409 1916 diligenter
432 1851 585 1917 exaequata
616 1842 673 1900 sint
702 1840 936 1916 (imploratos
961 1840 1041 1897 adv.
1063 1843 1124 1900 Ph.

64 1948 127 2006 tul.
152 1967 263 2024 opem,
284 1965 354 2005 non
375 1957 528 2023 rogatos
549 1947 648 2004 ultro
671 1947 924 2024 adv.tyr.Nab.
948 1945 1012 2005 clf.
1039 1965 1124 2005 aux·

64 2055 190 2124 ilium),
212 2055 327 2112 variato
339 2055 377 2112 ob
393 2073 457 2111 eam
475 2053 569 2130 ipsam
589 2071 650 2111 rem
672 2052 826 2110 artificiose
847 2052 926 2128 opis
945 2062 974 2109 et
994 2053 1127 2110 auxilii
1220 2063 1223 2072 '

63 2160 202 2230 nomine,
234 2162 296 2218 hoec
328 2159 478 2234 aequalitas
505 2159 690 2235 perturbatur
719 2158 818 2216 eddito
847 2159 885 2215 ad
906 2157 1125 2232 imploratos

65 2267 117 2325 illo
153 2265 343 2336 auxilium,
378 2283 413 2322 eo
445 2265 558 2340 quidem
589 2265 814 2334 incommodius,
846 2263 922 2338 quod
953 2264 1127 2322 auxilium

65 2373 111 2430 bis
134 2371 260 2448 ponitur.
315 2370 448 2429 Alterum
475 2370 696 2446 grammaticum
723 2377 767 2427 est
791 2369 905 2439 vitium3
935 2389 1021 2427 nemo
1053 2370 1128 2428 enim

64 2497 197 2552 unqusm
225 2477 383 2553 imploro
413 2495 478 2534 cum
508 2475 615 2550 duplici
642 2475 809 2534 accusativo
840 2485 891 2532 aut
918 2475 1034 2551 passive
1064 2493 1128 2533 cum

64 2583 237 2642 accusativo
270 2601 331 2640 rem
363 2583 523 2658 flagitatam
559 2580 731 2656 significanti
772 2581 920 2640 coniunxit
952 2581 1128 2658 (imploro

64 2688 230 2762 aliquem
253 2688 430 2746 auxilium
451 2707 505 2764 pro
522 2706 566 2758 eo,
583 2687 662 2762 quod
677 2697 733 2744 eet:
757 2688 915 2746 alicuius
937 2688 1129 2761 auxilium,

64 2793 250 2869 imploror
272 2793 473 2865 auxilium).
509 2792 596 2864 Satis,
619 2793 731 2868 opinor,
748 2793 931 2852 manifestum
947 2805 999 2863 est,
1014 2795 1129 2854 Livium

65 2901 110 2958 sic
127 2899 292 2976 scripsisse:
319 2898 536 2974 imploratos
561 2898 741 2958 adversus
763 2900 976 2976 Philippum
998 2898 1130 2956 tulisse

64 3025 177 3082 opem,
190 3025 259 3064 uon
274 3013 418 3080 rogatos
432 3003 528 3062 ultro
544 3003 721 3062 adversus
740 3016 931 3082 tyrannum
942 3004 1131 3063 N.offerre

64 3111 265 3182 auxilium,
297 3111 376 3168 mala
404 3129 491 3167 manu
515 3109 644 3180 alicuius,
673 3109 719 3167 cui
752 3109 836 3166 nimis
867 3110 943 3167 nude
974 3121 1002 3168 et
1022 3111 1131 3170 infinite

64 3219 126 3278 dici
159 3217 306 3275 videretur
334 3215 570 3292 imploratos,
595 3215 726 3274 additum
753 3233 817 3274 esse
844 3217 1031 3280 auxilium.
1092 3221 1132 3277 Et

63 3324 211 3402 quoniam
233 3324 289 3381 hoc
311 3321 501 3378 certissimum
522 3331 566 3379 est
584 3319 747 3396 exemplum
763 3321 928 3378 huiusmodi
944 3321 1132 3380 additamenti

64 3449 174 3490 omnes
195 3429 309 3488 codices
338 3427 505 3490 obsidentis,
533 3425 715 3484 conferemus
742 3426 771 3483 in
794 3445 892 3497 unum,
917 3445 981 3501 quae
1004 3429 1131 3486 eiusdem

62 3536 186 3614 generis
212 3533 363 3609 exempla,
393 3543 426 3590 ut
446 3531 529 3590 nobis
552 3532 667 3606 quidem
690 3532 839 3601 videntur,
868 3543 948 3590 oerts
972 3541 1001 3590 et
1021 3535 1131 3610 perspi·

63 3661 127 3700 cna
158 3641 186 3697 in
217 3641 273 3698 hec
306 3648 411 3714 quarta
441 3638 549 3696 decade
582 3649 632 3696 aut
654 3637 837 3714 coarguimus
858 3637 917 3695 iam
939 3649 990 3695 eut
1010 3641 1133 3715 posthac

64 3765 279 3822 coarguemus3
301 3754 369 3802 eunt
390 3753 485 3802 autem
507 3745 581 3802 hac:
607 3745 729 3816 XXXI,
753 3747 780 3814 7,
803 3745 820 3801 3
846 3744 1017 3819 (Punico),
1040 3749 1089 3817 to,
1113 3747 1130 3802 9

64 3851 330 3931 (auctor),ll,6
357 3849 493 3926 (quem),
515 3851 718 3922 xxxl1,nt,
734 3855 768 3908 16
794 3847 956 3926 (potius),
976 3850 1133 3922 XXXIII,

68 3961 123 4028 18,
152 3959 187 4015 18
212 3956 423 4032 (fugerunt),
453 3957 514 4031 (43,
540 3959 557 4014 9
582 3958 625 4014 ad
647 3954 864 4031 Etruriaml)
887 3957 1040 4028 XXXIV,
1064 3963 1132 4030 5),ss

95 4097 242 4138 rruvtoue
243 4109 322 4134 ......
338 4096 393 4136 ιω.
476 4085 479 4099 “
898 4089 932 4133 ue
