2810 4644
613 294 672 350 333
971 291 1027 340 Lib.
1040 289 1169 340 XXVIII.
1265 245 1270 254 Ι

113 478 199 535 unius
218 476 321 534 litters)
344 477 477 534 mendum
503 475 649 536 tollamus.
691 474 769 532 Nam
790 474 828 531 ibi
854 474 882 550 (ξ
904 479 921 532 4
940 484 969 532 et
985 473 1014 550 5)
1036 476 1078 532 sie
1099 477 1170 533 seri-

114 584 239 640 bendum
263 593 320 640 est:
343 601 453 658 eques
474 581 645 656 levisque
667 590 852 637 srmatura
876 600 966 640 nunc
989 584 1032 639 ab
1054 593 1170 658 tergo,

116 707 206 746 nunc
231 689 276 746 ab
297 688 478 746 lateribus
506 685 735 746 occurrendo
765 682 957 759 fatigabat
992 690 1170 745 moraba-

116 805 254 870 torque,
278 799 312 856 et
333 813 438 868 quum
461 792 504 850 ad
535 793 684 850 crebros
715 791 890 848 tumultus
913 793 1016 870 signa
1047 794 1168 851 subsi-

115 909 260 958 sterent
286 941 377 970 ....‚
399 907 692 975 supervenerunt
714 897 998 974 legiones;vuigo
1016 900 1077 957 sed
1099 901 1170 958 scri·

116 1007 206 1076 bitur,
229 1025 293 1081 quae
314 1004 456 1081 particula
489 1005 526 1060 ab
547 1003 603 1060 hac
625 1003 752 1060 eiusdem
773 1003 815 1060 rei
836 1005 1051 1062 continuatione
1077 1015 1106 1063 et
1126 1005 1168 1063 ei·

115 1112 209 1170 fectus
232 1111 441 1186 significatione
463 1109 557 1165 aliena
579 1105 669 1173 est.¹)

199 1216 272 1293 Cap.
300 1217 345 1285 18,
374 1219 423 1272 10:
444 1214 640 1272 traiecisse
668 1232 747 1271 sese
768 1213 803 1270 in
825 1214 999 1272 hostilem
1026 1226 1169 1290 terram,

115 1325 252 1398 regiam
275 1324 309 1380 in
336 1321 443 1379 fidem
466 1321 702 1396 inexpertam.
760 1319 952 1376 Vehementer
985 1320 1104 1380 offendit
1127 1325 1168 1381 al-

115 1439 208 1488 tenrm
230 1429 401 1486 adieetivum
425 1437 491 1484 ante
512 1425 754 1501 praepositionem‚
777 1425 806 1482 in
828 1427 978 1502 anaphora
1000 1430 1167 1502 prasertim,

115 1535 250 1612 positum.
293 1535 417 1592 Videtur
436 1531 540 1590 fuisse:
562 1533 596 1588 in
618 1530 789 1588 hostilem
811 1541 954 1598 terram,
975 1532 1009 1588 in
1031 1535 1167 1608 regiam

114 1639 299 1720 (Syphacis),
331 1642 365 1698 in
392 1637 503 1696 fidem
525 1638 769 1713 inexpertam,
802 1645 831 1692 et
858 1637 893 1693 in
917 1649 984 1712 post
1005 1659 1031 1700 ιιι
1054 1639 1169 1697 interci·
1245 1629 1254 1646 ’

115 1746 202 1803 disse.

199 1850 272 1926 Cap.
285 1853 332 1920 19,
343 1847 580 1925 t3tdeHispanis
589 1847 721 1923 Iliturgin
728 1859 829 1904 contra
835 1848 985 1906 Romanos
992 1850 1169 1910 defendenti-

113 1958 193 2028 busi:
210 1957 349 2014 feminae
370 1955 547 2032 puerique
564 1953 797 2028 supraanimi
820 1954 1169 2029 corporisquevires

113 2064 255 2134 adsunt,
273 2061 518 2138 pugnantibus
540 2058 614 2115 tela
635 2057 859 2130 ministrant,
879 2077 971 2118 saxa
991 2061 1027 2119 in
1047 2078 1198 2122 muros·

113 2169 364 2228 munientibus
388 2174 524 2242 gerunt.
585 2163 675 2222 Tela
700 2173 832 2220 etsaxa
869 2175 937 2240 epte
971 2171 1170 2244 etaequsliter

114 2275 191 2332 inter
212 2293 244 2332 se
265 2273 449 2348 respondent,
470 2282 503 2328 ut
531 2270 577 2326 vel
599 2271 637 2326 ob
659 2288 723 2326 eam
745 2287 862 2326 causam
884 2288 973 2328 saxa
994 2273 1027 2329 in
1050 2294 1170 2332 muros

115 2379 290 2438 coniunctim
312 2378 442 2454 accipere
461 2397 519 2435 non
540 2376 626 2432 liceat
649 2372 856 2450 (praeterquam
880 2377 957 2451 quod
976 2378 1059 2436 aliter
1071 2381 1170 2437 dicun·

114 2495 164 2543 tur
184 2485 297 2542 lintea
318 2486 354 2542 in
376 2483 475 2553 vela,
508 2481 650 2556 equibus
682 2480 747 2537 vela
770 2499 848 2538 nova
869 2483 960 2554 fiunt).
1008 2482 1065 2542 Sed
1087 2459 1171 2561 pug-

115 2591 293 2649 nantibus
328 2608 386 2646 non
418 2589 489 2646 satis
521 2587 695 2664 respondent
728 2587 947 2656 munientes,
977 2607 1035 2646 uon
1061 2591 1170 2662 addito,

115 2696 187 2772 qnid
208 2695 369 2754 munierint.
417 2695 511 2752 Multo
534 2694 588 2751 erit
609 2694 719 2770 aptius:
740 2693 990 2770 pugnantibus
1013 2693 1085 2751 tela
1110 2697 1171 2752 mi-

114 2802 284 2870 nistrent,
305 2819 394 2858 saxa
426 2819 544 2858 muros
573 2800 819 2857 munientibus
841 2810 976 2874 gerunt.
1025 2801 1171 2876 Proposi-

114 2908 157 2965 tio
179 2925 216 2964 ex
237 2927 273 2976 ιιι,
294 2915 327 2964 ut
347 2923 432 2980 serpe,
454 2912 532 2961 nata
583 2902 693 2962 Contra
727 2905 827 2961 eadem
859 2905 1036 2963 intercidisse
1056 2917 1124 2983 post
1145 2927 1171 2968 ιιι

113 3012 231 3070 videtur
263 3011 352 3086 paulo
383 3019 450 3068 aute
485 3011 514 3082 (§
541 3010 604 3083 111),
643 3010 692 3066 ubi
713 3011 965 3068 Weissenbornius
987 3031 1002 3068 e
1024 3013 1171 3070 codicibus

116 3119 219 3176 edidit:
256 3118 317 3174 sed
348 3135 433 3174 suus
454 3117 619 3193 ipsorum
650 3117 879 3174 conscientia
910 3117 1022 3193 culpae
1043 3129 1170 3186 metus,

116 3224 247 3282 ablativo
273 3221 321 3298 (de
342 3221 443 3296 eausa)
466 3222 581 3292 durius,
611 3240 698 3296 quam
733 3233 765 3280 ut
792 3222 941 3280 ferendum
963 3225 1104 3296 videatur,
1133 3225 1171 3282 ad

116 3328 329 3385 substantivum
354 3337 470 3384 metus
494 3327 642 3398 adiuncto;
665 3330 841 3404 superiores:
864 3349 906 3386 ex
929 3330 1171 3398 eonscientiae

116 3433 232 3490 videtur
251 3433 353 3492 fuisse:
375 3435 536 3510 ipsorum
558 3433 593 3490 in
615 3434 844 3492 conscientia
872 3436 985 3512 culpa
1009 3431 1171 3510 metusfl}

116 3599 315 3608 ...μ-*αι-

143 3697 165 3767 ι)
185 3700 246 3766 Cep.
269 3708 307 3764 1³,
326 3710 341 3754 8
360 3705 528 3772 supplendum
550 3707 635 3771 potius
653 3707 818 3759 instarent
844 3707 958 3772 (iussis
977 3707 1173 3770 Carthaginien-

188 3794 258 3844 sibus
279 3804 304 3844 et
321 3795 447 3859 Numidis)
473 3812 548 3861 quarn
568 3799 728 3851 subirent.

140 3879 166 3950 ²)
185 3884 248 3951 Gap.
267 3893 308 3948 20,
327 3895 342 3937 2
361 3889 437 3939 inhis
455 3890 570 3940 codicum
589 3892 713 3954 vestigiis:
733 3901 763 3942 ct
780 3893 931 3944 Romanis
949 3893 1173 3944 subeuntibus

189 3994 229 4028 sc.
249 3988 283 4030 tr¹
303 3995 395 4045 quam
414 3982 465 4045 (vel
484 3981 558 4046 qus)
578 3984 669 4034 adire
687 3992 846 4048 potarunt,
865 3984 972 4036 tortusue
990 3984 1065 4035 lutet:
1090 3994 1120 4034 et
1138 3986 1171 4038 R.

188 4071 409 4123 subeuntibus
429 4084 555 4136 contra,
574 4091 636 4138 qus
654 4078 744 4126 edire
763 4087 824 4142 pot
