2810 4644
566 285 624 340 303
927 282 1092 333 ΙᾹΙ).ΧΧἩ.

62 464 197 540 suspicor
218 465 334 522 Livium
356 465 518 539 scripsisse:
550 466 603 524 ite
629 467 753 524 socios
784 468 829 525 ad
851 467 1068 525 retinendos
1091 467 1126 528 in

63 571 140 628 fide
163 572 303 628 animos
325 590 444 628 eorum
467 571 620 629 ferendo
644 573 710 646 (pro
732 571 973 647 serendoque)
988 573 1023 629 in
1045 581 1127 630 tem-

62 697 152 754 pora
174 678 306 752 cuique
328 677 508 735 auxilium
532 678 634 748 adiit,
656 677 889 752 particulamque
914 687 1034 753 propter
1054 697 1127 754 prte-

66 784 171 840 cedcns
198 783 388 859 gerundivum
419 783 494 840 male
522 784 653 841 additam
682 801 762 854 esse3
789 784 1024 866 perincommode
1052 784 1126 842 enim

64 890 215 947 consilium
237 899 266 946 et
287 890 362 948 ratio
390 890 672 964 instrumentumque
701 888 813 946 consilii
841 888 1018 963 exsequendi
1039 907 1127 965 copu-

63 995 170 1052 lentur.

470 1423 549 1497 Lib.
576 1423 719 1497 XXVI.

148 1626 220 1703 Cap.
245 1630 279 1695 2,
308 1627 325 1682 2
350 1626 412 1701 (nbi
433 1627 630 1703 improbatum
653 1638 790 1685 narratur
812 1646 831 1683 a
853 1635 969 1694 senatu,
991 1626 1069 1699 quod
1091 1627 1126 1686 L.

64 1733 195 1790 Marcius
216 1733 336 1790 militum
359 1733 509 1790 voluntate
532 1734 719 1810 propraetoris
741 1732 856 1789 titulum
878 1731 940 1806 ipse
965 1730 1020 1788 sibi
1033 1731 1126 1806 impo-

63 1840 196 1912 suisset):
217 1857 288 1896 rem
307 1838 392 1896 mali
413 1841 574 1918 exempli
596 1859 675 1899 esse
706 1884 735 1898 ..
766 1837 1126 1912 sollemneauspica-

63 1955 181 2002 torum
204 1944 433 2002 comitiorum
466 1946 500 2002 in
537 1955 661 2003 castra
689 1991 717 2005 ..
754 1942 964 2001 transferri.
1023 1943 1128 2016 Neque

63 2051 285 2125 auspicatus
307 2049 375 2107 alibi
398 2068 453 2126 pro
476 2051 622 2108 adiectivo
644 2051 787 2127 reperitur
807 2068 915 2124 neque,
938 2047 962 2105 si
987 2048 1129 2123 reperire·

63 2169 120 2222 tur,
143 2165 222 2212 recte
243 2155 361 2212 comitia
382 2157 535 2232 auspicata
556 2156 727 2226 dicerentur,
750 2156 780 2212 in
803 2155 907 2230 quibus
922 2154 1063 2212 habendis
1077 2172 1128 2211 au·

62 2261 157 2336 spicia
188 2259 253 2336 oapi
274 2261 416 2332 solerent,
444 2282 538 2338 nequa
565 2282 601 2319 ca
622 2262 780 2338 appellatio
808 2260 846 2318 ad
867 2260 951 2318 huius
972 2259 1028 2317 loci
1061 2279 1125 2317 sen·

64 2367 183 2423 tentiam
212 2365 367 2440 quiequam
400 2367 553 2428 conferret.
611 2367 795 2442 Itaqueiam
819 2374 887 2422 ante
907 2365 1012 2422 multos
1034 2383 1125 2422 anuos

63 2471 187 2548 (Opuac.
207 2473 303 2529 Acad.
326 2473 357 2529 ll
380 2492 407 2548 p.
433 2475 505 2548 361)
529 2474 711 2532 scribendum
733 2471 825 2530 videri
848 2471 923 2528 dixi:
951 2469 1125 2548 sollemne

63 2576 373 2652 auspicandorum
400 2581 655 2650 comitiorum,
687 2581 715 2638 h.
739 2599 778 2648 a,
802 2578 893 2652 captis
915 2575 1051 2651 auspiciis
1072 2576 1125 2632 he-

64 2683 236 2752 bendorum‚
259 2685 503 2757 quemadmodum
525 2687 689 2744 solemne
711 2684 810 2741 elavi
831 2682 974 2758 figendi
997 2677 1124 2756 (vl1,3)

63 2788 169 2845 dicitur
180 2798 209 2845 et
219 2787 333 2849 similia.
378 2791 477 2850 Simile
499 2793 634 2850 mendum
656 2801 788 2848 notatum
812 2799 856 2847 est
874 2789 904 2846 in
926 2789 1000 2845 libro
1013 2787 1122 2856 XXII,

65 2895 114 2964 38,
132 2897 160 2951 3.
207 2893 290 2952 Infra
311 2895 339 2953 in
362 2897 417 2954 hoc
440 2899 535 2973 capite
558 2901 586 2974 (§
613 2902 663 2966 10)
682 2898 777 2955 oratio
797 2897 828 2953 in
851 2894 998 2952 codicibus
1021 2911 1125 2951 manca

62 3001 100 3056 ad
132 3001 210 3056 hanc
240 2999 363 3060 sormam
386 3005 547 3080 supplenda
572 3012 629 3061 est:
660 3002 754 3076 Quid
781 2999 997 3058 interfuisse
1030 3001 1126 3058 inter

62 3105 114 3161 Ti.
138 3105 389 3181 Sempronium
413 3107 462 3186 [et
484 3109 543 3168 Cn.
565 3107 756 3166 Fulvium?
778 3103 1122 3182 Ti.Sompronium,]

62 3229 167 3284 quum
200 3211 232 3268 ei
254 3231 440 3272 servorum
463 3215 651 3272 exercitus
682 3213 788 3270 datus
818 3221 933 3281 asset,
952 3211 1124 3288 perbrevi

62 3315 239 3374 effecisse
266 3360 357 3378 .....
371 3339 379 3390 ;
401 3321 460 3381 Cn.
483 3320 652 3378 Fulvium
666 3319 865 3393 Quiritium
880 3308 1123 3376 Romanorum

62 3423 264 3480 exercitum
398 3427 599 3484 servilibus
624 3425 731 3482 vitiis
762 3424 949 3483 imbuisse.
992 3425 1124 3482 Primum

31 3565 36 3574 ·
62 3528 195 3586 universe
217 3547 264 3586 res
285 3529 472 3606 significatur,
495 3533 599 3590 deinde
620 3532 770 3607 utriusqus
792 3529 916 3588 hominis
937 3529 1050 3605 imperii
1071 3529 1123 3586 ad·

62 3633 235 3692 ministratio
257 3645 461 3710 comparatum
492 3639 521 3696 in
551 3659 587 3696 ca
608 3636 828 3713 comparatione
860 3643 984 3709 utraque
1010 3645 1122 3692 senten·

62 3739 104 3796 tia
124 3760 143 3796 a
163 3742 279 3798 nomine
300 3743 425 3800 hominis
447 3744 574 3820 incipere
596 3745 690 3801 debet.

146 3843 218 3923 Cap.
242 3850 279 3917 3,
305 3851 322 3906 t
346 3845 392 3926 (in
415 3847 582 3908 defensione
609 3849 663 3910 Cn.
686 3848 815 3918 Fulvii):
847 3865 918 3903 non
939 3863 977 3904 sa
997 3847 1123 3922 inopia

61 3953 655 4029 commeatus(Pcommentus)non
677 3957 711 4013 in
733 3955 816 4012 loca
838 3953 1123 4027 iniquaincaute

61 4055 261 4128 deductum,
283 4079 351 4117 non
374 4061 518 4137 agmine
540 4061 778 4137 inexplorato
801 4069 942 4118 euntem
975 4059 1123 4116 insidiis
