2800 4646
240 254 362 308 [alluxit.
621 273 624 278 ·
740 258 799 316 462

241 441 334 518 regi,
440 439 527 498 mihi
548 439 725 499 fretorum
746 441 855 498 cerdis
876 439 989 498 fuisse
1008 449 1202 499 auctorem.
1233 441 1296 500 Ne-

240 568 298 624 que
317 547 379 624 regi
399 546 519 604 alicuius
540 546 644 604 virtute
665 546 817 621 quisquam
842 545 1140 622 diciomninopotest,
1160 547 1213 619 (-
1225 565 1297 622 prn-

241 654 339 712 dentiu
359 653 479 712 elicttius
509 651 571 727 regi
603 661 680 710 recte
717 653 821 710 dicitur
843 654 895 724 -)
933 671 1027 727 neque
1047 651 1127 708 leudi
1148 661 1178 710 et
1195 652 1299 710 virtuti

243 760 376 835 Quinctio
405 760 531 817 Perseus
552 759 700 830 vertebat,
730 757 809 833 qnod
830 757 1008 816 Demetrium
1037 757 1075 814 ed
1102 758 1299 834 proditionem
1385 779 1386 804 i

242 846 391 934 illiceret3'
410 863 590 940 apertissime
622 875 785 939 repugnant
818 863 960 922 virtute
986 873 1016 920 et
1043 863 1178 939 arguis.
1247 865 1300 922 ln·

242 971 353 1030 tellexit
372 972 428 1028 lroc
448 968 618 1039 Creverius;
649 969 700 1026 sed
727 969 806 1044 quod
828 969 1050 1028 auctoritate
1069 969 1205 1028 substitui
1225 971 1300 1040 vult,

242 1077 326 1134 nimis
347 1075 377 1133 id
398 1077 483 1152 louge
504 1077 620 1134 recedit
666 1075 854 1134 scribendum
876 1075 1002 1132 ridetur:
1030 1074 1134 1132 cuius
1154 1079 1242 1138 nl!
1265 1087 1301 1133 et

244 1183 423 1242 consiliis.
489 1183 538 1240 Ex
569 1191 699 1240 nutuet
728 1179 812 1239 focile
833 1181 902 1239 oriri
933 1181 1028 1256 potnit
1048 1181 1199 1239 virtute.
1245 1181 1301 1240 Se·

243 1290 341 1364 quitur
361 1289 440 1364 opud
461 1289 576 1346 Livium
599 1289 626 1358 (ξ
652 1285 727 1364 18),
748 1287 797 1344 ubi
819 1287 983 1344 Demetrius
1006 1287 1036 1344 in
1056 1287 1158 1344 Persei
1177 1305 1301 1345 secuse-

243 1397 320 1454 tione
357 1395 578 1471 repugneutiem
613 1403 642 1450 et
669 1392 879 1450 contrariorum
907 1393 981 1450 inter
1006 1411 1038 1450 se
1060 1405 1301 1466 argumentorum

243 1511 273 1558 et
292 1501 442 1559 criminum
464 1519 545 1558 usum
566 1497 757 1576 reprehendit,
777 1497 824 1554 hic
844 1497 938 1555 locus:
959 1498 1056 1556 Idem
1077 1516 1146 1555 non
1167 1500 1301 1557 Rome-

243 1626 367 1665 norum
389 1607 504 1664 solum
526 1605 701 1680 gretiam,
736 1604 800 1662 sed
822 1603 1058 1662 Macedonum
1085 1603 1225 1662 indicio
1258 1623 1300 1662 ec

244 1732 340 1789 paene
361 1712 521 1770 omnium
542 1711 688 1768 deorum
711 1710 962 1784 hominumque
983 1727 1198 1767 consensum
1226 1711 1300 1770 col·

144 1857 148 1866 -
243 1818 354 1892 legit,
381 1836 444 1892 per
475 1837 549 1894 qum
584 1817 704 1874 omnis
733 1834 771 1873 se
792 1815 877 1874 mihi
898 1835 1022 1891 parem
1042 1815 1078 1872 in
1098 1817 1300 1874 certamine

244 1942 313 1980 non
334 1922 495 1982 futurum
518 1922 732 1991 crediderit;
753 1921 862 1992 idem,
887 1932 1058 1996 tunquam
1081 1920 1166 1978 eliis
1189 1922 1299 1978 omni·

245 2029 309 2084 bus
330 2028 436 2085 rebus
457 2025 616 2084 inferior
636 2045 762 2098 essem,
783 2027 829 2084 ed
844 2026 995 2086 sceleris
1016 2045 1113 2103 spem
1132 2027 1298 2084 ultimum

244 2132 457 2208 confugisse
478 2151 530 2190 me
550 2132 754 2194 insimulet.
803 2132 894 2191 Nullo
923 2141 967 2192 est
997 2131 1205 2208 repugnantia,
1242 2133 1298 2190 uisi

244 2239 320 2297 idem
340 2240 428 2297 homo
450 2237 639 2313 (Demetrius)
660 2239 805 2296 contrariu
827 2239 981 2296 credidisse
1002 2238 1132 2314 egisseve
1152 2239 1300 2313 arguitur;

245 2365 338 2421 neque
360 2345 499 2404 refellitur
519 2345 620 2404 Persei
647 2345 793 2402 accusatio
819 2344 935 2403 sceleris
961 2361 980 2400 e
1005 2343 1156 2401 Demeuio
1186 2345 1300 2416 noted,

246 2451 301 2509 nisi
322 2451 489 2521 ostenditur,
511 2449 612 2508 Persei
632 2449 737 2508 iudicio
759 2451 788 2508 in
809 2450 874 2527 ipso
890 2449 1039 2508 Demetrio
1061 2469 1127 2508 enm
1140 2449 1231 2509 fuisse
1251 2471 1301 2508 re·

251 2577 313 2616 rum
335 2577 452 2616 sumum
473 2556 624 2628 fiduciam,
645 2565 678 2614 ut
697 2575 755 2614 non
775 2557 926 2632 probebile
946 2557 999 2627 sit,
1021 2556 1058 2614 ed
1079 2555 1196 2614 sceleris
1215 2577 1300 2634 spem

246 2665 273 2722 ei
293 2662 513 2739 confugiendum
537 2663 627 2720 visum
650 2680 722 2720 esse.
763 2663 867 2737 Neque
882 2681 953 2720 sene
969 2663 1134 2721 Persensin
1149 2663 1300 2739 superiore

244 2768 376 2827 cretione
396 2769 524 2844 collegit,
546 2768 649 2844 quibus
671 2766 733 2842 ipse
755 2767 814 2824 iem
838 2776 904 2825 ente
924 2769 1095 2838 crediderit,
1120 2787 1153 2826 se
1179 2768 1300 2826 inferio·

247 2895 308 2934 rem
331 2875 361 2932 iu
383 2875 538 2933 certamine
559 2872 686 2931 futurum
726 2873 893 2945 Demetrio,
923 2874 975 2932 sed
1002 2874 1200 2945 enumeravit,
1233 2893 1299 2950 quer

246 2999 317 3038 rere
349 2980 461 3039 fulsere
496 2998 547 3054 spe
576 2989 662 3053 etque
694 2977 829 3054 opinione
849 2979 999 3038 Demetrio
1027 2981 1139 3038 unimus
1168 2978 1298 3040 fecerint

248 3083 436 3144 Scribendum
457 3086 545 3162 igitur
565 3085 727 3144 necessario
750 3093 808 3142 est:
835 3105 898 3161 per
914 3105 989 3162 quse
1010 3087 1130 3144 omnis
1150 3105 1187 3144 ee
1209 3085 1298 3144 mihi

245 3211 366 3268 parem
396 3192 431 3248 in
453 3191 651 3250 certemine
682 3209 752 3248 non
773 3189 933 3250 futurum
955 3193 1182 3256 trttllderln.
1229 3193 1299 3252 Nou

245 3297 388 3355 intellectu
416 3297 566 3366 sententio,
595 3307 714 3374 propter
734 3316 894 3373 pronomen
925 3315 962 3354 se
986 3298 1076 3373 (quod
1102 3298 1299 3356 exorationis

248 3403 371 3478 oblique
392 3405 455 3480 lege
475 3404 606 3479 ponitur)
629 3404 710 3462 verbi
731 3423 857 3479 persone
878 3412 991 3460 mutata
1015 3413 1067 3462 est

329 3508 401 3586 Cep.
431 3511 476 3578 13,
503 3515 512 3568 1
535 3519 563 3567 et
588 3511 605 3566 2
630 3509 672 3584 (iu
692 3509 791 3566 eedem
814 3508 955 3566 Demetrii
981 3510 1142 3584 creticum:
1177 3510 1296 3568 Pluri-

246 3615 311 3673 bus
332 3615 448 3673 modis
482 3634 519 3672 se
539 3616 697 3692 petitum
726 3614 939 3672 criminatus
970 3623 1077 3673 estet
1098 3635 1221 3675 omues
1242 3617 1297 3674 in-

245 3721 418 3778 sidiarum
441 3722 519 3780 vies
549 3721 579 3779 in
601 3741 707 3779 unum
728 3719 820 3778 diem
841 3721 1007 3782 contulit.
1053 3723 1164 3781 Volui
1184 3723 1296 3782 inter-

247 3827 305 3884 diu
328 3847 406 3884 eum
427 3839 510 3903 post
530 3828 806 3900 lustrationem,
837 3846 942 3903 quum
963 3829 1235 3900 concurrimus,
1263 3839 1296 3887 et

248 3933 407 4007 quidem,
437 3934 466 3992 si
488 3935 542 3992 dis
564 3934 705 4010 plucet,
728 3933 992 3992 lustrationum
1021 3935 1082 3993 die
1110 3935 1295 4004 occidere,

246 4038 355 4109 volni,
392 4058 495 4114 quum
524 4039 566 4096 sd
598 4058 743 4096 coenem
776 4040 951 4112 invitavi,
979 4057 1119 4099 veneno
1151 4037 1297 4098 scilicet
