2800 4646
298 263 358 316 tm.
376 261 452 312 m
765 265 825 322 214

266 447 429 506 additum
465 447 596 522 etiam).
650 447 737 522 Quod
766 447 1020 506 Weissenboroiua
1052 445 1139 504 vertit
1166 445 1234 502 und
1265 462 1326 510 so,

267 567 311 612 eet
330 555 425 631 ipsum
441 552 513 611 illud
533 551 669 627 itaque,
690 573 749 610 nou
771 549 845 630 αι’)

349 659 423 736 Cap.
447 663 496 728 25,
521 661 539 716 9
562 659 745 716 scribendum
768 678 847 718 esse:
874 659 911 716 in
932 657 1089 716 insidiae
1110 655 1328 732 praecipitat

267 763 825 843 (propraecipitatus)multaque
845 784 921 824 cum
943 765 1043 823 ccede
1063 781 1206 820 suorum
1231 779 1329 836 aegre

268 903 305 914 ·-
329 872 490 942 emersit,
516 870 577 927 dixi
609 871 646 928 ad
673 871 738 929 libr.
771 871 849 940 vlt,
878 875 911 939 6,
939 873 966 928 t.
1009 868 1085 926 lllud
1119 869 1212 939 eddo,
1244 869 1327 943 quod

267 979 381 1053 negavi,
403 978 431 1036 in
452 995 542 1054 prosa
556 977 688 1034 oratione
708 987 786 1036 recte
811 977 946 1052 coniungi
967 975 1218 1052 praecipitatus
1239 974 1327 1032 mul·

268 1091 376 1158 taque
397 1103 473 1142 cum
498 1083 591 1140 caede
614 1084 764 1142 emersit
784 1103 838 1160 pro
860 1083 1116 1160 precipitatus
1144 1091 1197 1137 est
1219 1082 1329 1157 (parti-

267 1189 383 1266 cipium,
403 1189 511 1247 omisso
536 1199 604 1258 est,
633 1189 712 1265 quod
733 1191 883 1266 proprium
905 1199 949 1247 cst
969 1189 1065 1246 brevis
1086 1197 1116 1245 et
1135 1186 1235 1244 celeris
1258 1207 1328 1244 ora·

267 1295 353 1352 donis
375 1305 404 1352 et
424 1295 606 1352 membratim
629 1296 767 1368 concisae,
795 1315 861 1354 oum
887 1297 978 1354 verbo
999 1295 1107 1367 finito),
1133 1294 1204 1351 nihil
1227 1312 1274 1350 me
1297 1293 1329 1350 in

267 1419 303 1459 ca
323 1421 356 1458 ra
376 1401 489 1458 moveri
516 1419 575 1458 ono
604 1413 633 1458 et
664 1401 766 1459 altero·
782 1403 887 1460 mendo
917 1401 1113 1479 apertissimo,
1145 1397 1224 1454 velut
1246 1398 1328 1472 quod

267 1507 296 1564 in
317 1509 374 1565 hoc
394 1507 469 1564 libro
492 1526 516 1564 c.
544 1511 592 1578 45,
615 1509 632 1566 8
660 1507 862 1566 Alschefskiu's
890 1519 919 1566 ct
946 1503 1198 1565 Weissenbomius
1226 1505 1327 1562 edida·

267 1623 348 1670 runt:
369 1621 542 1688 precatus
557 1588 1326 1688 deos,itasemactareut‚quemadmodum

269 1719 347 1795 ipse
378 1736 509 1792 agnum
543 1724 760 1795 mactasset,
793 1726 827 1782 el
853 1719 1046 1778 secundum
1074 1717 1326 1794 precationem

268 1833 379 1900 caput
399 1823 550 1898 pecudis
572 1841 661 1880 saxo
684 1824 799 1894 elisit,
822 1825 880 1896 ubi,
903 1825 977 1881 uude
997 1833 1091 1880 ortum
1112 1823 1149 1879 sit
1170 1833 1217 1892 et,
1240 1841 1328 1879 nemo

267 1949 325 1986 non
351 1929 438 1986 videt.
463 1929 570 1998 xxtt,
599 1933 650 1997 tt,
674 1931 690 1985 7
713 1929 885 2004 pravissime
906 1928 1062 2004 separatim
1083 1929 1145 1986 hmo
1165 1939 1327 2004 ponuntur:

267 2035 371 2094 faces
400 2034 559 2110 undique
591 2053 633 2091 ax
663 2033 765 2108 agris
795 2034 977 2104 collectae,
1011 2046 1042 2090 ut
1073 2036 1208 2092 audiatur
1228 2045 1327 2098 sunt.

268 2151 408 2217 tanquam
430 2142 466 2198 de
487 2140 656 2198 collectione
678 2157 777 2198 earum
799 2149 914 2215 agatur,
940 2159 998 2196 non
1020 2141 1056 2196 de
1078 2159 1146 2212 usu;
1170 2161 1238 2217 que
1260 2151 1325 2218 post

268 2249 509 2325 praeligantur
530 2265 628 2304 errore
649 2245 779 2303 additum
802 2255 854 2317 est,
886 2246 964 2322 quod
987 2247 1092 2322 saepius
1113 2247 1141 2304 in
1164 2249 1190 2305 P
1215 2246 1325 2306 factum

269 2373 332 2412 essa
353 2354 466 2412 ostendi
488 2371 577 2428 supra
597 2372 625 2429 p.
648 2354 718 2409 208.
763 2351 885 2422 XXIV,
911 2354 957 2422 t8,
984 2358 1034 2413 ll:
1058 2371 1262 2410 convenere
1283 2351 1325 2410 ad

269 2479 330 2519 eos
351 2459 581 2535 frequentes,
613 2459 674 2533 qni
702 2459 817 2514 hastae
844 2457 953 2514 huius
976 2458 1122 2534 generis
1144 2457 1325 2515 adsueve-

269 2575 366 2636 rant,
402 2565 616 2640 hortatique
649 2581 838 2632 censores,
881 2573 918 2620 ut
953 2563 1071 2620 omnia
1098 2574 1151 2622 cet
1208 2562 1325 2621 Excidit

269 2683 351 2732 sunt
381 2673 455 2730 inter
483 2691 497 2733 a
527 2681 575 2733 ut.
619 2669 890 2741 (Weissenboraius
916 2669 1141 2743 hortarique,
1169 2669 1267 2726 nescio
1289 2685 1325 2724 en

269 2797 367 2836 errore
388 2779 545 2854 typothetoe
566 2777 662 2854 potius
684 2793 772 2850 quam
795 2795 812 2832 e
834 2777 874 2844 P;
895 2773 1052 2831 infinitivus
1074 2774 1189 2848 quidem
1211 2771 1324 2830 histori-

269 2902 320 2942 cua
350 2901 471 2960 prorsus
501 2883 623 2941 vitiosus
657 2891 702 2940 est
739 2889 768 2938 et
796 2899 850 2956 per
886 2899 918 2938 ee
957 2889 986 2938 et
1016 2891 1135 2955 propter
1166 2878 1325 2955 copulatio·

268 2993 355 3060 nem.)
399 2987 523 3058 XXXI,
553 2989 603 3058 21,
625 2991 658 3044 5:
688 2985 793 3046 Galli
816 2986 974 3044 clamore
995 3003 1141 3042 suorum
1163 3003 1205 3041 ex
1226 2983 1325 3059 agris

228 3141 230 3154 .
268 3093 435 3152 revocati
457 3121 494 3135 -
519 3101 700 3150 -castra
730 3091 942 3169 repetivere
972 3101 1006 3148 et
1032 3101 1181 3166 postero
1211 3090 1271 3147 die
1292 3089 1324 3145 iu

268 3199 380 3258 aciem
410 3197 609 3276 progressi.
671 3197 751 3255 llale
783 3197 827 3254 rei
854 3197 946 3255 altero
975 3197 1022 3254 die
1051 3205 1123 3254 actm
1152 3193 1324 3252 narrationis

287 3488 313 3556 ¹)
331 3491 395 3558 Cap.
415 3499 462 3553 22,
488 3499 502 3544 5
530 3495 594 3544 miro
617 3494 713 3545 indicio
732 3493 957 3546 Weissenbomius
985 3492 1112 3542 facillima
1136 3501 1162 3540 ct
1180 3491 1324 3540 certissimae

336 3585 389 3636 Iac.
409 3585 532 3636 Gronovii
550 3589 733 3648 emendationi,
754 3587 866 3637 litteram
886 3603 908 3640 m
928 3595 1030 3652 propter
1047 3585 1231 3650 precedentem
1250 3596 1322 3631 accu-

337 3680 445 3730 sativum
469 3687 591 3730 extremae
616 3681 698 3731 vocali
718 3681 903 3744 superpositam
928 3679 967 3742 (a)
985 3677 1140 3726 detrahentia
1160 3675 1211 3736 (ad
1227 3659 1322 3723 llibc·

337 3785 403 3820 rum
422 3770 593 3820 maritima
610 3787 666 3822 ora
683 3773 794 3836 ducit),
813 3771 925 3838 pretulit
943 3771 1094 3820 audaculum
1118 3767 1224 3832 Sauppli
1243 3775 1323 3815 tram·

337 3863 504 3927 positionem,
529 3879 580 3927 que
603 3865 690 3930 inepta
716 3864 828 3914 allicitur
842 3864 980 3924 senteutia3
1002 3877 1061 3911 nam
1080 3870 1199 3927 prater
1217 3859 1320 3908 urbem

338 3954 440 4004 ducitur
461 3957 589 4006 exercitus
615 3973 673 4007 ora
691 3957 870 4016 maritima,
894 3971 946 4006 uon
964 3963 1082 4020 preter
1106 3969 1197 4004 oram
1221 3954 1259 4002 ad
1278 3965 1323 4000 ur-

337 4047 413 4100 bem.
