2810 4644
296 247 354 297 Lib.
373 247 461 301 XXV.
763 253 825 310 290

260 433 375 502 duntur,
397 433 434 490 de
456 451 514 508 quo
535 431 606 490 nihil
628 431 737 490 dictum
761 443 818 504 est,
861 443 974 490 tentum
995 433 1037 490 sic
1058 445 1216 505 mustum,
1237 445 1271 492 ut
1295 436 1324 492 in
1383 413 1384 418 ἵ

261 539 389 596 Lucernis
411 557 516 596 cresum
539 536 708 597 Gracchum
730 549 895 613 appareret.
950 539 1059 598 Omnis
1090 549 1161 615 apte
1183 549 1212 598 et
1244 551 1326 599 recte

262 653 354 714 erunt,
376 665 413 702 ex
436 663 529 721 preve
550 663 568 724 q
592 649 756 719 (quaere)
783 645 897 703 duabus
919 643 1021 702 litteris
1043 643 1167 702 effectis:
1188 646 1273 704 Hoc
1294 648 1326 706 sl

261 768 349 808 veru
370 750 466 808 ieme
487 759 550 822 est,
572 749 765 810 Gracchus
787 749 822 806 iu
838 749 999 808 Lucanis
1020 751 1064 808 sd
1083 769 1243 826 cempos,
1265 751 1327 826 qui
1384 718 1385 746 l

263 856 419 914 Veteres
448 865 645 926 vocentur,
677 854 799 930 periit.
853 853 959 926 Sunt,
992 855 1052 931 qui
1082 856 1118 912 in
1148 875 1238 932 egro
1261 857 1327 914 Be·

263 971 472 1020 neventsne
495 971 547 1018 etc
606 961 752 1035 Quoniam
778 971 808 1018 et
834 961 864 1017 in
893 961 981 1018 mode
1011 971 1040 1017 et
1063 962 1217 1019 eccssione
1239 961 1326 1018 credis

263 1067 341 1124 etin
362 1067 429 1126 lece
450 1067 630 1136 variebatur,
661 1067 762 1124 Livius
783 1087 829 1136 ee,
861 1085 949 1141 quern
971 1067 1033 1142 ipss
1054 1074 1170 1123 secutus
1190 1065 1237 1132 sit,
1260 1083 1326 1122 ner·

262 1172 375 1230 retione
405 1173 502 1232 locum
531 1174 574 1232 rei
599 1183 690 1249 geste
721 1173 864 1249 assignari
893 1173 962 1230 dicit
990 1171 1020 1228 in
1042 1170 1173 1230 Luceuis
1204 1189 1325 1246 campos

264 1277 399 1348 Veterss;
444 1279 517 1336 elios
553 1288 582 1336 et
617 1279 712 1337 locum
750 1279 837 1336 elium
873 1289 902 1336 et
937 1277 1025 1336 aliem
1062 1277 1148 1334 cedis
1183 1277 1324 1335 rstienem

263 1384 387 1442 tradere.

354 1487 428 1564 Cep.
456 1492 508 1560 ts,
545 1491 579 1547 13
612 1490 666 1562 (de
702 1490 743 1548 Μ.
776 1485 948 1567 Centeui0):
977 1489 1075 1546 Dete
1109 1497 1193 1546 ecte
1225 1488 1327 1544 milis

264 1593 434 1664 rnilitum,
570 1606 605 1654 et
642 1596 719 1671 ipse
763 1593 992 1668 aliquantum
1029 1592 1326 1650 voluntariorum

264 1696 398 1755 itinere
425 1701 458 1756 in
494 1702 596 1778 egris
625 1699 796 1758 concivit.
850 1697 1041 1757 Scribsudum
1064 1715 1127 1755 esse
1149 1697 1197 1777 (ut
1217 1699 1247 1755 iu
1269 1717 1327 1756 uno

265 1813 293 1860 et
315 1803 406 1861 altero
428 1808 587 1865 recentiore
607 1806 707 1864 codice
729 1806 808 1880 apud
830 1805 923 1866 Drek.
945 1804 1094 1872 scribitur)
1120 1806 1157 1862 in
1178 1804 1328 1871 itinere,

264 1917 341 1966 recte
364 1910 618 1970 Weissenbornius
640 1912 794 1980 intellexit3
830 1929 931 1968 verum
958 1911 992 1968 in
1014 1911 1149 1970 itinere
1170 1911 1204 1968 in
1226 1912 1329 1986 egris

265 2015 428 2072 cbncivit
458 2017 701 2094 inelegantissime
723 2017 828 2074 dicitur
858 2035 912 2074 nec
933 2017 1050 2074 omnino
1073 2017 1109 2074 in
1130 2018 1230 2092 egris
1253 2017 1329 2074 urili-

264 2129 307 2177 tes
329 2121 441 2179 educe
463 2124 593 2181 celeriter
622 2123 782 2182 transeunti
809 2123 983 2180 concientur.
1033 2125 1155 2180 Rectum
1188 2123 1256 2178 erit:
1292 2123 1329 2179 in

265 2227 399 2300 itinere
431 2250 473 2288 ex
501 2229 600 2304 agris
635 2229 803 2287 concivit.
845 2228 964 2286 Excidit
995 2237 1125 2303 expest
1149 2247 1175 2298 e,
1209 2237 1270 2285 tum
1293 2227 1330 2284 in

265 2333 404 2394 additum.
453 2335 691 2411 Eodem-capite
723 2341 738 2405 ξ
764 2339 800 2394 15
824 2336 875 2409 (de
896 2351 1004 2411 pugne,
1033 2353 1091 2408 qne
1114 2333 1269 2392 Centenius
1291 2335 1330 2391 sb

265 2438 431 2498 Hannibale
457 2441 551 2498 victus
573 2459 637 2498 cum
663 2441 791 2498 exercitu
819 2441 939 2510 interiit)
961 2439 1096 2497 scribitur
1117 2439 1145 2496 in
1168 2441 1207 2497 P:
1237 2441 1331 2516 Pug-

266 2553 386 2603 natum
421 2557 556 2617 tamen,
591 2558 631 2606 ut
664 2548 700 2604 in
734 2547 837 2605 nullu
858 2547 937 2623 psri
969 2563 1020 2616 re,
1051 2546 1141 2602 duns
1172 2545 1331 2620 emplius

265 2651 390 2722 hores,
415 2653 605 2712 concitate
628 2663 676 2724 et,
698 2654 814 2712 denec
838 2654 908 2710 dux
930 2651 1331 2710 stetitssetlloinsnsru

266 2756 388 2814 aciem.
425 2759 592 2816 Edebstur:
623 2759 816 2816 concitata
845 2767 894 2828 et,
919 2757 1127 2815 donscdux
1148 2758 1332 2826 stetisset,

267 2863 402 2919 Romen
413 2883 431 2920 s
455 2865 549 2934 acie,
567 2865 638 2922 vitio
656 2866 685 2922 in
696 2865 840 2941 particule
858 2875 892 2923 et
915 2864 1054 2939 verbique
1066 2863 1153 2920 modo
1167 2862 1333 2921 inanilestn.

267 2967 372 3041 Itaque
383 2969 636 3028 Weissenbornius
648 2971 761 3047 Sigonii
771 2969 1006 3044 Alschefskiiqne
1025 2968 1206 3025 coniecturas
1215 2979 1333 3026 secutus

268 3072 396 3148 scripsit:
434 3077 625 3134 concitata
658 3085 706 3146 et,
746 3077 860 3134 donec
902 3075 973 3132 dux
1005 3073 1125 3143 stetit,
1160 3072 1332 3152 [invicte]

268 3179 429 3237 Romana
451 3182 539 3240 scie.
589 3182 647 3240 Sed
670 3182 733 3258 ipse
754 3183 909 3251 intellexit,
942 3179 1059 3238 minime
1081 3189 1148 3255 epte
1172 3181 1334 3237 concite·

267 3291 338 3340 tem
361 3284 450 3343 fuisse
472 3287 636 3345 Romanam
661 3288 754 3345 aciem
776 3287 846 3354 dici;
881 3285 993 3344 accedit
1014 3285 1149 3342 indicium
1172 3285 1280 3342 codicis
1304 3285 1334 3342 iu

268 3389 465 3449 stetitsset.
521 3393 689 3468 Requiritur
726 3401 961 3466 monstraturque
993 3391 1157 3448 huiusmodi
1191 3390 1337 3448 cretionis

269 3493 377 3552 forme:
408 3508 656 3568 sustentante,
694 3500 808 3556 donec
854 3497 924 3554 dux
947 3495 1068 3564 stetit,
1099 3511 1136 3552 se
1168 3496 1336 3552 Romans

269 3599 355 3658 scie.
400 3601 548 3678 (Ceterum
579 3603 731 3680 scrupulus
762 3605 791 3660 in
812 3603 909 3660 animo
932 3603 1022 3659 lueret
1045 3601 1081 3658 de
1107 3609 1143 3657 ut
1172 3598 1336 3674 perticule;

269 3717 347 3762 reete
374 3707 532 3766 diceretur:
571 3719 609 3766 ut
640 3710 675 3767 in
698 3711 799 3768 nulla
821 3710 904 3786 peri
933 3727 990 3778 re,
1030 3726 1099 3764 non
1122 3705 1338 3763 infeliciter

269 3811 445 3884 similiterve‚
476 3816 619 3890 particule
640 3817 790 3874 modulum
817 3817 859 3874 rei
881 3813 1057 3872 aestimande
1078 3809 1273 3888 significente;
1295 3811 1337 3868 sd

270 3915 359 3973 diins
382 3917 538 3992 amplius
560 3921 672 3979 hores
694 3921 793 3997 inepte
814 3922 876 3978 lraec
898 3918 1069 3995 significatio
1089 3911 1189 3993 est.)¹)

271 4069 342 4078 *-
346 4070 467 4077 -----

271 4141 295 4209 ¹)
323 4147 385 4210 Cep.
406 4153 447 4204 20,
469 4153 483 4196 5
514 4151 561 4210 (ut
588 4157 682 4198 tento
701 4148 914 4210 discrimine)
939 4161 991 4196 nen
1016 4147 1099 4196 solnm
1126 4145 1267 4209 requiritur
1285 4145 1334 4194 in.
