2810 4644
269 256 326 305 Lib.
346 256 431 306 XXX
766 259 825 316 360

270 441 409 498 bellorum
430 440 629 498 interdictione
658 441 718 499 otio
749 461 802 500 sno
827 441 989 500 consultum
1019 452 1169 518 putersnt;
1199 460 1253 518 pro
1275 461 1325 500 sx-

269 547 358 604 ternis
379 547 454 604 onim
475 546 558 604 bellis
579 547 706 606 internos
727 549 827 606 turbes
841 547 991 605 saevitnres
1011 566 1083 606 esse.
1130 549 1234 623 Itnquo
1254 547 1325 604 scri-

270 653 394 710 bendum
416 670 478 709 esse
500 651 574 708 dixi:
596 671 660 710 nec
683 665 751 724 est,
774 673 837 710 cur
857 670 921 710 vos
943 653 1018 710 otio
1040 665 1163 712 vestro
1185 653 1326 712 consnl-

269 770 343 816 tum
371 759 413 815 eb
444 759 616 816 Romanis
645 761 814 821 credetis.
866 761 914 816 Ao
943 758 1203 829 Weissenbornius,
1238 777 1328 834 quum

269 866 299 922 in
320 863 444 921 editione
465 865 669 922 Tsnbnorienn
695 867 865 942 scripsisset,
895 859 1001 934 ”iden
1022 867 1101 940 quod
1130 885 1185 942 ego
1213 867 1329 937 veilent,

270 971 401 1028 codicum
422 970 544 1028 lectione
571 971 680 1029 maiore
703 972 791 1030 etism
819 971 850 1028 vi
875 965 1016 1029 indicari’
1044 973 1137 1046 (qnod
1165 973 1253 1048 quein
1283 974 1330 1040 sit,

269 1096 306 1135 ne
326 1097 379 1154 per
399 1077 532 1134 umbram
554 1077 670 1151 quidem
691 1077 846 1152 intelligo),
874 1089 979 1152 postea
1000 1077 1102 1135 edidit:
1129 1097 1193 1138 nec
1214 1098 1331 1138 censa

271 1194 340 1252 est,
362 1201 423 1240 cur
451 1201 518 1240 vos
548 1183 625 1240 otio
655 1193 779 1240 vestro
809 1201 835 1244 c.
857 1201 875 1239 e
896 1184 933 1244 R.
960 1202 1002 1254 o,
1030 1184 1141 1241 edieoto
1172 1185 1209 1241 ed
1231 1203 1330 1244 meam

271 1289 499 1346 emendetionem
521 1289 664 1347 vocabulo
687 1307 810 1358 conse,
841 1289 946 1359 credo,
975 1301 1007 1348 nt
1032 1290 1151 1366 propius
1177 1293 1330 1350 secederet

271 1395 310 1452 ed
339 1413 488 1453 necesse
515 1405 583 1464 θεῖς
630 1413 684 1471 ego
723 1394 779 1452 hoc
806 1413 900 1470 preve
931 1395 1130 1453 coniunctione
1169 1395 1331 1472 (nonest).

271 1501 337 1558 dein
357 1501 551 1576 geminatione
581 1502 741 1560 litterarum
775 1509 869 1557 ortum
898 1518 962 1558 osse
982 1510 1063 1577 puto,
1085 1503 1331 1576 quemadmodum

271 1625 295 1663 c.
320 1609 369 1676 30,
391 1610 419 1676 9,
441 1625 529 1680 quom
552 1627 589 1666 ex
609 1627 674 1665 nec
697 1625 776 1666 esse
797 1605 905 1663 fectum
923 1615 999 1663 esset
1013 1625 1176 1678 necesse,
1198 1609 1332 1667 edditnm

271 1724 315 1770 est
344 1711 423 1769 fuit.
480 1712 538 1771 Sed
566 1724 664 1772 temen
696 1712 769 1768 odeo
798 1730 857 1768 non
886 1712 1005 1769 firmiter
1032 1712 1081 1768 W.
1102 1731 1203 1771 verum
1229 1714 1331 1782 tonuit,

271 1828 312 1887 ut,
334 1817 464 1893 relapsus
488 1818 526 1875 cd
548 1819 684 1888 odium,
716 1818 830 1876 Livium
853 1817 977 1876 fortasse
997 1818 1145 1894 scripsisse
1168 1819 1331 1894 suspicem-

270 1932 330 1980 tur:
363 1941 426 1980 osc
459 1941 569 1981 cause
601 1937 668 1994 est,
701 1924 787 1998 quin
818 1924 910 1981 odio.
964 1924 1041 1998 Quid
1075 1923 1128 1982 erit
1157 1923 1248 1999 igitur
1266 1925 1330 1993 hoe,

270 2030 450 2086 Romanos
475 2029 712 2087 consuluisse
734 2029 817 2086 odio
840 2027 1222 2104 Carthaginiensium?
