2826 4640
227 217 285 266 nro.
303 214 403 266 xum.
725 219 784 274 550

226 399 426 476 Obsignumnt
446 397 580 468 nbula,
608 405 643 456 ut
668 415 769 454 earnm
792 397 929 454 traetan’o
958 405 988 455 et
1009 396 1151 456 eonieedo
1170 413 1295 472 prorsus

226 505 471 564 intermitteretur.
513 500 652 561 Ceterum
674 502 790 560 Livium
813 502 962 560 tabulas
994 504 1049 561 has
1068 502 1203 579 publices
1224 521 1296 560 oen-
1397 557 1398 570 2

226 611 379 686 aoriuque
401 605 565 685 appellatae
599 616 689 682 puto,
720 625 779 666 nou
814 607 986 666 tabellas.
1051 609 1080 684 (ς
1107 609 1143 666 12
1174 607 1296 665 livium

227 715 390 792 scripsisse:
410 731 480 772 uon
501 713 763 772 recusantibus
784 712 1016 784 censoribus,
1037 713 1098 788 qui
1119 711 1240 770 minos
1257 755 1290 772 ..
1397 737 1398 794 ἦ

226 819 400 880 iudicium
423 820 465 876 de
502 835 540 876 se
570 835 650 895 pop.
671 817 831 890 iecerat,
865 837 921 895 pro
949 818 1057 876 usitato
1087 818 1298 892 quominus,

228 927 344 985 minime
367 935 476 984 eertum
499 933 551 986 ast.
599 925 681 998 Quos
710 923 968 983 Drakenborehius
990 923 1028 982 ed
1049 923 1214 990 XXVIII,
1248 923 1297 988 13,
1397 973 1398 988 ,

233 1033 267 1091 18
290 1041 443 1107 oompsret
464 1040 523 1088 tres
544 1029 641 1100 loooa,
662 1049 764 1088 omnes
784 1030 859 1089 alius
879 1029 994 1106 generis
1014 1037 1096 1102 sunt;
1125 1028 1156 1085 in
1177 1027 1297 1086 duobus

227 1139 291 1214 qui
311 1137 428 1195 minus
450 1145 495 1193 eet
516 1136 699 1210 quomodo
721 1137 811 1211 (eur)
833 1136 964 1204 minus,
985 1145 1057 1192 noto
1077 1133 1155 1206 usu.)

311 1241 385 1318 Cap.
412 1242 815 1316 laudunensium,
845 1259 970 1316 quorum
992 1240 1087 1299 altera
1108 1238 1218 1309 leutio,
1261 1249 1297 1295 nt

227 1348 364 1426 presidia
386 1349 522 1405 Romane
550 1346 581 1404 in
608 1347 696 1403 urbes
727 1363 798 1403 suae
827 1347 1041 1417 inducerentur,
1061 1345 1296 1422 postidsveratJ:

227 1471 313 1532 pers
336 1469 525 1521 recusare,
555 1469 613 1522 ue,
646 1451 741 1526 quod
776 1451 876 1510 bello
908 1452 1028 1528 eaptis
1060 1459 1094 1509 at
1120 1451 1295 1509 hostibus

227 1579 301 1620 moa
323 1567 440 1626 esset,
462 1555 497 1613 id
518 1565 658 1631 pacatas
679 1565 714 1614 et
742 1557 850 1614 eoeiu
880 1557 1055 1615 civitates
1082 1555 1296 1632 ignominie

228 1665 454 1740 acciperent.
500 1661 607 1719 Audiri
628 1679 745 1720 neeesse
766 1670 811 1719 est
846 1663 1035 1738 accipere,
1057 1662 1112 1720 etsi
1133 1660 1295 1718 admodum

227 1773 299 1840 dure
319 1769 436 1828 auditur
465 1767 552 1824 etism
575 1767 613 1823 ob
641 1767 734 1825 reluta
754 1769 830 1826 inter
850 1787 882 1826 se
903 1769 997 1842 quod
1025 1812 1054 1830 ..
1080 1767 1134 1837 id,
1168 1785 1294 1842 quorum

228 1887 383 1950 utrumqne
403 1892 486 1931 suum
509 1873 630 1930 verbum
652 1871 789 1949 postulat.
837 1872 897 1932 Sed
918 1891 1021 1949 parum
1043 1882 1112 1950 spta
1133 1872 1211 1931 bello
1222 1889 1295 1948 eup-

228 1983 264 2042 tis
285 1999 360 2040 moa
382 1997 445 2037 ease
466 1979 570 2037 dicitnr
591 1979 722 2054 eoeipere
742 1978 947 2054 ignominiam,
982 1979 1066 2054 quasi
1095 1979 1228 2054 ipsorum
1263 1979 1294 2034 in

228 2107 264 2147 ee
284 2107 317 2146 re
338 2086 414 2146 aetio
435 2085 482 2154 sit,
516 2085 578 2142 sine
612 2103 671 2159 qun
701 2101 766 2141 mos
798 2083 919 2160 intelligi
949 2084 1058 2158 nequit.
1121 2083 1293 2142 Admodum

226 2213 341 2264 vereor,
361 2212 399 2250 ne
421 2191 542 2248 verbum
565 2189 713 2248 exciderit
759 2191 823 2270 Nee
844 2191 918 2248 bene
939 2187 1036 2247 bello
1055 2189 1155 2265 eapti
1177 2197 1207 2246 et
1230 2189 1290 2246 ho·

225 2309 303 2358 stes
323 2307 463 2372 tanquam
486 2296 544 2353 duo
567 2314 676 2372 genero
694 2294 876 2370 copulentur.
923 2295 1046 2351 Fuitne:
1073 2295 1169 2370 quod
1190 2294 1291 2353 bello

226 2404 346 2480 oeptia
367 2402 541 2460 hostibus
564 2399 729 2478 [imponi]
752 2419 827 2459 mos
850 2399 968 2458 esset?

310 2507 383 2584 Cap.
410 2508 455 2578 18,
478 2509 495 2563 2
519 2507 582 2582 (ubi
604 2507 767 2582 exponitur,
789 2525 854 2582 qooe
878 2524 973 2564 oausae
993 2508 1103 2564 Persea
1123 2503 1292 2580 impulerint

226 2616 264 2674 ed
287 2614 498 2691 expeditionem
520 2613 550 2670 in
575 2612 722 2688 illyricum
750 2612 992 2688 suscipiendam:
1026 2652 1055 2674 ..
1087 2607 1290 2685 frangendi

226 2720 466 2780 finitimorum
489 2735 572 2793 spes
594 2718 825 2794 animosque,
853 2719 1021 2794 nequid,
1056 2733 1190 2775 averso
1213 2715 1290 2787 (eod.

227 2824 533 2902 quidinadverso)
558 2843 595 2881 se
618 2824 652 2881 in
664 2827 861 2883 Romanum
883 2824 1017 2882 bellum
1038 2821 1292 2900 perieulieub·

227 2939 333 2990 esset.
376 2927 618 3004 Codperiouli
641 2929 788 3000 abisset,
810 2929 1189 3005 exqquorehhemmerus
1210 2935 1290 2985 reete

228 3033 336 3094 effecit:
359 3033 517 3110 periculi
539 3036 582 3092 ob
609 3035 655 3092 iis
682 3045 788 3092 esset.
830 3031 944 3113 (Minus
979 3036 1053 3093 bene
1084 3034 1292 3112 Kreyssigius:

227 3140 387 3218 periculi
410 3139 579 3211 adesset.)
623 3139 760 3215 Sequitur
792 3141 835 3215 (in
866 3141 967 3199 eadem
989 3141 1201 3218 expositiouo):
1232 3157 1292 3196 so·

227 3248 296 3306 lum
318 3245 502 3304 infestum
525 3262 609 3303 esse
629 3247 856 3304 Macedonio
878 3246 992 3319 letus,
1014 3247 1113 3323 quod
1135 3247 1180 3309 ab
1202 3245 1292 3322 Illy-

228 3351 308 3410 rioo
328 3359 487 3428 pateret,
509 3368 677 3422 oernens3
713 3352 822 3410 codex:
843 3351 854 3409 i
875 3352 1010 3424 solum,
1040 3373 1077 3411 ex
1099 3371 1158 3428 quo
1180 3351 1227 3408 fit:
1256 3350 1292 3407 id

228 3457 348 3514 solum
378 3501 406 3518 ..
434 3456 548 3514 letus.

312 3558 386 3637 Cep.
414 3563 460 3632 19,
485 3565 535 3620 14:
557 3561 610 3619 Iis
633 3561 748 3638 (legetis
770 3563 808 3619 ad
830 3561 968 3621 Gentium
984 3560 1293 3637 Perseustundat,

228 3675 266 3724 ut
287 3675 521 3742 exponerent
542 3667 683 3724 metetis
704 3667 782 3726 eius
803 3666 1007 3743 hiemisque
1029 3675 1113 3725 aeta
1135 3667 1294 3742 sua(eod.

228 3789 302 3829 situ
332 3781 419 3830 eota
451 3769 529 3847 sue)
571 3773 750 3830 adversus
789 3773 973 3830 Romanos
1008 3773 1294 3848 Dardanosque;

229 3877 438 3934 adiioerant
459 3878 627 3935 reoeutis
654 3878 689 3934 in
715 3877 872 3954 Illyrico
901 3877 1060 3936 hibernae
1085 3876 1295 3953 expeditio·

230 3978 287 4034 nia
309 3997 434 4052 operu;
465 3981 708 4039 hortarentur
741 3981 914 4042 Gentium
950 3983 985 4040 iu
1010 3981 1211 4040 amicitiem
1236 3997 1296 4039 ae·
1397 4011 1398 4022 ι
