2826 4640
251 287 306 336 Lib.
322 285 378 335 XL.
754 287 812 343 47⁴

249 489 312 528 sum
332 489 503 528 concursum
525 471 555 527 in
577 471 633 527 hac
655 481 739 546 purte
760 468 856 544 operis
879 487 917 526 cx
940 487 998 524 uno
1026 468 1139 532 codice.
1174 467 1223 543 qui
1253 469 1310 525 inm

249 595 307 634 non
329 585 442 645 exstat,
464 576 552 648 edita,
565 595 653 652 quum
675 575 784 632 nullum
820 575 849 630 in
868 574 981 649 reliquo
1002 573 1078 631 Livii
1106 593 1194 648 opere
1215 591 1311 630 exem-

248 681 328 757 plum
356 681 394 738 sit
420 682 529 739 insoliti
557 681 634 739 illius
661 679 769 739 ordinis
802 679 1033 756 (caesarei),
1065 678 1311 754 suspectissimum

249 805 313 844 esse
346 787 393 844 vel
423 787 520 863 potius
553 785 660 844 erroris
686 783 870 842 manifestum
893 803 930 841 ex
952 783 1105 860 scriptura,
1136 793 1169 841 ut
1189 785 1311 845 videtur.

249 891 324 950 mole
344 892 491 950 intellecta
512 891 577 949 orti.
625 893 716 968 Isque
739 891 929 949 erroretiam
952 891 1067 949 tertium
1089 889 1184 948 locum
1207 890 1310 965 attigit

248 999 326 1056 Nem
350 997 427 1072 quod
449 1015 474 1054 c.
499 999 576 1066 sat
603 997 710 1055 editur:
734 999 776 1056 Μ.
793 997 964 1056 AEmilius
980 996 1088 1071 petiit
1109 997 1152 1053 ab
1174 1007 1312 1064 senatu,

249 1114 285 1162 ut
306 1103 377 1161 sibi
409 1102 661 1160 dedicationis
691 1101 908 1178 templorum
939 1101 1084 1177 Regina
1105 1102 1256 1159 Iunonis
1276 1093 1312 1157 et

249 1210 383 1279 Dianae,
406 1227 480 1284 quse
502 1208 599 1266 bello
621 1209 819 1284 Ligustino
843 1217 926 1265 ante
949 1207 1053 1264 annis
1080 1219 1164 1265 ceto
1190 1207 1311 1264 vovis·

247 1323 310 1386 set,
333 1315 492 1391 pecunie
514 1314 559 1370 ad
581 1314 686 1372 ludos
708 1316 994 1384 decerneretur,
1020 1314 1106 1390 plane
1127 1325 1235 1372 certum
1258 1327 1311 1382 est,

247 1419 416 1478 mendosum
438 1438 501 1477 esse
508 1439 517 1495 3
547 1439 642 1495 neque
663 1421 739 1478 enim
760 1421 790 1476 in
811 1420 867 1477 hac
889 1419 1034 1477 cretione:
1059 1420 1311 1477 dedicationis

131 1557 137 1567 ·
247 1525 460 1600 templorum
584 1527 740 1600 pecuniis
771 1525 817 1582 ed
846 1523 952 1582 ludos
984 1524 1196 1584 decernitur
1227 1525 1310 1599 geni·

246 1631 322 1688 tivus
345 1639 395 1688 eut
416 1649 435 1688 n
456 1629 618 1706 pecunie
649 1639 699 1688 nat
726 1649 744 1688 n
777 1631 941 1688 ludorum
963 1631 1080 1689 nomine
1101 1631 1228 1706 pendere
1250 1631 1310 1688 ullo

246 1737 334 1794 modo
356 1745 452 1811 potest
472 1755 565 1812 neque
585 1755 638 1812 per
659 1753 690 1792 se
721 1736 980 1808 (dedicationis
1008 1736 1229 1812 templorum
1248 1755 1310 1812 pe·

246 1843 369 1912 cunin,
391 1841 639 1899 dedicationis
657 1851 678 1903 t.
700 1841 787 1914 ludi)
810 1861 903 1918 neque
923 1860 977 1916 per
992 1843 1147 1899 verborum
1169 1841 1309 1898 ordinem.

247 1947 305 2006 Sed
326 1967 384 2006 non
406 1947 500 2004 solum
524 1948 579 2004 hoc
603 1957 712 2004 certum
735 1957 796 2017 est,
818 1948 869 2004 sed
891 1946 961 2004 illud
983 1967 1040 2003 non
1063 1947 1173 2016 minus,
1193 1947 1308 2006 Livium

246 2053 395 2129 scripsisse
417 2051 455 2110 ad
483 2053 558 2109 hanc
584 2053 722 2110 formam:
754 2062 790 2109 ut
820 2052 892 2108 sibi
921 2054 1170 2112 dedicationis
1199 2072 1311 2110 causa

245 2159 459 2234 templorum
482 2157 631 2232 Regina
658 2158 811 2215 Iunonis
847 2159 1030 2217 etDianee
1066 2201 1115 2220 ...
1148 2159 1312 2234 pecunia

246 2265 289 2322 ad
310 2265 379 2322 lud.
402 2265 476 2321 dec.
535 2263 647 2320 Eadem
673 2281 743 2337 ergo
765 2264 928 2324 obscuritas
949 2265 1181 2340 ambiguitasque
1202 2262 1307 2332 effecit,

246 2381 277 2429 ut
297 2372 353 2429 hoc
375 2371 441 2428 loco
462 2368 643 2426 omitteretur
663 2370 837 2426 vocabulum
859 2369 1053 2427 necessarium
1081 2380 1110 2425 et
1141 2379 1173 2426 ut
1193 2369 1308 2426 duobus

245 2474 441 2552 superioribus
462 2493 520 2532 non
548 2482 625 2530 recte
652 2486 816 2549 poneretur.
874 2475 967 2536 Simili
997 2491 1116 2551 prorsus
1144 2473 1308 2550 suspicione

245 2579 372 2638 animum
396 2581 499 2656 pungit
530 2579 601 2637 illud
622 2580 651 2636 in
676 2581 732 2636 hoc
750 2581 834 2656 ipso,
856 2581 892 2636 de
915 2599 973 2654 quo
996 2580 1129 2654 proxime
1150 2580 1220 2650 (lirul,
1242 2579 1308 2637 loco

245 2687 283 2763 (c.
311 2689 382 2755 52):
405 2686 610 2743 anteannis
631 2695 723 2745 octo.
782 2687 862 2744 Nam
898 2686 983 2743 huius
1015 2685 1116 2744 formes
1151 2689 1218 2762 (pro
1249 2705 1309 2762 qun

245 2802 295 2848 aut
316 2801 402 2848 ente
423 2809 540 2848 annos
562 2801 661 2862 octo,
690 2791 833 2849 interdum
859 2791 945 2848 etiam
971 2801 1053 2849 octo
1076 2802 1159 2849 ente
1184 2811 1308 2863 annos,

245 2897 357 2966 dicitur,
379 2907 438 2966 aut,
460 2897 485 2954 si
507 2897 646 2954 adverbio
664 2897 705 2954 uti
727 2897 892 2968 malumus,
920 2907 1001 2954 octo
1024 2916 1065 2953 an
1075 2899 1131 2956 uls
1154 2909 1236 2956 ante
1257 2907 1308 2955 aut

244 3011 328 3058 octo
351 3009 435 3058 ante
454 3003 572 3078 annis)
606 3003 683 3079 apud
706 3003 822 3060 Livium
852 3013 936 3060 extra
963 3005 1038 3060 hanc
1059 3013 1217 3062 extremam
1241 3004 1308 3060 libri

244 3109 458 3184 quadragesimi
480 3118 593 3184 partem
614 3127 702 3167 unum
726 3109 889 3185 exemplum
913 3117 1008 3166 exstet
1030 3109 1182 3178 (mit,
1207 3114 1235 3180 5,
1257 3114 1308 3166 1οι

243 3223 325 3290 post
347 3215 475 3289 paucis
497 3214 643 3284 diebus;
672 3231 741 3270 nam
772 3224 856 3288 post
885 3213 1082 3289 aliquanto
1110 3217 1197 3274 aliam
1218 3215 1308 3271 habet

243 3315 446 3394 rationem)¹),
470 3319 499 3376 in
521 3321 577 3377 hac
599 3319 680 3376 brevi
701 3319 767 3376 libri
785 3329 870 3395 parte
891 3321 948 3378 tria
968 3331 1043 3391 sunt,
1066 3323 1131 3392 hoc,
1153 3321 1231 3396 quod
1253 3340 1308 3396 po·

242 3426 296 3496 sni,
319 3436 348 3483 ct
370 3445 395 3486 c.
412 3429 461 3496 tt,
484 3427 606 3496 tetes,
630 3427 646 3482 2
671 3430 771 3500 (post
788 3425 916 3500 paucis
938 3427 1090 3504 diebus).
1134 3427 1308 3502 DIxisaepe,

241 3531 270 3588 in
295 3520 401 3590 talibu's
428 3533 514 3590 rebus
544 3533 633 3589 etiam
663 3531 893 3589 testimoniomm
924 3533 1021 3590 sedem
1052 3532 1307 3590 etauctoritatem

242 3638 480 3696 considerandam
503 3647 532 3696 et
554 3637 769 3715 probabilitatis
790 3637 855 3713 lege
875 3640 1094 3714 ponderandam
1119 3655 1191 3695 esse

246 3840 440 3849 ψ

260 3973 282 4039 ²)
311 3976 380 4026 Olim
399 3977 585 4041 adiungebatur
603 3979 759 4040 XXXVIII,
780 3987 822 4040 52,
843 3985 872 4040 7,
891 3981 917 4029 iu
938 3995 1013 4045 qncm
1038 3981 1123 4031 locum
1143 3981 1229 4031 Aldus
1247 3995 1307 4029 cam
1396 4047 1397 4050 Ἴ

312 4081 422 4118 errorem
439 4071 533 4130 intulit,
552 4086 629 4134 qaum
648 4073 761 4121 reeteiu
778 4074 808 4122 M
826 4073 984 4123 scriberetur.
