<?xml version="1.0" encoding="UTF-8"?>
<!DOCTYPE html PUBLIC "-//W3C//DTD XHTML 1.0 Transitional//EN"
    "http://www.w3.org/TR/xhtml1/DTD/xhtml1-transitional.dtd">
<html xmlns="http://www.w3.org/1999/xhtml" xml:lang="en" lang="en">
 <head>
  <title>
</title>
<meta http-equiv="Content-Type" content="text/html;charset=utf-8" />
  <meta name='ocr-system' content='tesseract 3.04.00' />
  <meta name='ocr-capabilities' content='ocr_page ocr_carea ocr_par ocr_line ocrx_word'/>
</head>
<body>
  <div class='ocr_page' id='page_1' title='image "./emendationesliv02madvgoog_0264.png"; bbox 0 0 2800 4646; ppageno 0'>
   <div class='ocr_carea' id='block_1_1' title="bbox 578 268 1103 326">
    <p class='ocr_par' dir='ltr' id='par_1_1' title="bbox 578 268 1103 326">
     <span class='ocr_line' id='line_1_1' title="bbox 578 268 1103 326; baseline -0.017 0"><span class='ocrx_word' id='word_1_1' title='bbox 578 270 637 326; x_wconf 82' lang='lat'><strong>255</strong></span> <span class='ocrx_word' id='word_1_2' title='bbox 939 268 996 318; x_wconf 88' lang='lat' dir='ltr'><strong>Lib.</strong></span> <span class='ocrx_word' id='word_1_3' title='bbox 1014 268 1103 318; x_wconf 83' lang='lat' dir='ltr'><strong>xxn.</strong></span> 
     </span>
    </p>
   </div>
   <div class='ocr_carea' id='block_1_2' title="bbox 70 449 1139 2828">
    <p class='ocr_par' dir='ltr' id='par_1_2' title="bbox 70 449 1139 2828">
     <span class='ocr_line' id='line_1_2' title="bbox 73 449 1139 526; baseline 0.004 -20"><span class='ocrx_word' id='word_1_4' title='bbox 73 461 177 525; x_wconf 87' lang='lat' dir='ltr'><strong>aperte</strong></span> <span class='ocrx_word' id='word_1_5' title='bbox 199 449 338 526; x_wconf 87' lang='lat' dir='ltr'><strong>postulat,</strong></span> <span class='ocrx_word' id='word_1_6' title='bbox 358 460 399 520; x_wconf 88' lang='lat' dir='ltr'><strong>ut,</strong></span> <span class='ocrx_word' id='word_1_7' title='bbox 422 449 665 524; x_wconf 75' lang='lat' dir='ltr'><strong>quemadmodum</strong></span> <span class='ocrx_word' id='word_1_8' title='bbox 693 449 723 506; x_wconf 89' lang='lat' dir='ltr'><strong>in</strong></span> <span class='ocrx_word' id='word_1_9' title='bbox 745 449 838 509; x_wconf 82' lang='lat' dir='ltr'><strong>altaro</strong></span> <span class='ocrx_word' id='word_1_10' title='bbox 859 451 891 506; x_wconf 92' lang='lat' dir='ltr'><strong>fit</strong></span> <span class='ocrx_word' id='word_1_11' title='bbox 912 453 1042 510; x_wconf 87' lang='lat' dir='ltr'><strong>membro</strong></span> <span class='ocrx_word' id='word_1_12' title='bbox 1065 453 1139 524; x_wconf 88' lang='lat' dir='ltr'><strong>(aut</strong></span> 
     </span>
     <span class='ocr_line' id='line_1_3' title="bbox 73 554 1136 630; baseline 0.003 -18"><span class='ocrx_word' id='word_1_13' title='bbox 73 575 144 612; x_wconf 91' lang='lat' dir='ltr'><strong>non</strong></span> <span class='ocrx_word' id='word_1_14' title='bbox 158 556 328 612; x_wconf 87' lang='lat' dir='ltr'><strong>invidere</strong></span> <span class='ocrx_word' id='word_1_15' title='bbox 350 574 411 612; x_wconf 86' lang='lat' dir='ltr'><strong>eos</strong></span> <span class='ocrx_word' id='word_1_16' title='bbox 433 573 539 629; x_wconf 89' lang='lat' dir='ltr'><strong>quum</strong></span> <span class='ocrx_word' id='word_1_17' title='bbox 555 554 807 612; x_wconf 79' lang='lat' dir='ltr'><strong>incolumitati</strong></span> <span class='ocrx_word' id='word_1_18' title='bbox 821 566 891 610; x_wconf 91' lang='lat' dir='ltr'><strong>tum</strong></span> <span class='ocrx_word' id='word_1_19' title='bbox 908 555 1038 630; x_wconf 75' lang='lat' dir='ltr'><strong>gloriae</strong></span> <span class='ocrx_word' id='word_1_20' title='bbox 1057 557 1136 615; x_wconf 92' lang='lat' dir='ltr'><strong>illo·</strong></span> 
     </span>
     <span class='ocr_line' id='line_1_4' title="bbox 73 657 1137 735; baseline 0.001 -18"><span class='ocrx_word' id='word_1_21' title='bbox 73 681 148 718; x_wconf 90' lang='lat' dir='ltr'><strong>rum</strong></span> <span class='ocrx_word' id='word_1_22' title='bbox 261 679 366 735; x_wconf 87' lang='lat' dir='ltr'><strong>quum</strong></span> <span class='ocrx_word' id='word_1_23' title='bbox 398 665 486 728; x_wconf 77' lang='lat' dir='ltr'><strong>cett,</strong></span> <span class='ocrx_word' id='word_1_24' title='bbox 517 669 645 734; x_wconf 87' lang='lat' dir='ltr'><strong>ponatur</strong></span> <span class='ocrx_word' id='word_1_25' title='bbox 680 677 734 733; x_wconf 87' lang='lat' dir='ltr'><strong>per</strong></span> <span class='ocrx_word' id='word_1_26' title='bbox 764 657 887 714; x_wconf 75' lang='lat' dir='ltr'><strong>ironiam</strong></span> <span class='ocrx_word' id='word_1_27' title='bbox 923 659 986 732; x_wconf 85' lang='lat' dir='ltr'><strong>(sed</strong></span> <span class='ocrx_word' id='word_1_28' title='bbox 1020 661 1050 718; x_wconf 90' lang='lat' dir='ltr'><strong>in</strong></span> <span class='ocrx_word' id='word_1_29' title='bbox 1080 663 1137 718; x_wconf 90' lang='lat' dir='ltr'><strong>hoc</strong></span> 
     </span>
     <span class='ocr_line' id='line_1_5' title="bbox 74 763 1137 842; baseline 0 -19"><span class='ocrx_word' id='word_1_30' title='bbox 74 766 207 822; x_wconf 90' lang='lat' dir='ltr'><strong>membro</strong></span> <span class='ocrx_word' id='word_1_31' title='bbox 230 763 419 835; x_wconf 80' lang='lat' dir='ltr'><strong>affirmative)</strong></span> <span class='ocrx_word' id='word_1_32' title='bbox 444 764 570 838; x_wconf 83' lang='lat' dir='ltr'><strong>aliquid,</strong></span> <span class='ocrx_word' id='word_1_33' title='bbox 600 765 629 820; x_wconf 89' lang='lat' dir='ltr'><strong>in</strong></span> <span class='ocrx_word' id='word_1_34' title='bbox 652 783 710 838; x_wconf 89' lang='lat' dir='ltr'><strong>quo</strong></span> <span class='ocrx_word' id='word_1_35' title='bbox 732 763 783 819; x_wconf 95' lang='lat' dir='ltr'><strong>illa</strong></span> <span class='ocrx_word' id='word_1_36' title='bbox 804 763 919 820; x_wconf 89' lang='lat' dir='ltr'><strong>bonitas</strong></span> <span class='ocrx_word' id='word_1_37' title='bbox 943 774 972 820; x_wconf 89' lang='lat' dir='ltr'><strong>et</strong></span> <span class='ocrx_word' id='word_1_38' title='bbox 992 765 1063 822; x_wconf 88' lang='lat' dir='ltr'><strong>fides</strong></span> <span class='ocrx_word' id='word_1_39' title='bbox 1085 786 1137 842; x_wconf 86' lang='lat' dir='ltr'><strong>ap-</strong></span> 
     </span>
     <span class='ocr_line' id='line_1_6' title="bbox 73 868 1138 946; baseline 0.001 -19"><span class='ocrx_word' id='word_1_40' title='bbox 73 879 188 945; x_wconf 85' lang='lat' dir='ltr'><strong>pareat,</strong></span> <span class='ocrx_word' id='word_1_41' title='bbox 221 869 324 927; x_wconf 90' lang='lat' dir='ltr'><strong>deinde</strong></span> <span class='ocrx_word' id='word_1_42' title='bbox 351 871 382 926; x_wconf 95' lang='lat' dir='ltr'><strong>id</strong></span> <span class='ocrx_word' id='word_1_43' title='bbox 411 871 524 946; x_wconf 90' lang='lat' dir='ltr'><strong>ipsum,</strong></span> <span class='ocrx_word' id='word_1_44' title='bbox 554 869 668 926; x_wconf 85' lang='lat' dir='ltr'><strong>adiecta</strong></span> <span class='ocrx_word' id='word_1_45' title='bbox 689 869 833 926; x_wconf 86' lang='lat' dir='ltr'><strong>sententia</strong></span> <span class='ocrx_word' id='word_1_46' title='bbox 855 868 992 938; x_wconf 84' lang='lat' dir='ltr'><strong>relativa,</strong></span> <span class='ocrx_word' id='word_1_47' title='bbox 1019 871 1138 928; x_wconf 84' lang='lat' dir='ltr'><strong>tollatur</strong></span> 
     </span>
     <span class='ocr_line' id='line_1_7' title="bbox 74 972 1137 1051; baseline 0 -18"><span class='ocrx_word' id='word_1_48' title='bbox 74 989 102 1033; x_wconf 87' lang='lat' dir='ltr'><strong>et</strong></span> <span class='ocrx_word' id='word_1_49' title='bbox 123 985 281 1034; x_wconf 77' lang='lat' dir='ltr'><strong>evertatur.</strong></span> <span class='ocrx_word' id='word_1_50' title='bbox 325 975 525 1034; x_wconf 82' lang='lat' dir='ltr'><strong>Certissimam</strong></span> <span class='ocrx_word' id='word_1_51' title='bbox 555 974 728 1032; x_wconf 78' lang='lat' dir='ltr'><strong>medicinam</strong></span> <span class='ocrx_word' id='word_1_52' title='bbox 755 972 883 1046; x_wconf 80' lang='lat' dir='ltr'><strong>graviori</strong></span> <span class='ocrx_word' id='word_1_53' title='bbox 911 975 1037 1031; x_wconf 84' lang='lat' dir='ltr'><strong>vulneris</strong></span> <span class='ocrx_word' id='word_1_54' title='bbox 1060 977 1137 1051; x_wconf 89' lang='lat' dir='ltr'><strong>parti</strong></span> 
     </span>
     <span class='ocr_line' id='line_1_8' title="bbox 73 1077 1136 1155; baseline 0.001 -18"><span class='ocrx_word' id='word_1_55' title='bbox 73 1099 131 1137; x_wconf 84' lang='lat' dir='ltr'><strong>nna</strong></span> <span class='ocrx_word' id='word_1_56' title='bbox 163 1080 261 1138; x_wconf 82' lang='lat' dir='ltr'><strong>littera</strong></span> <span class='ocrx_word' id='word_1_57' title='bbox 294 1081 394 1136; x_wconf 81' lang='lat' dir='ltr'><strong>addita</strong></span> <span class='ocrx_word' id='word_1_58' title='bbox 429 1077 545 1136; x_wconf 85' lang='lat' dir='ltr'><strong>afferet:</strong></span> <span class='ocrx_word' id='word_1_59' title='bbox 583 1079 666 1137; x_wconf 91' lang='lat' dir='ltr'><strong>Nisi</strong></span> <span class='ocrx_word' id='word_1_60' title='bbox 702 1078 782 1152; x_wconf 89' lang='lat' dir='ltr'><strong>quis</strong></span> <span class='ocrx_word' id='word_1_61' title='bbox 818 1079 967 1135; x_wconf 88' lang='lat' dir='ltr'><strong>credere</strong></span> <span class='ocrx_word' id='word_1_62' title='bbox 998 1091 1136 1155; x_wconf 88' lang='lat' dir='ltr'><strong>potest,</strong></span> 
     </span>
     <span class='ocr_line' id='line_1_9' title="bbox 72 1184 1135 1260; baseline -0.005 -11"><span class='ocrx_word' id='word_1_63' title='bbox 72 1188 216 1248; x_wconf 72' lang='lat' dir='ltr'><strong>lavisse</strong></span> <span class='ocrx_word' id='word_1_64' title='bbox 238 1185 524 1260; x_wconf 75' lang='lat' dir='ltr'><strong>erumpentibus,</strong></span> <span class='ocrx_word' id='word_1_65' title='bbox 546 1184 615 1258; x_wconf 83' lang='lat' dir='ltr'><strong>qui,</strong></span> <span class='ocrx_word' id='word_1_66' title='bbox 632 1203 674 1240; x_wconf 87' lang='lat' dir='ltr'><strong>ne</strong></span> <span class='ocrx_word' id='word_1_67' title='bbox 689 1193 931 1258; x_wconf 76' lang='lat' dir='ltr'><strong>erumperent,</strong></span> <span class='ocrx_word' id='word_1_68' title='bbox 954 1185 1135 1244; x_wconf 85' lang='lat' dir='ltr'><strong>obsistere</strong></span> 
     </span>
     <span class='ocr_line' id='line_1_10' title="bbox 74 1287 1136 1363; baseline -0.002 -13"><span class='ocrx_word' id='word_1_69' title='bbox 74 1291 202 1350; x_wconf 86' lang='lat' dir='ltr'><strong>conati</strong></span> <span class='ocrx_word' id='word_1_70' title='bbox 223 1299 319 1359; x_wconf 83' lang='lat' dir='ltr'><strong>sunt,</strong></span> <span class='ocrx_word' id='word_1_71' title='bbox 356 1298 417 1345; x_wconf 90' lang='lat' dir='ltr'><strong>aut</strong></span> <span class='ocrx_word' id='word_1_72' title='bbox 444 1307 513 1344; x_wconf 90' lang='lat' dir='ltr'><strong>non</strong></span> <span class='ocrx_word' id='word_1_73' title='bbox 542 1288 711 1344; x_wconf 87' lang='lat' dir='ltr'><strong>invidere</strong></span> <span class='ocrx_word' id='word_1_74' title='bbox 738 1297 792 1344; x_wconf 89' lang='lat' dir='ltr'><strong>etc.</strong></span> <span class='ocrx_word' id='word_1_75' title='bbox 845 1288 892 1344; x_wconf 88' lang='lat' dir='ltr'><strong>Ne</strong></span> <span class='ocrx_word' id='word_1_76' title='bbox 919 1287 991 1345; x_wconf 91' lang='lat' dir='ltr'><strong>illud</strong></span> <span class='ocrx_word' id='word_1_77' title='bbox 1020 1291 1136 1363; x_wconf 88' lang='lat' dir='ltr'><strong>quidem</strong></span> 
     </span>
     <span class='ocr_line' id='line_1_11' title="bbox 74 1391 1136 1471; baseline -0.003 -16"><span class='ocrx_word' id='word_1_78' title='bbox 74 1397 153 1454; x_wconf 89' lang='lat' dir='ltr'><strong>credi</strong></span> <span class='ocrx_word' id='word_1_79' title='bbox 183 1413 271 1471; x_wconf 90' lang='lat' dir='ltr'><strong>posse</strong></span> <span class='ocrx_word' id='word_1_80' title='bbox 292 1395 461 1467; x_wconf 82' lang='lat' dir='ltr'><strong>Torquatus</strong></span> <span class='ocrx_word' id='word_1_81' title='bbox 483 1393 570 1462; x_wconf 87' lang='lat' dir='ltr'><strong>dicit,</strong></span> <span class='ocrx_word' id='word_1_82' title='bbox 602 1394 657 1449; x_wconf 90' lang='lat' dir='ltr'><strong>hos</strong></span> <span class='ocrx_word' id='word_1_83' title='bbox 678 1393 819 1462; x_wconf 91' lang='lat' dir='ltr'><strong>homines,</strong></span> <span class='ocrx_word' id='word_1_84' title='bbox 841 1391 920 1466; x_wconf 89' lang='lat' dir='ltr'><strong>quod</strong></span> <span class='ocrx_word' id='word_1_85' title='bbox 944 1394 1085 1451; x_wconf 90' lang='lat' dir='ltr'><strong>bonorum</strong></span> <span class='ocrx_word' id='word_1_86' title='bbox 1107 1405 1136 1452; x_wconf 88' lang='lat' dir='ltr'><strong>et</strong></span> 
     </span>
     <span class='ocr_line' id='line_1_12' title="bbox 75 1496 1136 1570; baseline -0.005 -11"><span class='ocrx_word' id='word_1_87' title='bbox 75 1515 102 1559; x_wconf 87' lang='lat' dir='ltr'><strong>ct</strong></span> <span class='ocrx_word' id='word_1_88' title='bbox 123 1501 254 1559; x_wconf 84' lang='lat' dir='ltr'><strong>fidelium</strong></span> <span class='ocrx_word' id='word_1_89' title='bbox 277 1498 382 1555; x_wconf 85' lang='lat' dir='ltr'><strong>civium</strong></span> <span class='ocrx_word' id='word_1_90' title='bbox 405 1497 492 1557; x_wconf 88' lang='lat' dir='ltr'><strong>fuerit</strong></span> <span class='ocrx_word' id='word_1_91' title='bbox 513 1498 617 1570; x_wconf 89' lang='lat' dir='ltr'><strong>sitque,</strong></span> <span class='ocrx_word' id='word_1_92' title='bbox 639 1498 752 1554; x_wconf 85' lang='lat' dir='ltr'><strong>etiamsi</strong></span> <span class='ocrx_word' id='word_1_93' title='bbox 774 1496 972 1565; x_wconf 71' lang='lat' dir='ltr'><strong>consortium,</strong></span> <span class='ocrx_word' id='word_1_94' title='bbox 994 1507 1045 1554; x_wconf 84' lang='lat' dir='ltr'><strong>aut</strong></span> <span class='ocrx_word' id='word_1_95' title='bbox 1065 1507 1136 1554; x_wconf 87' lang='lat' dir='ltr'><strong>vota</strong></span> 
     </span>
     <span class='ocr_line' id='line_1_13' title="bbox 74 1601 1135 1680; baseline -0.006 -16"><span class='ocrx_word' id='word_1_96' title='bbox 74 1608 178 1664; x_wconf 85' lang='lat' dir='ltr'><strong>fecisse</strong></span> <span class='ocrx_word' id='word_1_97' title='bbox 199 1623 255 1680; x_wconf 91' lang='lat' dir='ltr'><strong>pro</strong></span> <span class='ocrx_word' id='word_1_98' title='bbox 279 1603 493 1677; x_wconf 81' lang='lat' dir='ltr'><strong>erumpentibus</strong></span> <span class='ocrx_word' id='word_1_99' title='bbox 521 1612 550 1658; x_wconf 90' lang='lat' dir='ltr'><strong>ct</strong></span> <span class='ocrx_word' id='word_1_100' title='bbox 573 1601 681 1659; x_wconf 83' lang='lat' dir='ltr'><strong>favisse</strong></span> <span class='ocrx_word' id='word_1_101' title='bbox 710 1602 779 1659; x_wconf 85' lang='lat' dir='ltr'><strong>forti</strong></span> <span class='ocrx_word' id='word_1_102' title='bbox 803 1601 939 1672; x_wconf 89' lang='lat' dir='ltr'><strong>consilio,</strong></span> <span class='ocrx_word' id='word_1_103' title='bbox 971 1602 1051 1658; x_wconf 89' lang='lat' dir='ltr'><strong>cuius</strong></span> <span class='ocrx_word' id='word_1_104' title='bbox 1080 1602 1135 1677; x_wconf 89' lang='lat' dir='ltr'><strong>ipsi</strong></span> 
     </span>
     <span class='ocr_line' id='line_1_14' title="bbox 75 1707 1135 1787; baseline -0.005 -18"><span class='ocrx_word' id='word_1_105' title='bbox 75 1711 233 1787; x_wconf 79' lang='lat' dir='ltr'><strong>participes</strong></span> <span class='ocrx_word' id='word_1_106' title='bbox 254 1725 317 1784; x_wconf 85' lang='lat' dir='ltr'><strong>csse</strong></span> <span class='ocrx_word' id='word_1_107' title='bbox 340 1724 397 1762; x_wconf 91' lang='lat' dir='ltr'><strong>non</strong></span> <span class='ocrx_word' id='word_1_108' title='bbox 422 1707 571 1777; x_wconf 85' lang='lat' dir='ltr'><strong>auderent,</strong></span> <span class='ocrx_word' id='word_1_109' title='bbox 601 1717 651 1763; x_wconf 91' lang='lat' dir='ltr'><strong>aut</strong></span> <span class='ocrx_word' id='word_1_110' title='bbox 676 1727 752 1764; x_wconf 87' lang='lat' dir='ltr'><strong>nunc</strong></span> <span class='ocrx_word' id='word_1_111' title='bbox 773 1707 970 1765; x_wconf 82' lang='lat' dir='ltr'><strong>incolumitate</strong></span> <span class='ocrx_word' id='word_1_112' title='bbox 992 1717 1020 1764; x_wconf 90' lang='lat' dir='ltr'><strong>et</strong></span> <span class='ocrx_word' id='word_1_113' title='bbox 1041 1707 1135 1782; x_wconf 88' lang='lat' dir='ltr'><strong>gloria</strong></span> 
     </span>
     <span class='ocr_line' id='line_1_15' title="bbox 73 1811 1135 1889; baseline -0.005 -15"><span class='ocrx_word' id='word_1_114' title='bbox 73 1835 174 1874; x_wconf 88' lang='lat' dir='ltr'><strong>eorum</strong></span> <span class='ocrx_word' id='word_1_115' title='bbox 198 1814 334 1888; x_wconf 84' lang='lat' dir='ltr'><strong>gaudere.</strong></span> <span class='ocrx_word' id='word_1_116' title='bbox 378 1811 539 1886; x_wconf 84' lang='lat' dir='ltr'><strong>Aptissima</strong></span> <span class='ocrx_word' id='word_1_117' title='bbox 567 1811 704 1870; x_wconf 88' lang='lat' dir='ltr'><strong>inter-sc</strong></span> <span class='ocrx_word' id='word_1_118' title='bbox 733 1813 910 1889; x_wconf 88' lang='lat' dir='ltr'><strong>respondent</strong></span> <span class='ocrx_word' id='word_1_119' title='bbox 939 1811 1078 1869; x_wconf 82' lang='lat' dir='ltr'><strong>favisse</strong></span> <span class='ocrx_word' id='word_1_120' title='bbox 1106 1823 1135 1869; x_wconf 89' lang='lat' dir='ltr'><strong>et</strong></span> 
     </span>
     <span class='ocr_line' id='line_1_16' title="bbox 71 1917 1134 1995; baseline -0.004 -17"><span class='ocrx_word' id='word_1_121' title='bbox 71 1941 140 1978; x_wconf 87' lang='lat' dir='ltr'><strong>non</strong></span> <span class='ocrx_word' id='word_1_122' title='bbox 163 1919 338 1977; x_wconf 81' lang='lat' dir='ltr'><strong>invidere.</strong></span> <span class='ocrx_word' id='word_1_123' title='bbox 396 1917 458 1975; x_wconf 86' lang='lat' dir='ltr'><strong>Sed</strong></span> <span class='ocrx_word' id='word_1_124' title='bbox 485 1927 597 1986; x_wconf 84' lang='lat' dir='ltr'><strong>temen,</strong></span> <span class='ocrx_word' id='word_1_125' title='bbox 629 1917 729 1976; x_wconf 86' lang='lat' dir='ltr'><strong>addito</strong></span> <span class='ocrx_word' id='word_1_126' title='bbox 760 1937 793 1988; x_wconf 85' lang='lat' dir='ltr'><strong>a,</strong></span> <span class='ocrx_word' id='word_1_127' title='bbox 825 1929 975 1995; x_wconf 72' lang='lat' dir='ltr'><strong>praeterea,</strong></span> <span class='ocrx_word' id='word_1_128' title='bbox 1007 1919 1084 1992; x_wconf 91' lang='lat' dir='ltr'><strong>quod</strong></span> <span class='ocrx_word' id='word_1_129' title='bbox 1105 1918 1134 1974; x_wconf 92' lang='lat' dir='ltr'><strong>in</strong></span> 
     </span>
     <span class='ocr_line' id='line_1_17' title="bbox 72 2021 1136 2092; baseline -0.004 -10"><span class='ocrx_word' id='word_1_130' title='bbox 72 2024 221 2082; x_wconf 85' lang='lat' dir='ltr'><strong>codicibus</strong></span> <span class='ocrx_word' id='word_1_131' title='bbox 257 2023 392 2079; x_wconf 88' lang='lat' dir='ltr'><strong>scribitur</strong></span> <span class='ocrx_word' id='word_1_132' title='bbox 421 2022 539 2079; x_wconf 79' lang='lat' dir='ltr'><strong>luisse</strong></span> <span class='ocrx_word' id='word_1_133' title='bbox 572 2032 626 2092; x_wconf 92' lang='lat' dir='ltr'><strong>ut,</strong></span> <span class='ocrx_word' id='word_1_134' title='bbox 660 2042 698 2080; x_wconf 92' lang='lat' dir='ltr'><strong>ex</strong></span> <span class='ocrx_word' id='word_1_135' title='bbox 731 2042 766 2080; x_wconf 91' lang='lat' dir='ltr'><strong>eo</strong></span> <span class='ocrx_word' id='word_1_136' title='bbox 799 2021 974 2091; x_wconf 81' lang='lat' dir='ltr'><strong>laciendum,</strong></span> <span class='ocrx_word' id='word_1_137' title='bbox 1006 2022 1136 2078; x_wconf 86' lang='lat' dir='ltr'><strong>adhibita</strong></span> 
     </span>
     <span class='ocr_line' id='line_1_18' title="bbox 70 2126 1134 2203; baseline -0.002 -17"><span class='ocrx_word' id='word_1_138' title='bbox 70 2127 299 2203; x_wconf 84' lang='lat' dir='ltr'><strong>transpositione</strong></span> <span class='ocrx_word' id='word_1_139' title='bbox 321 2128 371 2201; x_wconf 92' lang='lat' dir='ltr'><strong>(de</strong></span> <span class='ocrx_word' id='word_1_140' title='bbox 393 2147 451 2202; x_wconf 89' lang='lat' dir='ltr'><strong>qua</strong></span> <span class='ocrx_word' id='word_1_141' title='bbox 472 2128 534 2184; x_wconf 90' lang='lat' dir='ltr'><strong>dixi</strong></span> <span class='ocrx_word' id='word_1_142' title='bbox 564 2129 601 2184; x_wconf 86' lang='lat' dir='ltr'><strong>sd</strong></span> <span class='ocrx_word' id='word_1_143' title='bbox 623 2128 708 2185; x_wconf 90' lang='lat' dir='ltr'><strong>huius</strong></span> <span class='ocrx_word' id='word_1_144' title='bbox 729 2129 796 2186; x_wconf 89' lang='lat' dir='ltr'><strong>libri</strong></span> <span class='ocrx_word' id='word_1_145' title='bbox 818 2147 842 2188; x_wconf 93' lang='lat' dir='ltr'><strong>c.</strong></span> <span class='ocrx_word' id='word_1_146' title='bbox 867 2129 896 2198; x_wconf 79' lang='lat'><strong>2,</strong></span> <span class='ocrx_word' id='word_1_147' title='bbox 920 2131 967 2195; x_wconf 70' lang='lat' dir='ltr'><strong>ot:</strong></span> <span class='ocrx_word' id='word_1_148' title='bbox 996 2136 1057 2184; x_wconf 88' lang='lat' dir='ltr'><strong>aut</strong></span> <span class='ocrx_word' id='word_1_149' title='bbox 1077 2126 1134 2184; x_wconf 86' lang='lat' dir='ltr'><strong>fa·</strong></span> 
     </span>
     <span class='ocr_line' id='line_1_19' title="bbox 73 2232 1137 2309; baseline -0.001 -19"><span class='ocrx_word' id='word_1_150' title='bbox 73 2235 185 2302; x_wconf 82' lang='lat' dir='ltr'><strong>visse3</strong></span> <span class='ocrx_word' id='word_1_151' title='bbox 215 2251 310 2307; x_wconf 87' lang='lat' dir='ltr'><strong>neque</strong></span> <span class='ocrx_word' id='word_1_152' title='bbox 337 2233 412 2289; x_wconf 90' lang='lat' dir='ltr'><strong>enim</strong></span> <span class='ocrx_word' id='word_1_153' title='bbox 442 2244 520 2289; x_wconf 86' lang='lat' dir='ltr'><strong>recte</strong></span> <span class='ocrx_word' id='word_1_154' title='bbox 550 2234 634 2290; x_wconf 83' lang='lat' dir='ltr'><strong>abest</strong></span> <span class='ocrx_word' id='word_1_155' title='bbox 661 2233 806 2309; x_wconf 85' lang='lat' dir='ltr'><strong>particula</strong></span> <span class='ocrx_word' id='word_1_156' title='bbox 828 2232 1003 2288; x_wconf 85' lang='lat' dir='ltr'><strong>disiunctiva</strong></span> <span class='ocrx_word' id='word_1_157' title='bbox 1030 2232 1060 2288; x_wconf 91' lang='lat' dir='ltr'><strong>in</strong></span> <span class='ocrx_word' id='word_1_158' title='bbox 1081 2233 1137 2289; x_wconf 89' lang='lat' dir='ltr'><strong>hac</strong></span> 
     </span>
     <span class='ocr_line' id='line_1_20' title="bbox 71 2335 1136 2414; baseline -0.005 -18"><span class='ocrx_word' id='word_1_159' title='bbox 71 2341 196 2396; x_wconf 86' lang='lat' dir='ltr'><strong>duarum</strong></span> <span class='ocrx_word' id='word_1_160' title='bbox 218 2357 314 2395; x_wconf 86' lang='lat' dir='ltr'><strong>rerum</strong></span> <span class='ocrx_word' id='word_1_161' title='bbox 339 2337 467 2413; x_wconf 85' lang='lat' dir='ltr'><strong>diligenti</strong></span> <span class='ocrx_word' id='word_1_162' title='bbox 489 2339 693 2414; x_wconf 79' lang='lat' dir='ltr'><strong>separatione,</strong></span> <span class='ocrx_word' id='word_1_163' title='bbox 722 2347 755 2394; x_wconf 90' lang='lat' dir='ltr'><strong>ut</strong></span> <span class='ocrx_word' id='word_1_164' title='bbox 776 2347 930 2410; x_wconf 86' lang='lat' dir='ltr'><strong>utrumque</strong></span> <span class='ocrx_word' id='word_1_165' title='bbox 953 2355 1006 2411; x_wconf 91' lang='lat' dir='ltr'><strong>per</strong></span> <span class='ocrx_word' id='word_1_166' title='bbox 1029 2355 1060 2392; x_wconf 87' lang='lat' dir='ltr'><strong>se</strong></span> <span class='ocrx_word' id='word_1_167' title='bbox 1081 2335 1136 2392; x_wconf 93' lang='lat' dir='ltr'><strong>tol·</strong></span> 
     </span>
     <span class='ocr_line' id='line_1_21' title="bbox 71 2439 1136 2518; baseline -0.007 -16"><span class='ocrx_word' id='word_1_168' title='bbox 71 2446 157 2502; x_wconf 87' lang='lat' dir='ltr'><strong>latur.</strong></span> <span class='ocrx_word' id='word_1_169' title='bbox 207 2445 249 2504; x_wconf 90' lang='lat' dir='ltr'><strong>Ut</strong></span> <span class='ocrx_word' id='word_1_170' title='bbox 272 2444 319 2501; x_wconf 92' lang='lat' dir='ltr'><strong>hic</strong></span> <span class='ocrx_word' id='word_1_171' title='bbox 342 2443 458 2500; x_wconf 85' lang='lat' dir='ltr'><strong>luisse</strong></span> <span class='ocrx_word' id='word_1_172' title='bbox 481 2461 536 2518; x_wconf 90' lang='lat' dir='ltr'><strong>pro</strong></span> <span class='ocrx_word' id='word_1_173' title='bbox 560 2442 715 2514; x_wconf 84' lang='lat' dir='ltr'><strong>favisse,</strong></span> <span class='ocrx_word' id='word_1_174' title='bbox 746 2442 788 2499; x_wconf 90' lang='lat' dir='ltr'><strong>sic</strong></span> <span class='ocrx_word' id='word_1_175' title='bbox 814 2441 931 2498; x_wconf 87' lang='lat' dir='ltr'><strong>fuerit</strong></span> <span class='ocrx_word' id='word_1_176' title='bbox 958 2459 1011 2516; x_wconf 92' lang='lat' dir='ltr'><strong>pro</strong></span> <span class='ocrx_word' id='word_1_177' title='bbox 1033 2439 1136 2496; x_wconf 83' lang='lat' dir='ltr'><strong>fave·</strong></span> 
     </span>
     <span class='ocr_line' id='line_1_22' title="bbox 70 2543 1136 2621; baseline -0.008 -14"><span class='ocrx_word' id='word_1_178' title='bbox 70 2549 121 2607; x_wconf 91' lang='lat' dir='ltr'><strong>rit</strong></span> <span class='ocrx_word' id='word_1_179' title='bbox 141 2549 279 2606; x_wconf 82' lang='lat' dir='ltr'><strong>scribitur</strong></span> <span class='ocrx_word' id='word_1_180' title='bbox 298 2548 357 2616; x_wconf 90' lang='lat' dir='ltr'><strong>lll,</strong></span> <span class='ocrx_word' id='word_1_181' title='bbox 379 2551 429 2616; x_wconf 84' lang='lat'><strong>45,</strong></span> <span class='ocrx_word' id='word_1_182' title='bbox 452 2553 462 2604; x_wconf 93' lang='lat' dir='ltr'><strong>l</strong></span> <span class='ocrx_word' id='word_1_183' title='bbox 492 2547 522 2604; x_wconf 89' lang='lat' dir='ltr'><strong>in</strong></span> <span class='ocrx_word' id='word_1_184' title='bbox 541 2550 573 2606; x_wconf 91' lang='lat' dir='ltr'>M</span> <span class='ocrx_word' id='word_1_185' title='bbox 596 2559 625 2606; x_wconf 87' lang='lat' dir='ltr'><strong>ct</strong></span> <span class='ocrx_word' id='word_1_186' title='bbox 646 2549 721 2616; x_wconf 85' lang='lat' dir='ltr'><strong>aliis,</strong></span> <span class='ocrx_word' id='word_1_187' title='bbox 743 2545 877 2604; x_wconf 87' lang='lat' dir='ltr'><strong>fuimus</strong></span> <span class='ocrx_word' id='word_1_188' title='bbox 898 2564 952 2621; x_wconf 87' lang='lat' dir='ltr'><strong>pro</strong></span> <span class='ocrx_word' id='word_1_189' title='bbox 976 2543 1136 2600; x_wconf 86' lang='lat' dir='ltr'><strong>favimus</strong></span> 
     </span>
     <span class='ocr_line' id='line_1_23' title="bbox 71 2648 1137 2727; baseline -0.006 -16"><span class='ocrx_word' id='word_1_190' title='bbox 71 2655 171 2722; x_wconf 85' lang='lat' dir='ltr'><strong>XLV,</strong></span> <span class='ocrx_word' id='word_1_191' title='bbox 194 2654 244 2722; x_wconf 81' lang='lat'><strong>22,</strong></span> <span class='ocrx_word' id='word_1_192' title='bbox 273 2657 308 2711; x_wconf 87' lang='lat'><strong>10</strong></span> <span class='ocrx_word' id='word_1_193' title='bbox 331 2653 360 2710; x_wconf 91' lang='lat' dir='ltr'><strong>in</strong></span> <span class='ocrx_word' id='word_1_194' title='bbox 383 2652 510 2713; x_wconf 88' lang='lat' dir='ltr'><strong>Vindob.</strong></span> <span class='ocrx_word' id='word_1_195' title='bbox 522 2648 547 2724; x_wconf 86' lang='lat'><strong>¹)</strong></span> <span class='ocrx_word' id='word_1_196' title='bbox 598 2654 753 2710; x_wconf 88' lang='lat' dir='ltr'><strong>Postremo</strong></span> <span class='ocrx_word' id='word_1_197' title='bbox 775 2653 840 2709; x_wconf 86' lang='lat' dir='ltr'><strong>loco</strong></span> <span class='ocrx_word' id='word_1_198' title='bbox 868 2669 976 2727; x_wconf 88' lang='lat' dir='ltr'><strong>ponam</strong></span> <span class='ocrx_word' id='word_1_199' title='bbox 998 2667 1058 2706; x_wconf 86' lang='lat' dir='ltr'><strong>rom</strong></span> <span class='ocrx_word' id='word_1_200' title='bbox 1083 2648 1137 2705; x_wconf 90' lang='lat' dir='ltr'><strong>mi·</strong></span> 
     </span>
     <span class='ocr_line' id='line_1_24' title="bbox 70 2753 1137 2828; baseline -0.008 -10"><span class='ocrx_word' id='word_1_201' title='bbox 70 2761 180 2818; x_wconf 89' lang='lat' dir='ltr'><strong>nimam</strong></span> <span class='ocrx_word' id='word_1_202' title='bbox 215 2758 267 2815; x_wconf 89' lang='lat' dir='ltr'><strong>sed</strong></span> <span class='ocrx_word' id='word_1_203' title='bbox 302 2767 421 2828; x_wconf 72' lang='lat' dir='ltr'><strong>cenam,</strong></span> <span class='ocrx_word' id='word_1_204' title='bbox 455 2759 532 2827; x_wconf 73' lang='lat'><strong>§26</strong></span> <span class='ocrx_word' id='word_1_205' title='bbox 564 2757 680 2814; x_wconf 83' lang='lat' dir='ltr'><strong>Livium</strong></span> <span class='ocrx_word' id='word_1_206' title='bbox 711 2757 741 2813; x_wconf 93' lang='lat' dir='ltr'><strong>in</strong></span> <span class='ocrx_word' id='word_1_207' title='bbox 772 2758 829 2814; x_wconf 83' lang='lat' dir='ltr'><strong>hec</strong></span> <span class='ocrx_word' id='word_1_208' title='bbox 864 2754 1003 2814; x_wconf 86' lang='lat' dir='ltr'><strong>orationis</strong></span> <span class='ocrx_word' id='word_1_209' title='bbox 1028 2753 1137 2812; x_wconf 86' lang='lat' dir='ltr'><strong>forma:</strong></span> 
     </span>
    </p>
   </div>
   <div class='ocr_carea' id='block_1_3' title="bbox 70 2847 1137 2941">
    <p class='ocr_par' dir='ltr' id='par_1_3' title="bbox 70 2847 1137 2941">
     <span class='ocr_line' id='line_1_25' title="bbox 70 2847 1137 2941; baseline -0.006 -19"><span class='ocrx_word' id='word_1_210' title='bbox 70 2883 177 2941; x_wconf 88' lang='lat' dir='ltr'><strong>quum</strong></span> <span class='ocrx_word' id='word_1_211' title='bbox 198 2881 386 2939; x_wconf 84' lang='lat' dir='ltr'><strong>erumpere</strong></span> <span class='ocrx_word' id='word_1_212' title='bbox 407 2862 543 2920; x_wconf 85' lang='lat' dir='ltr'><strong>castris</strong></span> <span class='ocrx_word' id='word_1_213' title='bbox 566 2847 727 2938; x_wconf 88' lang='lat' dir='ltr'><strong>oportet,</strong></span> <span class='ocrx_word' id='word_1_214' title='bbox 760 2860 981 2920; x_wconf 87' lang='lat' dir='ltr'><strong>cunctamini</strong></span> <span class='ocrx_word' id='word_1_215' title='bbox 1002 2878 1042 2918; x_wconf 87' lang='lat' dir='ltr'><strong>ac</strong></span> <span class='ocrx_word' id='word_1_216' title='bbox 1064 2877 1137 2916; x_wconf 83' lang='lat' dir='ltr'><strong>ma-</strong></span> 
     </span>
    </p>
   </div>
   <div class='ocr_carea' id='block_1_4' title="bbox 69 2966 1139 3360">
    <p class='ocr_par' dir='ltr' id='par_1_4' title="bbox 69 2966 1139 3360">
     <span class='ocr_line' id='line_1_26' title="bbox 69 2966 1138 3044; baseline -0.007 -17"><span class='ocrx_word' id='word_1_217' title='bbox 69 2970 184 3040; x_wconf 88' lang='lat' dir='ltr'><strong>netis,</strong></span> <span class='ocrx_word' id='word_1_218' title='bbox 215 2987 319 3044; x_wconf 89' lang='lat' dir='ltr'><strong>quum</strong></span> <span class='ocrx_word' id='word_1_219' title='bbox 349 2987 508 3038; x_wconf 86' lang='lat' dir='ltr'><strong>manere,</strong></span> <span class='ocrx_word' id='word_1_220' title='bbox 546 2977 670 3024; x_wconf 85' lang='lat' dir='ltr'><strong>castra</strong></span> <span class='ocrx_word' id='word_1_221' title='bbox 698 2968 815 3025; x_wconf 89' lang='lat' dir='ltr'><strong>tutari</strong></span> <span class='ocrx_word' id='word_1_222' title='bbox 852 2966 964 3024; x_wconf 89' lang='lat' dir='ltr'><strong>armis</strong></span> <span class='ocrx_word' id='word_1_223' title='bbox 989 2981 1138 3022; x_wconf 86' lang='lat' dir='ltr'><strong>necesse</strong></span> 
     </span>
     <span class='ocr_line' id='line_1_27' title="bbox 70 3071 1138 3148; baseline -0.004 -16"><span class='ocrx_word' id='word_1_224' title='bbox 70 3085 143 3144; x_wconf 83' lang='lat' dir='ltr'><strong>est,</strong></span> <span class='ocrx_word' id='word_1_225' title='bbox 178 3083 214 3130; x_wconf 89' lang='lat' dir='ltr'><strong>et</strong></span> <span class='ocrx_word' id='word_1_226' title='bbox 243 3081 370 3130; x_wconf 83' lang='lat' dir='ltr'><strong>castre</strong></span> <span class='ocrx_word' id='word_1_227' title='bbox 399 3083 434 3129; x_wconf 90' lang='lat' dir='ltr'><strong>et</strong></span> <span class='ocrx_word' id='word_1_228' title='bbox 461 3091 560 3130; x_wconf 88' lang='lat' dir='ltr'><strong>arma</strong></span> <span class='ocrx_word' id='word_1_229' title='bbox 592 3083 626 3128; x_wconf 88' lang='lat' dir='ltr'><strong>et</strong></span> <span class='ocrx_word' id='word_1_230' title='bbox 645 3091 710 3130; x_wconf 85' lang='lat' dir='ltr'><strong>vos</strong></span> <span class='ocrx_word' id='word_1_231' title='bbox 732 3073 833 3148; x_wconf 88' lang='lat' dir='ltr'><strong>ipsos</strong></span> <span class='ocrx_word' id='word_1_232' title='bbox 852 3072 1004 3129; x_wconf 82' lang='lat' dir='ltr'><strong>traditis</strong></span> <span class='ocrx_word' id='word_1_233' title='bbox 1026 3071 1138 3142; x_wconf 88' lang='lat' dir='ltr'><strong>hosti,</strong></span> 
     </span>
     <span class='ocr_line' id='line_1_28' title="bbox 70 3176 1139 3254; baseline -0.005 -16"><span class='ocrx_word' id='word_1_234' title='bbox 70 3201 130 3238; x_wconf 90' lang='lat' dir='ltr'><strong>non</strong></span> <span class='ocrx_word' id='word_1_235' title='bbox 165 3197 251 3236; x_wconf 90' lang='lat' dir='ltr'><strong>usum</strong></span> <span class='ocrx_word' id='word_1_236' title='bbox 278 3195 342 3235; x_wconf 89' lang='lat' dir='ltr'><strong>esse</strong></span> <span class='ocrx_word' id='word_1_237' title='bbox 375 3176 516 3252; x_wconf 85' lang='lat' dir='ltr'><strong>asyndeto</strong></span> <span class='ocrx_word' id='word_1_238' title='bbox 547 3177 577 3234; x_wconf 92' lang='lat' dir='ltr'><strong>in</strong></span> <span class='ocrx_word' id='word_1_239' title='bbox 606 3177 700 3234; x_wconf 85' lang='lat' dir='ltr'><strong>altera</strong></span> <span class='ocrx_word' id='word_1_240' title='bbox 728 3178 855 3254; x_wconf 86' lang='lat' dir='ltr'><strong>protasi,</strong></span> <span class='ocrx_word' id='word_1_241' title='bbox 894 3178 945 3235; x_wconf 90' lang='lat' dir='ltr'><strong>sed</strong></span> <span class='ocrx_word' id='word_1_242' title='bbox 976 3176 1139 3251; x_wconf 81' lang='lat' dir='ltr'><strong>scripsisse:</strong></span> 
     </span>
     <span class='ocr_line' id='line_1_29' title="bbox 71 3281 1054 3360; baseline -0.006 -17"><span class='ocrx_word' id='word_1_243' title='bbox 71 3303 181 3360; x_wconf 87' lang='lat' dir='ltr'><strong>quum</strong></span> <span class='ocrx_word' id='word_1_244' title='bbox 203 3301 351 3340; x_wconf 88' lang='lat' dir='ltr'><strong>manere</strong></span> <span class='ocrx_word' id='word_1_245' title='bbox 373 3293 407 3338; x_wconf 90' lang='lat' dir='ltr'><strong>et</strong></span> <span class='ocrx_word' id='word_1_246' title='bbox 428 3291 554 3340; x_wconf 84' lang='lat' dir='ltr'><strong>castra</strong></span> <span class='ocrx_word' id='word_1_247' title='bbox 575 3283 701 3340; x_wconf 88' lang='lat' dir='ltr'><strong>tutari.</strong></span> <span class='ocrx_word' id='word_1_248' title='bbox 744 3282 791 3340; x_wconf 85' lang='lat' dir='ltr'><strong>Et</strong></span> <span class='ocrx_word' id='word_1_249' title='bbox 813 3281 920 3340; x_wconf 86' lang='lat' dir='ltr'><strong>excidit</strong></span> <span class='ocrx_word' id='word_1_250' title='bbox 939 3291 1007 3357; x_wconf 91' lang='lat' dir='ltr'><strong>post</strong></span> <span class='ocrx_word' id='word_1_251' title='bbox 1028 3300 1054 3344; x_wconf 77' lang='lat' dir='ltr'><strong>s.</strong></span> 
     </span>
    </p>
   </div>
   <div class='ocr_carea' id='block_1_5' title="bbox 72 3489 274 3500">
    <p class='ocr_par' dir='ltr' id='par_1_5' title="bbox 72 3489 274 3500">
     <span class='ocr_line' id='line_1_30' title="bbox 72 3489 274 3500; baseline -0.015 0"><span class='ocrx_word' id='word_1_252' title='bbox 72 3489 274 3500; x_wconf 85' lang='lat'><strong>.....-—-—-—</strong></span> 
     </span>
    </p>
   </div>
   <div class='ocr_carea' id='block_1_6' title="bbox 90 3602 1139 3853">
    <p class='ocr_par' dir='ltr' id='par_1_6' title="bbox 90 3602 1139 3853">
     <span class='ocr_line' id='line_1_31' title="bbox 90 3602 1139 3672; baseline -0.006 -15"><span class='ocrx_word' id='word_1_253' title='bbox 90 3603 117 3672; x_wconf 84' lang='lat'><strong>¹)</strong></span> <span class='ocrx_word' id='word_1_254' title='bbox 143 3607 207 3657; x_wconf 71' lang='lat' dir='ltr'><strong>nse</strong></span> <span class='ocrx_word' id='word_1_255' title='bbox 225 3620 328 3670; x_wconf 85' lang='lat' dir='ltr'><strong>qnoque</strong></span> <span class='ocrx_word' id='word_1_256' title='bbox 345 3606 490 3655; x_wconf 81' lang='lat' dir='ltr'><strong>emendatio</strong></span> <span class='ocrx_word' id='word_1_257' title='bbox 508 3605 577 3668; x_wconf 81' lang='lat' dir='ltr'><strong>apud</strong></span> <span class='ocrx_word' id='word_1_258' title='bbox 596 3602 779 3666; x_wconf 74' lang='lat' dir='ltr'><strong>Ingentevtum</strong></span> <span class='ocrx_word' id='word_1_259' title='bbox 798 3605 825 3652; x_wconf 87' lang='lat' dir='ltr'><strong>in</strong></span> <span class='ocrx_word' id='word_1_260' title='bbox 844 3609 965 3652; x_wconf 85' lang='lat' dir='ltr'><strong>contextu</strong></span> <span class='ocrx_word' id='word_1_261' title='bbox 984 3602 1070 3666; x_wconf 83' lang='lat' dir='ltr'><strong>posita</strong></span> <span class='ocrx_word' id='word_1_262' title='bbox 1087 3611 1139 3662; x_wconf 67' lang='lat' dir='ltr'><strong>ectr</strong></span> 
     </span>
     <span class='ocr_line' id='line_1_32' title="bbox 145 3693 1139 3762; baseline -0.003 -15"><span class='ocrx_word' id='word_1_263' title='bbox 145 3698 280 3750; x_wconf 76' lang='lat' dir='ltr'><strong>adnotatio</strong></span> <span class='ocrx_word' id='word_1_264' title='bbox 297 3699 367 3762; x_wconf 86' lang='lat' dir='ltr'><strong>prius</strong></span> <span class='ocrx_word' id='word_1_265' title='bbox 385 3699 481 3762; x_wconf 82' lang='lat' dir='ltr'><strong>scripta</strong></span> <span class='ocrx_word' id='word_1_266' title='bbox 498 3695 599 3744; x_wconf 87' lang='lat' dir='ltr'><strong>mansit.</strong></span> <span class='ocrx_word' id='word_1_267' title='bbox 636 3695 778 3747; x_wconf 78' lang='lat' dir='ltr'><strong>Infeliciter</strong></span> <span class='ocrx_word' id='word_1_268' title='bbox 801 3697 887 3746; x_wconf 85' lang='lat' dir='ltr'><strong>locum</strong></span> <span class='ocrx_word' id='word_1_269' title='bbox 907 3695 1014 3744; x_wconf 83' lang='lat' dir='ltr'><strong>tentavit</strong></span> <span class='ocrx_word' id='word_1_270' title='bbox 1030 3693 1139 3744; x_wconf 81' lang='lat' dir='ltr'><strong>Wexius</strong></span> 
     </span>
     <span class='ocr_line' id='line_1_33' title="bbox 145 3786 664 3853; baseline -0.008 -13"><span class='ocrx_word' id='word_1_271' title='bbox 145 3789 214 3841; x_wconf 76' lang='lat' dir='ltr'><strong>lius.</strong></span> <span class='ocrx_word' id='word_1_272' title='bbox 234 3790 285 3840; x_wconf 86' lang='lat' dir='ltr'><strong>Bb.</strong></span> <span class='ocrx_word' id='word_1_273' title='bbox 303 3789 354 3838; x_wconf 81' lang='lat' dir='ltr'><strong>rol.</strong></span> <span class='ocrx_word' id='word_1_274' title='bbox 375 3789 412 3853; x_wconf 81' lang='lat' dir='ltr'><strong>(n.</strong></span> <span class='ocrx_word' id='word_1_275' title='bbox 432 3787 465 3848; x_wconf 86' lang='grc' dir='ltr'>ι.)</span> <span class='ocrx_word' id='word_1_276' title='bbox 484 3786 540 3836; x_wconf 85' lang='lat' dir='ltr'><strong>XII</strong></span> <span class='ocrx_word' id='word_1_277' title='bbox 558 3802 584 3851; x_wconf 89' lang='lat' dir='ltr'><strong>p.</strong></span> <span class='ocrx_word' id='word_1_278' title='bbox 607 3791 664 3836; x_wconf 78' lang='lat'><strong>6³2.</strong></span> 
     </span>
    </p>
   </div>
   <div class='ocr_carea' id='block_1_7' title="bbox 0 0 1404 4646">
    <p class='ocr_par' dir='ltr' id='par_1_7' title="bbox 0 0 1404 4646">
     <span class='ocr_line' id='line_1_34' title="bbox 0 0 1404 4646; baseline 0 0"><span class='ocrx_word' id='word_1_279' title='bbox 0 0 1404 4646; x_wconf 95' lang='lat' dir='ltr'><strong> </strong></span> 
     </span>
    </p>
   </div>
  </div>
 </body>
</html>
