2800 4646
295 265 357 315 Lib.
372 264 399 314 X
767 265 824 322 196

259 449 403 508 uerutus
434 449 465 507 in
494 449 586 506 aciem
617 448 713 506 educti
740 447 916 523 adiungetur
936 447 1101 524 copulativa
1131 448 1226 524 prima
1254 467 1333 524 pars

259 555 450 632 expositionis
473 572 571 612 rerum
589 563 658 611 ants
678 573 806 631 pugnam
830 563 1071 630 preparatas-um,
1093 573 1181 629 quum
1204 573 1332 630 praser-

260 663 312 720 tim
334 662 399 738 ipso
421 660 504 718 verbi
525 669 672 737 tempora,
697 659 786 716 rediri
808 658 846 716 ad
867 657 999 735 superius
1021 667 1148 734 tempus,
1169 659 1331 718 indicetur:

260 767 507 842 subsidiaque
552 797 588 806 -
623 763 861 824 attribuerat.
930 761 1146 836 (Alscheislsius
1192 767 1335 841 exemplo

260 873 359 948 inepto
382 869 495 944 utitur.)
544 867 736 930 Scribondum
760 864 864 940 igitur:
887 866 1054 942 proferri
1074 868 1183 928 iubet.
1236 871 1334 930 Sub·

260 979 358 1038 sidia
379 977 456 1035 suis
478 993 628 1051 quaequc
649 972 742 1030 locis
765 982 819 1030 cet.
862 972 949 1032 Unde
971 992 1037 1048 quc
1059 953 1153 1032 ortum
1176 975 1222 1044 sit,
1245 978 1334 1032 exM

259 1083 380 1158 intelligi
410 1099 497 1158 possa
518 1080 642 1150 videtur,
663 1079 694 1136 in
718 1097 776 1153 quo
799 1087 856 1136 est:
878 1077 1128 1154 Subsidiaque
1152 1081 1228 1138 suis
1251 1101 1335 1156 quac

260 1187 353 1245 locis
376 1195 432 1245 cet.
525 1187 620 1244 Paulo
641 1192 710 1262 post
733 1188 763 1258 (ξ
788 1185 856 1258 12),
887 1185 937 1242 ubi
969 1185 1089 1261 legitur:
1115 1187 1335 1261 insequitur

261 1293 360 1351 acies
384 1299 516 1350 ornate
537 1300 760 1364 armataque,
783 1300 820 1346 ut
840 1291 1003 1348 hostium
1026 1310 1168 1366 quoquo
1190 1297 1333 1370 magni·

260 1399 375 1458 fiou'm
399 1395 652 1473 spectaculum
674 1405 790 1467 esset,
821 1397 959 1471 quoniam
988 1397 1146 1456 hostium
1177 1412 1335 1476 specta-

260 1505 379 1563 culum
407 1502 526 1575 (addito
552 1502 714 1577 praesertim
743 1499 903 1580 adiectivo)
929 1521 983 1578 pro
1006 1521 1059 1573 eo,
1094 1505 1172 1578 quod
1195 1507 1333 1565 hostibus

259 1612 420 1688 praebetur,
455 1607 542 1664 valdo
563 1607 746 1665 incommode
768 1607 890 1678 dieitur,
918 1608 1100 1666 scribendum
1125 1623 1169 1668 cst
1188 1621 1238 1670 aut
1261 1633 1331 1672 cum

260 1716 410 1776 Glareano
432 1713 532 1770 hosti
567 1723 618 1770 aut
638 1714 817 1772 hostibus.
870 1714 984 1772 Eodem
1017 1716 1104 1772 modo
1140 1736 1194 1792 pro
1226 1720 1332 1777 hosti

260 1830 311 1880 aut
332 1819 502 1878 hostibus
529 1819 559 1876 iu
589 1820 738 1878 codicibus
769 1821 907 1896 scriptum
939 1831 984 1878 est
1004 1822 1164 1879 hostium
1193 1823 1244 1880 lib.
1268 1825 1331 1893 lx,

261 1930 316 1996 37,
350 1929 382 1983 3:
414 1924 547 1982 deindo
568 1925 756 1984 instructa
786 1926 879 1996 (uoios
900 1927 1103 2000 Etruscorum)
1125 1928 1240 2004 primo
1263 1948 1331 1988 suo

259 2043 359 2092 staro
380 2031 478 2101 loco,
510 2031 643 2088 relicto
664 2031 826 2089 hostium
849 2031 893 2089 ad
915 2033 1168 2092 instruendum
1193 2037 1331 2110 spatio,

260 2139 310 2197 ubi
330 2155 406 2195 nunc
433 2137 528 2194 editur
548 2137 732 2194 hostibus.

350 2242 424 2319 Cap.
449 2247 503 2314 41,
542 2247 578 2301 10
609 2242 658 2319 (do
682 2243 863 2302 Samnitibus
886 2243 915 2300 in
938 2245 1049 2320 proelio
1075 2245 1113 2302 etl
1135 2247 1329 2321 Aquiloniam

258 2359 407 2427 postremo
429 2351 629 2408 Romanorum
652 2349 762 2424 impeta
785 2349 952 2425 perculsis):
974 2351 1063 2408 Tum
1085 2352 1155 2409 iarn
1177 2353 1328 2412 deorum

258 2456 515 2530 hominumque
545 2455 651 2512 victo
672 2453 742 2524 vis3
775 2453 985 2514 funduntur
1005 2455 1170 2514 linteatae
1198 2460 1328 2517 cohor-

258 2571 326 2633 tes3
353 2563 496 2638 pariter
525 2560 639 2618 iurati
669 2559 901 2635 iniuratique
930 2558 1077 2636 fugiunt
1104 2581 1168 2620 nec
1203 2583 1328 2639 quem·

259 2686 365 2742 quam
392 2674 526 2742 praetor
557 2666 685 2722 hostes
708 2673 879 2721 metuunt.
924 2667 1010 2724 Itane
1036 2668 1126 2726 vero?
1171 2670 1328 2728 Victuest

260 2773 298 2830 ab
320 2771 462 2831 Romanis
492 2771 612 2828 deorum
636 2753 686 2826 vis¹
701 2788 756 2844 pro
776 2769 956 2828 Samnitibus
983 2773 1083 2830 stans?
1124 2777 1199 2847 Imo,
1222 2777 1329 2852 inquit,

258 2879 351 2936 victus
372 2886 466 2934 metus
495 2877 615 2934 deorum
639 2887 669 2934 et
695 2876 836 2932 memoria
859 2875 965 2934 occulti
985 2879 1062 2936 sacri
1083 2881 1210 2956 dirosque
1241 2902 1328 2940 exsc-

258 2983 404 3054 crationis‚
430 3001 495 3057 quae
517 2983 656 3040 hactonus
678 2980 824 3041 Samnites
837 2999 855 3038 a
869 2979 941 3058 fuga
959 2985 1136 3044 retinuerant
1159 2985 1186 3066 (ᾗ
1205 2991 1222 3046 3
1247 2989 1327 3064 sqq.)

258 3107 381 3164 quosque
401 3088 473 3164 ipsis
494 3087 553 3147 illia
579 3088 689 3144 verbis:
719 3104 784 3143 noc
806 3104 1024 3163 quemquam
1046 3101 1178 3166 praeter
1198 3094 1328 3151 hostes

257 3204 429 3264 metuunt,
463 3203 563 3270 aperte
595 3193 801 3268 significantur.
851 3195 944 3268 Atqui
973 3215 1009 3253 aa
1037 3198 1223 3273 superstitio,
1261 3218 1328 3274 quae

327 3483 434 3547 petito
453 3481 604 3542 loedere,
625 3481 749 3531 totiens
769 3491 882 3546 rupta,
902 3491 974 3544 tum,
1000 3487 1104 3552 siqua
1127 3491 1326 3541 coniectura

327 3574 450 3622 mentis
469 3575 649 3635 divinaesit,
670 3573 756 3622 nulli
776 3588 914 3638 uuquam
934 3579 1096 3628 exercitui
1115 3579 1224 3632 luisse
1242 3585 1325 3635 inle-

327 3666 450 3715 stioros
466 3681 557 3728 quam
577 3666 631 3729 qni
651 3674 708 3727 cet..
728 3667 841 3715 ostendit
857 3669 983 3732 porticula
1001 3678 1065 3720 tum
1076 3689 1181 3737 prorsus
1190 3690 1325 3739 perversa;

327 3771 409 3821 nequo
436 3758 504 3806 euim
535 3760 593 3808 novi
621 3761 758 3824 quicquum
779 3760 964 3824 (preterea)
989 3763 1105 3824 additur;
1135 3767 1209 3816 aliter
1235 3780 1323 3820 autom

327 3848 408 3913 accipi
428 3851 524 3914 aequit.
568 3851 668 3900 Deinde
686 3851 721 3899 dii
740 3865 793 3900 nou
812 3859 879 3900 recte
903 3854 1022 3904 dicuutur
1045 3859 1164 3908 adessa
1182 3871 1325 3925 proptor

223 3967 225 3972 ·
327 3939 465 3990 foedere
479 3950 583 4006 rapte,
602 3945 697 3992 omisso
716 3958 755 4003 co,
775 3943 802 3992 in
821 3959 872 4008 quo
891 3949 1019 3996 sentcntia
1036 3950 1150 4014 vertitur,
1169 3952 1260 4002 adesse
1272 3955 1324 4004 ira-

327 4039 367 4082 tos
387 4040 493 4098 propter
511 4034 617 4085 foedera
635 4043 716 4100 rupta.
756 4037 808 4087 Sed
827 4039 1033 4090 emendationem
1054 4057 1106 4092 uon
1126 4045 1232 4108 reperio.
