2826 4640
607 292 667 350 649
840 251 846 258 ·
1000 292 1059 344 uns.
1074 293 1176 346 XLIII.

106 474 212 548 Itaque
232 472 397 532 neomario
419 491 495 547 quas
515 475 699 534 smibeudum
725 483 770 533 est
790 483 828 547 et,
850 476 990 550 quonism
1012 476 1176 549 durissime,

104 579 266 656 prasertim
286 577 458 654 interposito
480 587 577 651 sot-a,
605 581 643 640 ad
664 580 795 656 singulos
817 581 972 652 (turbati
998 624 1028 644 ..
1056 586 1174 657 erant)

105 685 247 742 transitur
267 693 296 742 et
316 682 431 760 inipso
453 683 554 743 codiee
588 697 632 746 eet
665 687 891 757 adventure,
923 685 961 744 sd
991 687 1054 746 luae
1086 687 1175 747 etiam

105 790 358 851 accommodando
389 790 541 848 turbata
573 801 602 850 ot
633 801 729 864 erat,
761 800 794 848 ut
828 791 890 850 haee
924 791 962 850 sit
997 792 1087 851 totius
1117 791 1175 852 looi

106 895 217 955 forma:
258 913 333 976 qu
366 903 401 953 et
422 895 555 970 serius,
585 916 613 974 q.
636 918 659 956 r.
681 917 720 974 μ,
751 905 800 968 ot,
828 897 962 973 raptim
985 907 1082 970 aeta,
1102 903 1175 962 tur·

107 1003 192 1066 bats
212 1020 320 1060 cursu
343 1001 419 1061 adv.
449 1002 554 1062 instr.
585 1011 620 1060 et
647 1022 697 1080 pr.
729 1006 810 1065 erat
831 1002 1048 1063 adventura.
1091 1003 1176 1063 Infra

106 1110 164 1180 §8
193 1107 377 1167 scribendum
408 1125 472 1166 esse
501 1108 646 1166 intrare
681 1107 874 1184 angustius
909 1109 985 1178 (eod.
1017 1110 1175 1184 introre‚

105 1215 173 1273 edd.
196 1213 378 1287 Introire),
400 1213 461 1271 dixi
484 1222 551 1272 aute
573 1213 687 1289 aliquot
708 1231 816 1284 annos;
837 1232 905 1272 nam
927 1215 1087 1275 introire
1108 1235 1175 1276 eum

107 1319 275 1379 accusativo
297 1337 356 1376 non
378 1318 472 1394 magis
493 1318 596 1377 Liuius
614 1337 705 1396 quam
727 1318 831 1378 CIeero
851 1319 929 1378 dioit.

192 1423 266 1501 Cap.
290 1425 380 1495 67,ss
414 1423 538 1501 (Consul
568 1427 603 1486 P.
625 1425 756 1485 Licinius
787 1424 922 1496 Lei-issa)
944 1425 1102 1484 Eumene
1124 1435 1175 1484 st·

107 1549 176 1607 que
196 1529 329 1590 Attalo
351 1529 491 1587 domum
514 1529 698 1593 remissis.
728 1529 958 1605 Misagenem
979 1531 1175 1589 Numidas·

106 1655 176 1713 que
212 1637 249 1694 in
291 1635 447 1694 hiberna
488 1635 524 1692 in
559 1634 741 1712 proximis
782 1634 986 1693 Thessalis
1024 1635 1174 1694 urbibus

106 1741 315 1800 distribuit.
371 1735 520 1800 Vitiosum
543 1748 587 1798 est
621 1738 848 1797 distribuere
880 1739 915 1798 in
949 1741 1107 1801 hiberus
1137 1741 1173 1799 in

106 1847 258 1906 urbibus
281 1848 348 1924 (pro
371 1865 417 1920 eo,
439 1847 519 1923 quod
543 1855 587 1904 est
610 1845 646 1903 in
667 1845 804 1919 urbes);
828 1846 921 1905 codex
943 1847 1045 1905 habet:
1067 1845 1174 1904 misa-

106 1953 432 2028 ehinnumidisque
454 1953 610 2011 hiberus
643 1949 682 2008 iu
703 1952 897 2027 proxumis
933 1961 998 2024 eet,
1029 1953 1086 2010 hoo
1116 1961 1174 2010 est:

108 2059 294 2135 Misageni
315 2057 559 2134 Numidisque
593 2057 748 2115 hiberna
772 2057 807 2115 iu
828 2059 1009 2134 proximis
1036 2059 1098 2116 Th.
1119 2075 1175 2115 ur·

27 2195 30 2202 ⁴
109 2165 217 2224 bibus
248 2163 449 2224 distribuit.
502 2163 598 2221 Paulo
619 2171 688 2238 post
723 2161 752 2237 (5
776 2163 817 2236 9),
854 2163 991 2238 quonism
1022 2162 1052 2220 in
1074 2161 1174 2220 codiee

101 2281 163 2328 eat:
197 2273 367 2330 Autrona
398 2267 834 2326 voluntstemoolentium
868 2267 1023 2344 recepit,
1063 2265 1173 2324 seribe-

103 2393 183 2434 mus:
217 2374 416 2432 voluntate
444 2371 693 2430 incolentium.
755 2371 966 2431 Inoolentes
986 2389 1041 2449 pro
1070 2371 1174 2430 incolis

104 2481 207 2539 Liuius
239 2479 314 2537 dixit
343 2477 428 2536 huius
449 2476 515 2535 libri
547 2494 573 2534 o.
604 2479 660 2548 5³,
684 2479 703 2534 6
725 2485 771 2547 et,
794 2476 919 2536 sirecte
942 2477 1070 2549 memini,
1092 2476 1172 2536 alibi.

105 2588 259 2644 Postremo
278 2603 302 2643 o.
322 2586 354 2641 ll
376 2581 534 2641 tollendum
551 2600 589 2639 ex
600 2582 769 2640 narratione
786 2581 878 2658 ipsius
894 2584 990 2642 eventi
1004 2583 1174 2660 plusquam·

104 2689 226 2768 perlecti
237 2688 375 2766 temporis
387 2688 508 2746 verbum
522 2687 779 2764 seribendumque:
797 2731 848 2750 ...
865 2707 941 2748 eam
958 2705 1174 2765 oppugnare

104 2797 337 2874 aggreditur.
398 2794 515 2854 Primi
551 2794 711 2852 omnium
742 2793 970 2853 Macedones
1007 2837 1036 2856 ..
1078 2801 1174 2851 metu

104 2909 352 2962 excesserunt
372 2897 453 2978 (eod.
483 2907 512 2956 et
533 2898 599 2956 edd.
622 2905 894 2972 excesserant);
926 2918 945 2957 a
967 2900 1100 2976 quibus
1120 2915 1175 2956 re-

105 3009 189 3066 lioti
223 3005 400 3084 oppidani
432 3004 469 3062 in
497 3003 729 3063 deditionem
758 3047 788 3068 ..
814 3005 977 3064 veniunt.

520 3429 600 3504 Lib.
626 3429 767 3504 XLIII.

192 3632 267 3711 Cap.
294 3641 321 3706 l,
347 3639 371 3694 l.
413 3635 449 3694 lu
475 3636 532 3694 hoe
563 3635 640 3694 libro
661 3632 827 3712 incipiendo
857 3629 928 3689 mibi
950 3629 1045 3688 oratio
1067 3647 1086 3688 a
1105 3645 1178 3687 uou-

106 3738 235 3798 iessione
263 3741 357 3818 eulpa
387 3749 417 3800 et
445 3741 553 3800 erroris
582 3749 635 3800 est
685 3741 766 3799 Nam
798 3755 888 3814 quum
910 3737 1040 3796 bedleem
1064 3733 1178 3794 Vindo-

109 3846 267 3906 boneusem
299 3865 327 3906 a.
363 3848 441 3906 1846
474 3845 647 3905 festinentur
674 3845 831 3922 inspleiens
862 3849 891 3900 et
921 3859 1018 3918 pauoa
1037 3839 1105 3898 iude
1126 3857 1178 3898 ex-

107 3969 230 4027 corpeus
251 3952 281 4010 iu
303 3971 368 4010 eam
393 3952 559 4028 opinionem
579 3951 741 4022 venissem,
772 3949 868 4026 ipsum
897 3947 1010 4006 initium
1039 3945 1107 4005 libri
1137 3944 1180 4004 sie

107 4055 150 4114 ibi
184 4057 285 4116 soribi:
330 4057 465 4116 Eadem
497 4065 626 4116 astute
660 4056 696 4114 in
731 4055 931 4114 Thessalia
965 4053 1112 4130 legatus
1143 4051 1179 4108 iu
