2820 4646
231 163 291 294 ἷίδ.
311 243 394 294 XLV.
734 245 793 304 612

235 429 351 504 quidem
384 428 431 486 hic
460 427 555 486 oratio
577 427 687 500 finitur)
706 425 870 484 necessario
892 428 974 486 dicit:
995 427 1152 488 formula
1176 431 1302 500 dicta,

235 536 336 611 leges
369 552 512 610 qnoque
543 551 581 591 se
608 535 775 591 daturum
806 534 980 591 ostendit.
1035 535 1177 594 Extrema
1206 537 1303 612 igitur

234 641 327 700 verbs
346 657 412 698 cum
432 641 534 716 primis
554 641 681 718 proximi
707 639 810 716 cepitis
836 639 1037 715 coniungenda
1064 652 1139 711 sunt
1172 661 1232 717 qua
1263 663 1301 700 re
1399 629 1400 632 ¹

235 747 359 806 efficitur
381 746 547 822 aptissimus
562 746 701 804 orationis
718 745 868 804 transitus:
890 745 1109 804 Macedoniae
1131 747 1301 805 formula

235 854 351 924 diets,
381 871 487 928 qnum
509 851 610 928 leges
632 871 775 928 quoque
802 851 1027 910 sedatorum
1053 852 1303 922 ostendisset,
1399 891 1400 896 κ

238 959 354 1020 AEtoli
376 957 506 1016 deinde
528 959 654 1029 citati3
685 959 720 1016 in
750 977 820 1034 qua
840 957 1055 1032 cognitione
1076 967 1129 1016 cet.
1172 958 1303 1034 Superi·
1399 963 1400 1000 t

236 1083 300 1137 ora,
322 1083 387 1140 quoe
408 1063 612 1140 disputationis
633 1064 670 1122 de
690 1062 866 1122 Macedonio
885 1063 946 1120 sine
967 1063 1026 1121 ullo
1044 1065 1229 1122 incolentium
1249 1064 1300 1121 in-
1399 1103 1400 1108 κ

236 1171 390 1230 commodo
411 1169 505 1228 divise
526 1169 738 1228 conclusionem
761 1168 907 1226 continent
920 1170 1097 1245 redeuntque
1118 1171 1157 1227 ad
1177 1179 1302 1228 senten-
1399 1141 1400 1170 ³

236 1277 306 1334 tism
320 1280 334 1346 ξ
349 1277 366 1333 2
381 1275 631 1352 positnm(ndeo,
656 1275 1029 1351 qnantsMacedonis
1049 1285 1154 1346 osset,
1175 1322 1203 1335 ..
1223 1277 1300 1333 Ms—
1399 1327 1400 1356 ζ

236 1383 393 1442 cedones
416 1401 559 1458 qnoque
581 1382 835 1458 ignorabant),
851 1381 893 1438 sic
912 1380 1064 1439 scribenda
1081 1383 1302 1440 essearbitror:

237 1489 369 1548 Divisa
390 1489 519 1564 itaque
539 1488 776 1554 Macedonis,
804 1488 964 1564 partium
991 1488 1120 1546 usibus
1146 1507 1299 1564 sepers-

236 1595 300 1664 tis,
323 1603 459 1670 quanta
480 1593 674 1672 univors[s
695 1589 1001 1668 essetJostendit
1043 1595 1219 1654 Universum
1230 1595 1305 1652 Ma·

236 1700 387 1758 cedoniam
409 1709 438 1758 et
459 1709 557 1778 partes
572 1700 734 1759 contrarios
748 1699 818 1774 poni
831 1706 940 1755 certum
962 1709 1020 1768 est;
1041 1719 1094 1758 nec
1116 1699 1152 1756 de
1174 1709 1301 1758 osten-

236 1807 289 1866 dit
308 1807 400 1864 verbo
422 1807 482 1865 nlla
502 1817 548 1866 est
569 1805 720 1865 dubitatio.

320 1909 393 1988 Cap.
418 1915 467 1983 31,
490 1917 523 1971 4:
554 1914 643 1972 Tria
671 1927 806 1987 genere
837 1907 1043 1986 principum
1066 1911 1102 1969 in
1133 1911 1300 1970 civitati-

237 2018 303 2075 bus
325 2015 464 2092 (Graecis)
487 2029 606 2091 erant3
629 2019 716 2088 duo,
739 2033 814 2092 quse
919 2016 991 2074 sibi
1011 2017 1186 2093 privatim
1208 2037 1301 2094 opes

237 2125 429 2202 oppressis
450 2125 641 2184 faciebant
663 2121 1175 2198 civitatibus(codcivitstem
1197 2123 1301 2200 sibi);

237 2231 391 2290 medium
413 2251 532 2304 unum,
565 2231 711 2306 utrique
743 2227 867 2304 generi
897 2228 1107 2298 adversum,
1142 2229 1295 2286 liberte·

237 2349 305 2396 tem
327 2348 362 2396 et
384 2338 485 2414 leges
507 2339 691 2396 tuebatur.
733 2333 806 2396 Cod.
831 2334 952 2392 media
970 2353 1040 2392 una
1065 2378 1095 2396 ..
1123 2335 1296 2406 adverse,

237 2461 302 2518 quse
330 2441 475 2501 femininae
504 2442 713 2502 terminationis
745 2440 907 2498 constantia
933 2439 1012 2497 aliud
1041 2441 1159 2500 subesse
1188 2441 1295 2516 arguit,

236 2568 325 2624 quum
346 2548 505 2626 presertim
520 2557 715 2626 perumrecte
735 2565 840 2605 unum
861 2565 973 2621 genus
995 2547 1146 2622 utrique
1167 2547 1294 2623 generi

237 2661 321 2723 (nour
343 2655 427 2713 hnic
449 2651 612 2733 utrique)
633 2655 823 2712 adversum
845 2652 966 2710 dicatur.
1014 2653 1138 2710 Videtur
1151 2653 1298 2712 excidisse

236 2771 346 2822 secta.
389 2762 463 2820 Mox
485 2765 540 2831 §5
572 2759 768 2832 (Secundis
799 2759 907 2816 rebus
937 2757 1026 2814 elati
1048 2759 1293 2817 Romanorum

235 2866 357 2943 partis
390 2866 469 2924 eius
502 2865 681 2939 fautores)
708 2865 880 2942 pravissime
916 2863 958 2921 sie
990 2865 1081 2922 rerba
1115 2865 1296 2924 collocantur

238 2973 494 3045 (Romanorum
526 2973 703 3049 transposito
735 2980 802 3047 post
830 2970 1014 3046 participium
1035 2972 1201 3048 copulatum
1226 2991 1291 3030 cum

236 3077 352 3136 nomine
386 3076 586 3155 fautores),
617 3078 701 3154 qussi
734 3075 899 3134 fautores
931 3079 1177 3136 Romanorum
1213 3079 1295 3137 eius

236 3183 354 3260 partis
395 3183 598 3260 significentur.
661 3182 879 3243 Restituendnm
912 3183 974 3240 sine
1004 3182 1063 3240 ulia
1099 3184 1295 3242 dubitatione:

237 3289 417 3350 Secundis
449 3292 557 3349 rebus
579 3293 821 3350 Romanorum
853 3287 942 3346 elati
966 3289 1086 3365 pertis
1117 3288 1196 3348 eius
1219 3291 1296 3364 (tto-

236 3403 342 3466 maure)
364 3396 539 3458 fautores.
588 3395 673 3471 (cod.
706 3395 815 3453 elatis
846 3393 1290 3468 Romanorumimpartis.)

236 3502 374 3578 Sequitur
398 3508 427 3574 (ξ
443 3505 472 3579 7)
495 3504 531 3561 de
551 3503 596 3561 his
609 3503 680 3580 ipsis
692 3504 831 3562 Romanor
852 3501 943 3578 pertis
965 3501 1142 3560 fautoribus:
1165 3499 1214 3558 Hi

237 3608 444 3686 implevere
465 3609 848 3685 surchlegstornm:
870 3609 952 3666 Non
974 3625 1035 3665 eos
1056 3615 1208 3676 tentum,
1231 3606 1292 3680 qni

236 3733 273 3772 se
294 3715 487 3791 propalam
508 3735 574 3792 per
594 3715 794 3773 vanitatem
815 3714 1019 3772 iactassent
1039 3722 1211 3787 tanquam
1231 3712 1290 3768 ho-

237 3821 355 3897 spites
378 3831 412 3878 et
432 3821 570 3878 amicos
592 3819 733 3892 Persei,
764 3819 826 3877 sed
848 3819 962 3878 multo
984 3819 1107 3896 plures
1131 3817 1226 3874 alios
1247 3835 1292 3876 ex
1399 3819 1400 3834 ¹

237 3927 384 3983 occulto
417 3925 582 3996 favisss;
617 3925 782 4000 reliquos
813 3945 876 4002 per
908 3926 1064 4002 speciem
1086 3923 1226 3982 tuendae
1246 3922 1290 3980 li-
1399 3945 1400 3970 t

236 4029 394 4087 bertistis
415 4032 449 4088 in
476 4031 647 4088 conciliis
677 4031 855 4090 adversus
877 4033 1061 4090 Romanos
1093 4028 1213 4088 omnis
1235 4027 1293 4086 in·
