2800 4646
588 290 646 346 395
947 289 1002 339 Lib.
1015 289 1145 339 XXXIV.

84 471 217 530 sissimus
253 481 298 530 eat
327 471 408 529 loeus
430 471 497 530 libri
517 469 660 541 XXVII,
684 472 742 542 33,
761 475 792 529 I:
826 482 897 530 turn
919 473 1035 531 adilis
1056 483 1143 546 erat,

85 577 167 652 quod
200 579 376 636 eontrarium
399 588 443 636 eat
476 579 502 635 ei
534 577 657 646 honori,
691 578 741 651 qui
770 587 831 636 tum
866 579 960 655 ipsum
992 580 1145 638 mundatus

86 687 251 748 narratur.)
297 684 402 759 Itaque
424 692 475 742 aut
496 684 647 741 dleendum
671 695 715 741 est
737 683 862 742 umbra
883 693 953 742 tum
969 696 1063 744 ortum
1082 703 1148 744 esse
1256 718 1261 727 ·

86 807 124 845 ex
147 790 271 846 umbra
293 791 427 847 etenim
449 798 519 860 aut,
553 808 612 864 quo
633 789 713 847 ducit
738 788 850 848 lieret
872 790 1054 866 (fierent),
1076 793 1147 850 seri·

86 894 229 950 bendum:
257 903 294 952 ut
315 896 537 958 umbraclum
565 895 696 967 (media
717 905 823 952 aestas
844 895 942 952 forte
965 896 1057 974 orat)
1080 916 1105 957 o.
1128 899 1145 958 i.

85 999 104 1054 l.
127 997 250 1058 fieret.
292 1001 370 1060 Nam
394 1001 573 1059 umbraclum
595 1000 627 1056 fit
650 1010 679 1056 et
700 1002 864 1060 exstruitur.
896 1002 923 1073 (ξ
946 1004 963 1060 9
987 1013 1079 1062 etex
1102 1005 1147 1062 ul·

85 1105 160 1162 tima
185 1104 281 1162 vocali
303 1106 331 1163 iu
354 1104 579 1182 Carthagine
600 1115 695 1163 ortum
717 1108 781 1178 est)

468 1315 545 1388 Lib.
586 1314 768 1386 XXXIV.

171 1450 245 1528 Cap.
268 1454 296 1524 2,
318 1455 335 1510 2
358 1449 402 1532 (in
422 1455 465 1512 M.
488 1453 609 1512 Catonis
631 1464 733 1511 contre
755 1455 973 1530 abrogationem
997 1455 1067 1531 legia
1084 1456 1145 1532 Op·

85 1559 142 1636 piae
164 1559 323 1630 oratione):
347 1560 449 1618 Nnno
471 1559 565 1618 dorni
586 1559 685 1617 vieta
706 1560 861 1618 libertae
883 1571 1013 1618 nostra
1033 1561 1145 1639 impo-

85 1665 204 1722 tentia
219 1665 390 1724 muliebri
410 1667 468 1724 hie
490 1683 637 1742 quoque
659 1666 694 1723 in
716 1665 799 1724 loro
821 1667 1002 1725 obteritur
1024 1677 1058 1725 et
1076 1668 1146 1725 eal-

85 1779 193 1827 eatur
215 1779 258 1841 et,
283 1773 367 1846 quia
391 1773 558 1850 singulas
581 1771 1052 1848 sustinerenonpotuImns,
1073 1774 1146 1832 uni·

85 1895 217 1934 versae
254 1879 449 1936 horremus.
509 1879 639 1935 Verbum
668 1878 851 1935 sustinere
879 1897 937 1937 non
971 1891 1015 1939 est
1049 1883 1078 1939 ln
1108 1882 1146 1950 133

85 1983 228 2040 novitium
248 2001 311 2040 esse
333 1985 473 2041 orationis
495 1984 661 2060 supplenda
693 1983 815 2042 fulcrum
838 1989 1026 2061 (quemquam
1049 1989 1146 2058 dell,

85 2101 119 2148 ut
141 2089 238 2147 multia
259 2090 346 2160 locis,
368 2091 439 2147 nihil
471 2089 619 2164 notetur),
652 2101 777 2166 arguunt
807 2092 892 2149 etiam
917 2092 1147 2151 Drakenborchii

86 2195 218 2265 codices,
249 2213 370 2270 quorum
399 2197 457 2252 duo
486 2197 585 2268 (Voss.
619 2207 647 2255 et
668 2197 741 2254 Lov.
767 2199 784 2255 6
815 2197 949 2273 aprima
971 2201 1070 2272 manu)
1092 2217 1146 2273 pro

85 2321 121 2358 eo
143 2303 342 2360 restituere
362 2303 479 2372 habent,
498 2319 572 2358 unus
590 2303 674 2374 (Lov.
699 2301 727 2376 Ι)
749 2303 987 2379 restringere,
1009 2313 1146 2379 postpo-

83 2407 217 2464 tuimus
231 2407 367 2484 positum.
396 2409 459 2465 Nee
480 2417 579 2484 aptum
592 2407 621 2464 id
641 2410 761 2467 verbum
784 2419 827 2466 est
849 2419 899 2466 aut
914 2409 1008 2486 ipsum
1029 2409 1147 2484 potui-

85 2531 170 2584 mus,
203 2513 340 2588 qnoniam
373 2532 438 2570 cum
469 2514 691 2588 reprehensione
719 2515 848 2573 notanda
874 2525 917 2573 eet
947 2533 1037 2572 eausa
1068 2515 1146 2582 mali,

85 2620 224 2677 omissum
249 2637 312 2676 esse
334 2619 373 2688 id,
396 2620 473 2694 qnod
496 2618 557 2677 fieri
578 2619 717 2679 debuerit.
763 2621 845 2679 Nihil
876 2620 1066 2696 supplendum
1089 2633 1148 2690 est,

86 2727 139 2784 sed
160 2725 317 2783 tollendum
337 2725 482 2795 mendum,
503 2725 581 2800 quod
596 2725 679 2783 latet:
705 2727 791 2803 quia
813 2727 975 2802 singulas
996 2745 1063 2784 non
1087 2727 1146 2790 de·

85 2832 243 2902 ulmus,
264 2831 458 2889 universas
480 2832 680 2888 horremus.

177 2935 249 3013 Cep.
272 2937 307 3008 3,
345 2941 355 2994 1
392 2937 433 3008 (in
468 2935 754 3014 ea‹1em0rati0ne):
792 2939 994 2996 Recensete
1027 2939 1147 2996 omnin

86 3043 283 3100 muliebria
304 3041 397 3112 iura,
427 3041 556 3117 quibus
577 3041 766 3100 licentiam
798 3061 919 3102 earnm
952 3044 1144 3120 adligave-

86 3149 159 3205 rint
182 3147 343 3205 maiores
365 3147 489 3206 nostri.
535 3148 634 3206 Putidi
655 3149 753 3207 neseio
775 3150 844 3224 quid
865 3151 954 3208 habet
973 3151 1045 3208 illud
1067 3169 1148 3208 om-

85 3254 155 3324 nia,
178 3253 262 3327 qnasi
284 3255 443 3311 cavendum
465 3253 511 3324 sit,
529 3273 565 3311 ne
586 3253 676 3312 ullum
698 3255 856 3324 omittatur,
878 3275 965 3331 quum
987 3255 1145 3331 presertim

86 3368 164 3415 reete
186 3369 215 3415 et
238 3368 305 3436 apte
327 3360 512 3436 adiungatur:
535 3359 669 3434 quibus
692 3362 858 3419 omnibus
880 3357 959 3438 (quar
980 3369 1025 3417 tot
1046 3380 1148 3418 nume-

85 3483 118 3522 ro
152 3465 314 3541 reperietis)
352 3465 581 3523 constrictas
603 3465 667 3522 vix
688 3477 806 3523 tamen
828 3467 1016 3523 continere
1043 3476 1146 3542 pote·

85 3570 163 3628 stis.
220 3573 256 3628 In
277 3573 303 3630 B
326 3581 383 3628 est:
411 3572 549 3629 Recens
584 3579 618 3628 et
652 3590 692 3628 ea
726 3569 861 3640 omnim
890 3571 1022 3647 suspicor
1045 3573 1146 3631 inille

85 3677 292 3734 Recensete
324 3695 343 3734 a
372 3675 616 3734 onrnialatere:
651 3679 855 3735 Recensete
882 3677 1003 3735 animo
1024 3677 1147 3734 mulie-

86 3781 167 3838 bria
188 3777 315 3856 iura¹)

103 3968 127 4030 ι)
157 3974 172 4035 5
191 3977 206 4022 5
226 3972 425 4037 oulqueexB
443 3986 490 4034 pro
508 3971 658 4036 cuiquam
672 3981 740 4022 recte
759 3983 888 4038 reeepturu
907 3971 1058 4026 videan.
1071 3971 1149 4022 Altos

155 4065 285 4115 allatura
303 4065 477 4114 destructuros
496 4061 562 4114 Cato
581 4065 653 4118 dtett.
