2800 4646
601 273 660 331 263
960 271 1126 322 Linxxm.

185 437 261 528 Cap.
288 455 364 524 18‚5
387 455 437 521 (de
459 453 676 529 oppugnatione
687 451 834 527 Casilini):
856 454 1161 514 PostremoHau·

97 559 212 629 nibal,
234 559 372 616 castris
394 567 478 616 ante
498 559 582 634 ipsa
611 559 756 616 moenia
784 559 991 634 oppositis,
1012 579 1161 636 parvam

100 665 225 722 urbem
246 706 275 724 ..
297 681 515 738 oppugnare
534 672 654 740 parat.
683 661 790 720 Castra
810 682 869 720 non
891 673 1085 740 opponuntur,
1106 665 1161 722 nisi

98 786 166 842 quaa
191 767 269 824 hosti
290 769 426 843 progredi
442 769 558 826 conanti
582 768 767 838 obiiciantur3
790 769 820 826 in
845 770 896 826 tali
917 789 964 840 re,
991 770 1084 844 qualis
1112 771 1159 828 hio

96 882 245 942 narratur,
268 871 345 942 alibi,
367 871 397 928 ni
418 870 514 944 fallor,
527 892 641 949 semper
663 881 789 930 castra
810 883 893 930 ante
915 874 996 949 ipsa
1016 876 1162 934 moenia

96 977 225 1053 posita
245 975 387 1036 dicuntur.
440 977 569 1049 Vereor,
598 997 634 1035 ne
656 995 698 1053 op
720 987 815 1035 ortum
848 979 886 1034 sit
908 997 945 1035 ex
968 980 1162 1054 geminatione

97 1082 203 1140 litterae
224 1101 242 1161 p
263 1090 292 1137 et
312 1081 484 1156 procedenti
507 1077 569 1158 ι’)

183 1183 280 1262 *Cap
314 1187 369 1255 20,
402 1189 419 1243 6
458 1187 575 1259 (Patres
615 1187 742 1246 Romani
775 1185 936 1262 Petelinos)
969 1188 1162 1246 consulere

97 1291 354 1366 sibimetipsos
389 1292 426 1348 in
457 1291 636 1366 reliquum
668 1291 842 1368 praesenti
873 1289 1024 1348 fortuna
1044 1293 1161 1350 insse·

97 1407 192 1455 runt
251 1395 329 1469 Quid
360 1396 397 1452 sit
430 1398 623 1455 consulere
655 1398 728 1454 sibi
762 1395 934 1472 praesenti
961 1393 1112 1454 fortuna
1133 1407 1162 1455 et

98 1501 177 1576 quod
200 1501 256 1558 hoc
278 1500 398 1558 ablativi
420 1520 520 1576 genus,
544 1503 641 1560 doceri
662 1501 760 1561 velim.
814 1499 880 1556 Nisi
901 1499 931 1556 id
953 1501 1004 1570 lit,
1027 1500 1092 1576 (nec
1113 1501 1160 1560 fu·

98 1617 194 1662 turum
218 1606 322 1680 opinor
342 1607 394 1677 ita,
416 1616 448 1664 ut
469 1606 601 1664 assentiri
613 1605 975 1681 possim,)Liviumdicam
996 1605 1161 1681 scripsisse:

97 1729 163 1786 pro
185 1711 360 1786 praesenti
381 1711 547 1782 fortuna,
568 1713 624 1768 hoc
654 1721 712 1780 est,
739 1720 772 1768 ut
797 1728 925 1786 praesens
949 1711 1066 1768 lortuna
1083 1710 1161 1768 sine-

98 1810 184 1890 ret.²)

188 1917 262 1994 Cap.
286 1921 344 1990 25,
367 1923 400 1977 3:
428 1922 516 1978 Tum
541 1919 585 1976 Ti
615 1920 850 1996 Sempronius
879 1961 929 1982 ...
956 1929 1082 1994 patres
1104 1929 1162 1976 est

99 2025 331 2090 adhortatus,
356 2043 407 2094 ne,
430 2025 493 2098 qui
515 2023 700 2082 Cannensi
722 2023 831 2082 ruinae
853 2042 922 2080 non
948 2024 1160 2082 succubuis-

98 2137 186 2198 sent,
209 2128 253 2184 ad
275 2129 432 2186 minores
455 2129 691 2187 calamitates
719 2128 858 2188 animos
885 2129 1160 2198 submitterem

99 2235 194 2310 quod
228 2235 272 2290 ad
310 2233 646 2310 Carthaginienses
681 2235 808 2290 hostes
842 2233 1161 2309 Hannibalemque

98 2339 284 2410 attineret,
305 2357 486 2414 prospera
508 2338 615 2394 modo
638 2346 777 2410 essent,
799 2338 894 2396 sicut
916 2346 1084 2415 speraret
1104 2337 1160 2394 fu·

99 2451 194 2520 tura,
232 2443 417 2504 Gallicum
449 2443 581 2502 bellum
618 2453 653 2500 et
688 2444 810 2502 omitti
841 2453 921 2501 tuto
956 2453 990 2500 et
1011 2441 1161 2499 differri

98 2567 214 2624 posse.
281 2549 351 2608 Non
378 2559 450 2624 puto
481 2556 559 2606 recte
587 2548 660 2620 dici,
693 2548 771 2606 nullo
800 2549 944 2606 subiecto:
981 2564 1161 2622 prospera

99 2663 189 2725 sunt,
215 2654 315 2728 quod
336 2653 379 2710 ad
402 2651 737 2728 Carthaginienses
758 2654 908 2724 attinet,
930 2672 984 2728 pro
1009 2672 1059 2722 eo,
1082 2653 1161 2727 quod

98 2767 141 2815 est
160 2777 344 2834 prospera
364 2777 431 2828 res,
449 2775 629 2834 prospera
650 2759 783 2828 omnia3
805 2759 958 2835 ipsumque
970 2757 1160 2833 illud:quo‹l

100 2863 143 2920 ad
162 2861 285 2922 Carth.
307 2865 336 2923 h.
359 2863 683 2939 Hannibalemque
704 2864 903 2936 attineret,
933 2863 957 2921 si
979 2863 1111 2921 absolute
1133 2872 1162 2920 et

101 2979 183 3026 extra
204 2969 323 3045 reliqua
345 2969 485 3026 orationis
507 2987 613 3026 nexum
635 2968 770 3044 ponitur,
804 2968 919 3026 videtur
951 2969 1095 3045 pertinere
1122 2968 1161 3025 ad

98 3187 295 3201 ¹·—

167 3307 359 3360 Hannibale
377 3309 521 3376 vinoelre
539 3308 765 3376 dirce]ntiboa
782 3312 974 3364 dilfioilios
989 3313 1159 3376 luitquam

168 3411 285 3464 postea
304 3403 445 3453 vincere.

119 3485 140 3550 ¹)
169 3491 209 3541 De
227 3507 248 3543 o.
270 3498 309 3553 ts,
331 3500 362 3544 lt
380 3494 489 3545 Vossius
512 3503 537 3544 et
555 3509 604 3558 ego
621 3496 770 3546 erravimus.

118 3576 142 3640 'l
169 3585 225 3634 lloo
246 3585 287 3639 W.
309 3588 405 3650 recepit
451 3585 723 3652 Quotidianae,
744 3593 759 3636 b
780 3588 951 3636 coniectorem
973 3585 1084 3635 laceram
1104 3584 1160 3648 (bi-

168 3677 220 3726 nis
238 3680 462 3743 senatoribus,
482 3679 601 3742 quibus
620 3680 691 3742 cet),
711 3693 770 3728 enm
788 3677 1012 3728 Weissenbornius
1030 3693 1047 3727 a
1064 3677 1160 3726 Vosaio

169 3779 295 3834 sumptam
314 3772 407 3836 poenit
443 3771 575 3834 Fugerent
593 3785 632 3820 me
654 3771 704 3820 illas
718 3771 805 3822 Vossii
824 3771 1023 3821 emendationes„
1059 3769 1158 3818 Eodem

168 3875 223 3926 cap.
243 3861 257 3923 5
277 3865 292 3910 8
319 3862 398 3911 miror
415 3869 523 3912 aetum
548 3861 662 3928 proferri
681 3863 830 3912 certissima
857 3859 982 3910 Gronovii
1008 3862 1159 3910 coniecturae

168 3953 291 4002 iaetnm
309 3952 396 4017 (codd.
416 3953 560 4018 tactum).
601 3953 681 4004 Nulla
699 3955 753 4004 elur
772 3954 808 4003 rei
827 3952 910 4002 luerat
928 3952 1005 4012 notio,
1024 3953 1068 4001 sed
1087 3965 1160 4000 men·

170 4044 204 4094 tio
222 4045 408 4095 inconsiderate
426 4047 501 4096 iacta.
