2810 4644
284 267 339 316 Lib.
358 267 443 316 XXX.
778 270 838 326 ‘350

282 451 611 528 ingenahominum
635 451 878 510 contulitvis.
921 451 1143 510 Massinissa
1163 461 1217 508 oet.
1256 451 1327 508 Tatn

283 557 503 616 manifestares
525 565 584 627 est,
617 569 648 614 ut
679 559 730 614 vix
761 558 969 616 dubitationem
991 557 1154 614 habituram
1184 575 1248 614 esse
1271 573 1328 612 cre·

283 665 359 721 dam.
408 663 531 721 Accedit
551 663 639 739 igitur
660 665 716 722 hoc
743 664 906 740 exemplum
927 663 1052 740 plurium
1074 663 1159 720 simul
1178 663 1328 720 verborum

281 787 335 826 sua
357 769 424 826 sede
446 779 590 826 motorum
618 779 647 827 et
672 771 703 828 in
723 769 847 828 alienum
875 769 1021 827 illatorum
1042 769 1080 826 ed
1103 787 1158 840 ea,
1194 787 1258 844 quse
1294 767 1330 824 ad

281 875 387 944 xxn,
414 878 458 945 10,
483 877 500 930 3
523 885 551 931 et
572 875 661 944 vm,
681 879 726 946 10,
753 878 787 934 tt
812 885 915 934 notata
937 884 1013 934 sunt
1061 944 1062 947 Ἴ
1114 875 1209 933 Paulo
1231 878 1330 950 post§

282 981 299 1036 8
334 979 412 1054 quod
445 999 537 1056 nuper
568 999 584 1036 e
614 981 761 1040 codicibus
782 990 937 1040 retractum
966 981 1221 1038 Weissenbornius
1247 979 1331 1036 tecite

210 1075 214 1084 ’
279 1085 382 1146 tenuit:
405 1103 469 1142 noo
491 1085 596 1142 minis
617 1105 683 1144 nec
704 1087 892 1145 suadendo
915 1095 998 1143 ante
1019 1087 1136 1143 valuit
1152 1105 1257 1162 quam
1277 1105 1333 1142 rex

278 1190 424 1248 vinctus
446 1191 480 1248 in
503 1203 737 1269 conspectum
758 1193 866 1250 datus
890 1203 986 1250 esset
1008 1195 1073 1268 (pro
1095 1202 1163 1262 est,
1185 1192 1266 1268 quod
1287 1211 1332 1250 su-

278 1297 407 1372 periores
424 1298 597 1368 habebunt),
623 1307 766 1374 repugnat
795 1297 938 1354 constanti
958 1299 1035 1356 Livii
1063 1299 1092 1356 in
1116 1299 1171 1357 hac
1194 1298 1332 1356 orationis

278 1402 374 1460 forme
391 1404 472 1475 (non
493 1414 577 1461 ante
604 1447 633 1465 ..
660 1401 779 1480 quam)
800 1404 1014 1473 consuetudini,
1038 1413 1067 1461 et
1097 1403 1182 1462 facile
1198 1403 1332 1478 frequen·

277 1519 378 1583 terque
410 1519 621 1566 commutantur
652 1519 707 1566 est
737 1519 766 1565 et
797 1522 899 1566 esset
928 1511 1077 1583 (sequente
1111 1510 1272 1584 praesertim
1303 1519 1331 1574 11.

277 1615 358 1671 Idem
380 1614 514 1672 mendum
536 1635 551 1671 e
573 1615 636 1675 cod.
659 1615 829 1690 Mogontino
854 1615 883 1671 in
905 1614 1044 1672 editiones
1074 1631 1127 1689 per
1149 1615 1330 1674 Gronovium

277 1721 355 1777 venit
377 1721 427 1779 lib.
450 1721 612 1784 XXXIV,
635 1723 673 1790 8,
697 1723 727 1778 2:
760 1739 824 1778 nec
851 1731 934 1778 ante
955 1720 1197 1790 abstiterunt3
1229 1741 1330 1797 quam

276 1827 430 1883 remissa
458 1827 501 1883 ab
530 1827 690 1884 tribunis
717 1827 937 1884 intercessio
962 1835 1077 1896 esset3
1106 1825 1330 1902 Bambergeusis

276 1941 305 1988 et
326 1932 412 1988 ceteri
431 1931 544 1990 codices
568 1942 645 1990 recte
675 1942 731 1990 est
761 1931 1064 2006 (intercessiost)‚
1093 1930 1172 2006 quod
1192 1932 1259 2008 ipse
1282 1933 1329 1990 W.

275 2039 424 2096 revocavit
457 2039 498 2112 (in
525 2038 570 2096 ed.
593 2039 720 2110 Tenba.)
747 2047 776 2096 et
804 2039 845 2096 ita
870 2039 984 2096 Livium
1012 2037 1093 2111 loqui
1124 2037 1207 2096 dixit.
1264 2039 1329 2097 Non

275 2155 372 2201 movet
394 2163 441 2202 me
463 2162 536 2202 unus
556 2144 585 2201 in
609 2145 672 2203 cod.
695 2145 915 2203 vindobonensi
941 2143 1102 2200 contrarius
1123 2143 1206 2200 Iocus
1233 2142 1329 2207 XLV,

284 2255 330 2322 11,
354 2253 386 2308 3:
408 2269 476 2310 noo
498 2251 600 2328 prius
629 2250 773 2308 destitit
798 2251 946 2308 mittere
979 2267 1082 2323 quam
1109 2267 1236 2324 pacem
1259 2267 1331 2307 curn

279 2356 324 2414 iis
346 2357 596 2414 confirmaret
655 2357 776 2430 (Similis
804 2375 886 2413 error
905 2365 973 2431 post
1001 2355 1113 2412 donec
1136 2354 1242 2426 XLV,
1262 2359 1294 2422 7,
1315 2358 1330 2409 t

279 2463 385 2520 codicis
395 2463 485 2539 ipsius
499 2465 604 2522 indIcio
617 2464 792 2538 coarguitur.
821 2462 923 2537 Longe
932 2461 1076 2518 diversam
1091 2461 1235 2519 rationem
1247 2461 1334 2518 hebet

279 2568 478 2644 imperfectum
501 2571 675 2629 coniunctivi
698 2569 833 2638 XXXV,
850 2569 898 2638 25,
923 2571 940 2625 3
964 2577 1032 2644 poet
1054 2587 1124 2625 non
1148 2576 1232 2624 unte
1257 2565 1333 2624 ansi

280 2691 479 2749 capessere
492 2673 625 2732 bellum
646 2691 751 2748 quarn
764 2685 826 2744 cet,
838 2673 887 2730 ubi
897 2693 961 2732 cum
976 2675 1117 2732 infinitivo
1128 2673 1332 2749 coniungitur.)

362 2778 434 2857 Cep.
462 2782 515 2850 13,
542 2783 591 2837 1οι
614 2779 762 2855 (Syphax)
784 2779 969 2836 insanisse
993 2779 1099 2856 (sese)
1119 2776 1332 2837 fatebatur.

279 2885 342 2942 sod
363 2904 432 2942 non
449 2897 521 2943 tum
543 2886 693 2956 demum,
715 2903 819 2959 quum
841 2905 941 2943 arma
963 2886 1142 2943 adversus
1170 2903 1250 2961 pop.
1274 2887 1332 2943 Ro.

279 2990 452 3065 cepisset;
477 2993 613 3050 exitum
635 2991 693 3049 sui
716 2989 854 3046 furoris
875 2989 1000 3062 fuisso,
1021 2989 1331 3066 nonprinoipium.

280 3093 338 3167 Qui
359 3094 400 3152 sic
421 3093 635 3174 dicit(exitus
656 3096 797 3154 furoris
819 3096 888 3154 mei
908 3095 1071 3169 fuit‚non
1092 3095 1332 3173 principium).

279 3199 406 3258 furorem
427 3219 510 3259 suurn
533 3202 690 3276 aliquando
711 3201 822 3259 initium
844 3203 990 3273 habuisse,
1011 3203 1096 3258 finem
1117 3220 1176 3258 non
1197 3201 1332 3258 habuisse

279 3307 435 3382 significet,
458 3308 537 3384 quod
557 3307 708 3367 ridIcqum
730 3317 787 3376 est3
816 3308 953 3379 adeam,
975 3327 1039 3384 quaa
1059 3307 1245 3384 postulatur,
1269 3325 1332 3363 sen-

280 3413 398 3470 tentiam
421 3412 601 3472 efficiendam
625 3413 728 3472 Latine
749 3413 901 3470 dicendum
923 3423 981 3472 est:
1013 3414 1147 3472 exitum
1172 3431 1249 3470 eum
1276 3411 1332 3470 sui

279 3518 416 3576 furoris
435 3519 568 3590 fuisso,
587 3537 656 3577 non
677 3540 726 3595 pr.
778 3519 817 3577 Et
837 3539 912 3576 eum
945 3519 1103 3576 desiderari
1123 3529 1254 3576 senserat
1274 3520 1332 3576 iam

279 3625 394 3699 ignotus
416 3625 520 3700 uliquis
541 3628 639 3696 horno,
663 3625 742 3683 cuius
764 3625 927 3682 emendatio
948 3626 978 3682 in
1001 3623 1332 3684 cod.Hnrl.etGee1-tn.

279 3741 383 3800 exstat,
404 3729 434 3787 in
451 3731 517 3790 Ioco
540 3741 651 3790 tanturn
674 3730 822 3808 particulae
847 3730 1006 3788 inserenda
1032 3748 1141 3788 errans.
1183 3729 1332 3789 Gronovi-

281 3855 337 3907 um,
359 3855 448 3911 quum
471 3837 565 3894 Iocum
587 3836 692 3894 rectius
714 3857 731 3894 e
752 3835 899 3895 codicibus
920 3837 1115 3902 constitueret,
1138 3837 1195 3894 hoc
1217 3855 1331 3912 quoque

278 3941 462 4012 emendasse,
489 3959 546 3998 non
576 3941 808 4000 animadversum
841 3941 962 4002 videtur.
1024 3941 1118 4016 Quam
1147 3940 1234 3999 facile
1257 3959 1329 3999 eum

280 4055 347 4120 post
366 4055 437 4102 turn
459 4045 605 4118 exciderit,
627 4056 714 4122 patet.

368 4147 443 4224 Cep.
471 4151 518 4220 18,
539 4155 555 4207 ’1
579 4152 640 4224 (ubi
661 4162 796 4210 narratur
827 4153 969 4229 proelium
997 4153 1027 4209 in
1049 4153 1149 4212 Galba
1170 4155 1244 4211 inter
1267 4153 1328 4209 Ma·
