2826 4640
595 270 653 326 titt
1028 269 1086 318 Lib.
1098 269 1155 323 XL.

90 451 224 526 gtmtim.
286 449 477 510 Scribendum
509 451 637 508 videtur:
679 469 742 509 nec
781 451 883 510 aliud
915 471 1156 529 magnopere,

89 577 156 621 cnr
186 559 326 620 tlclsee
356 554 545 625 crederes,
578 555 714 614 fecisse
735 559 937 628 Romanos,
966 558 1036 616 nisi
1058 561 1155 634 quod

89 673 241 741 postero
264 663 321 720 die
342 658 579 720 lacessierint
601 663 745 738 proelio
768 673 954 720 manentes
970 664 1067 722 intro
1082 665 1154 722 vel·

92 771 183 844 lum;
205 767 329 844 spolie
349 785 413 842 per
433 775 549 824 totum
573 769 665 827 diem
687 768 836 844 legisse.
880 769 1020 845 Mn'gnem
1041 781 1155 846 portem

89 874 278 934 correctionis
306 871 475 930 Gronovius
509 875 667 948 proecepit,
704 875 758 931 nisi
793 875 871 949 quod
916 885 1063 950 post-reme
1093 878 1155 934 beto

92 981 272 1057 tepolis..
301 975 542 1052 legisse),quae
564 997 628 1036 cum
652 979 791 1038 fecisse
812 980 994 1056 copulentur,
1016 981 1155 1038 violenter

89 1107 157 1146 eum
179 1083 417 1144 lacessierint
429 1083 603 1159 coniungere
616 1095 738 1142 conatus
752 1093 810 1156 est3
822 1084 852 1142 in
870 1094 1000 1142 monstro
1015 1085 1065 1142 illo
1079 1086 1154 1143 ber·

91 1190 172 1247 biee
195 1197 223 1246 et
244 1189 364 1264 propius
386 1188 424 1246 ed
446 1189 569 1264 vestigio
591 1189 698 1246 codicis
716 1189 828 1264 (qualis
849 1189 965 1264 quidem
986 1191 1016 1248 in
1031 1191 1155 1250 editione

91 1313 231 1371 expresse
252 1297 332 1370 eunt)
354 1295 511 1352 secessisse
522 1293 625 1352 videor
640 1303 667 1352 et
678 1296 830 1352 rectiorem
843 1297 1014 1354 sententiam
1025 1294 1155 1355 effecisse

91 1419 180 1476 quem
203 1399 372 1459 Gronovius
404 1399 459 1472 (ne
494 1393 614 1458 victos
641 1401 831 1471 crederes).
890 1401 958 1458 Non
987 1401 1074 1458 modo
1096 1419 1153 1458 non

90 1505 161 1562 victi
182 1523 254 1572 esse,
276 1505 326 1562 sed
349 1505 452 1562 vicisse
473 1505 599 1562 Romani
623 1505 715 1564 videri
737 1505 884 1566 volebant.

177 1609 248 1686 Cup.
273 1615 320 1678 51,
343 1611 378 1670 2:
414 1610 536 1685 Opera
564 1613 712 1684 (censores
747 1611 789 1668 M.
811 1611 950 1668 AEmilius
971 1621 998 1668 et
1020 1611 1061 1668 Μ.
1083 1611 1153 1670 Ful·

91 1716 169 1792 vius)
202 1736 244 1774 ex
266 1715 425 1792 pectinis
457 1715 643 1772 attributa
674 1716 868 1792 divisoque
899 1717 996 1774 inter
1023 1734 1059 1772 ee
1080 1716 1153 1772 haec

90 1821 337 1880 confecerunt.
381 1820 559 1880 Conficiendi
585 1821 707 1877 verbum
738 1822 913 1897 singularem
935 1823 1044 1880 bebere
1065 1821 1153 1896 signi·

91 1927 256 1986 ficationem
292 1937 321 1984 et
350 1928 387 1985 sb
420 1929 477 1984 hoc
507 1927 573 1984 loco
607 1925 731 1983 elienem
753 1928 886 1997 videtur,
918 1929 969 1986 ubi
999 1927 1155 2004 requiritur

92 2032 253 2090 communie
279 2033 364 2090 huius
388 2034 430 2090 rei
460 2031 634 2109 appellatio:
667 2050 780 2106 opere
809 2078 837 2092 ..
877 2034 949 2092 baec
986 2033 1155 2091 fecerunt

93 2139 221 2214 (XLIV,
247 2142 300 2209 lii,
323 2141 355 2194 9:
391 2139 436 2196 nd
463 2157 577 2215 opere
598 2135 972 2213 publicelecicude);
1005 2158 1042 2196 ex
1063 2139 1153 2215 gemi-

91 2252 162 2300 nate
182 2243 278 2302 littere
307 2263 322 2306 c
344 2253 438 2302 ortum
459 2263 524 2301 con
546 2243 633 2302 credo
659 2241 964 2316 (hoecofeceruut).
1057 2246 1152 2304 Penio

90 2357 159 2422 pcst
180 2353 205 2418 (ξ
228 2347 272 2426 t),
293 2349 343 2406 ubi
365 2349 466 2408 Livius
488 2367 507 2406 e
529 2349 561 2406 M
583 2347 689 2407 Fulvio
711 2347 809 2404 locate
832 2357 933 2404 nemsi
953 2357 1097 2426 portum
1120 2359 1154 2406 et

90 2453 188 2528 pilae
208 2455 334 2529 pontis
356 2455 390 2512 in
414 2454 586 2524 Tiberim,
608 2452 740 2528 quibus
761 2451 848 2526 pilis
870 2451 1037 2512 fornices
1064 2497 1093 2515 ..
1115 2456 1151 2512 P.

91 2557 218 2634 Scipio
239 2559 442 2618 Africanus
471 2569 505 2617 et
528 2560 562 2616 L.
586 2555 780 2616 Mummius
802 2575 983 2618 censores
1007 2560 1152 2618 locove-

90 2675 178 2722 runt
201 2666 452 2742 imponendos,
474 2684 532 2723 non
547 2662 747 2737 dubito,quiu
767 2663 927 2738 scripserit:
950 2666 1046 2741 pilos
1067 2685 1151 2742 pon·

89 2771 138 2828 tis
156 2771 191 2828 iu
212 2771 350 2842 Tiberi,
375 2771 508 2846 quibus
530 2780 583 2830 cet.
607 2779 671 2826 eut:
695 2768 790 2843 piles
812 2770 938 2844 pontis
959 2771 1151 2842 inTiberi,

89 2876 279 2951 inquibus
303 2887 356 2936 cet.
411 2877 489 2934 Nem
512 2883 657 2951 pontem
679 2874 714 2930 in
736 2874 902 2934 Tiberim
928 2876 1066 2948 fecere,
1097 2877 1151 2936 lo·

89 3001 174 3039 cere
195 3001 288 3057 neque
308 3001 363 3040 usu
384 2980 548 3040 defenditur
570 2997 663 3054 neque
692 2980 813 3040 ratione.

174 3086 247 3164 Cep.
282 3091 336 3159 53,
365 3091 399 3146 3:
433 3085 617 3146 Celeriter
654 3092 688 3140 et
721 3103 763 3140 ex
794 3085 989 3161 provincie
1019 3086 1152 3144 littere

89 3193 237 3252 Romam
259 3202 449 3252 venerunt.
494 3193 585 3250 Recte
611 3189 867 3250 Weissenboruiue
895 3191 1017 3250 eltersm
1038 3203 1151 3267 portem

88 3299 255 3369 sententies,
282 3298 363 3356 cuius
390 3297 528 3355 indicium
557 3289 628 3352 iecit
652 3295 795 3370 particulo
817 3305 870 3367 et,
895 3297 1037 3356 excidisse
1058 3307 1151 3373 putet,

89 3423 149 3478 qua
170 3403 302 3479 suppletu
324 3413 395 3478 apto
416 3403 470 3460 erit
491 3399 647 3458 eeleritstie
669 3401 787 3470 mentio,
809 3401 916 3460 sivein
938 3404 1013 3460 henc
1037 3412 1151 3460 senten-

87 3509 158 3566 tism
191 3509 291 3567 Livius
317 3508 452 3585 scripsit:
483 3503 666 3564 Celeriter
695 3503 746 3580 [et
774 3525 815 3564 ee
845 3517 953 3582 geete
974 3518 1077 3566 erent
1099 3505 1149 3586 et]

88 3633 131 3672 ex
153 3615 348 3689 provincia
368 3613 502 3670 littere
530 3612 567 3670 R.
590 3629 630 3682 v.,
651 3611 713 3670 sive
733 3611 830 3688 potius
853 3611 883 3670 iu
906 3613 995 3671 hene:
1017 3611 1151 3672 Celeri-

87 3729 143 3776 ter
167 3729 199 3776 et
223 3717 349 3796 [Rome
381 3717 509 3776 consul
531 3717 576 3774 ud
597 3717 721 3776 hostes
744 3718 789 3790 et]
813 3735 856 3774 ex
877 3717 1073 3794 provincie
1092 3718 1150 3776 lit·

88 3835 174 3882 tere
194 3827 231 3884 R.
254 3845 283 3884 v.
370 3823 429 3883 Sed
460 3841 519 3880 non
550 3821 644 3880 minus
667 3821 823 3886 manifeste
844 3823 949 3886 lacuna
971 3823 1060 3900 poulo
1083 3831 1151 3880 ente

85 3935 112 4000 (ξ
135 3929 167 4005 2)
201 3947 300 3988 omnes
332 3928 443 3988 fefellit.
508 3927 557 3986 Sic
579 3927 654 3986 enim
678 3927 825 3986 scribitur:
858 3927 992 4003 Neque
1012 3937 1150 3986 tentum

85 4035 169 4094 neie
191 4035 280 4094 vicit
301 4036 352 4110 (Q.
374 4035 496 4094 Fulvius
518 4033 619 4092 consul
642 4033 803 4110 Ligures),
832 4033 895 4092 sed
917 4045 1044 4092 cestre
1068 4053 1150 4110 quo·
