2826 4650
619 253 657 310 39

101 435 231 494 Gruteri
242 435 451 494 coniecturam:
463 431 560 491 forte
574 434 729 509 quadum
751 454 794 492 an
814 434 1007 504 divinitus,
1021 436 1168 496 Weissen-

100 540 228 598 bornius
250 542 337 600 etiam
360 539 389 596 iu
411 556 435 600 c.
459 540 508 606 23,
532 546 548 597 6
572 541 716 616 egregiam
739 550 768 600 et
788 542 980 602 necessariam
1001 541 1168 616 Tanaquilli

100 647 214 704 Fabri:
247 665 340 702 vana
368 643 500 702 afferri
530 646 680 704 rebatur
704 657 772 722 tpro
795 647 1067 716 afferebantur3
1097 647 1167 704 nihil

102 752 199 810 fuisse
219 752 304 818 vani,
326 751 426 808 Livius
447 753 593 810 narrando
620 751 809 828 exsequitur).
852 754 945 810 Auxit
966 753 1166 810 Weissenbor-

101 859 172 916 nius
194 875 352 934 pravorum
371 875 522 914 numerum
544 875 567 915 c.
582 859 661 928 tat
680 858 854 934 recipiendo,
877 860 955 933 quod
966 858 1167 917 Alschefskius

102 965 276 1022 dubitanter
296 963 487 1038 probaverat:
518 963 553 1018 in
577 963 722 1021 minime
746 975 892 1039 gratum
916 967 1165 1040 spectaculum

103 1071 229 1128 animo
261 1069 523 1138 incenduntur3
555 1067 661 1142 (nullus
695 1069 770 1126 enirn
800 1071 846 1127 hic
877 1071 1053 1148 significatur
1080 1073 1167 1130 ardor

102 1176 304 1254 spectaculum
336 1175 526 1250 cupientium,
561 1174 612 1230 sed
640 1175 729 1232 animi
761 1177 894 1252 oculique
927 1177 956 1234 in
986 1197 1021 1234 eo
1053 1177 1166 1252 defixi3)

102 1283 246 1340 Hertzius
268 1301 293 1340 c.
323 1287 367 1352 ll,
393 1286 403 1340 l
430 1301 484 1358 pro
506 1280 672 1358 palatos,
695 1283 772 1356 quod
796 1282 895 1339 Livius
917 1283 946 1338 in
968 1284 1073 1340 talibus
1095 1284 1166 1342 locis

104 1389 265 1464 saepissime
289 1388 380 1466 ponit,
403 1407 440 1444 ex
462 1407 519 1445 uno
542 1387 628 1444 medii
651 1389 764 1463 generis
782 1389 880 1446 codice
905 1389 1075 1466 palantes
1097 1391 1166 1446 scri-

103 1495 213 1563 bondo,
237 1493 316 1568 quod
346 1493 439 1550 rarius
460 1492 551 1550 multo
572 1491 684 1568 legitur,
715 1505 743 1552 et
764 1513 789 1551 c.
817 1491 900 1563 14,’7
924 1505 1041 1570 recepta
1061 1494 1167 1554 infelici

102 1601 283 1658 coniectura.
325 1601 475 1676 Apparet,
505 1609 613 1656 rectem
644 1601 785 1660 rationem
817 1619 881 1658 curn
913 1600 1116 1676 superstitione
1137 1609 1167 1657 et

103 1725 207 1762 errore
228 1705 269 1762 ita
293 1715 433 1774 centusse,
461 1713 492 1761 ut
512 1704 698 1780 plerumque,
728 1725 786 1764 non
814 1725 927 1782 semper
947 1707 1165 1782 perversitatem

104 1821 298 1887 expugnaret.
332 1811 442 1867 Verum
461 1811 521 1866 haec
541 1809 605 1866 ideo
622 1821 733 1870 tantum
747 1812 981 1880 commemoravi,
1004 1811 1164 1886 quodcum

104 1929 189 1974 recta
209 1917 339 1974 codicum
362 1917 550 1974 aestimatione
578 1925 607 1972 et
626 1916 709 1974 liberi
729 1918 826 1974 iudicii
859 1917 1076 1976 confirmatione
1097 1935 1165 1974 con·

102 2025 205 2080 iuncta
227 2031 309 2079 eraut
331 2032 359 2078 ot
381 2023 458 2100 quod
479 2023 576 2079 utilem
606 2023 715 2080 habere
736 2023 961 2080 admonitionem
986 2023 1165 2094 videbantur,

105 2129 177 2204 quid
198 2128 229 2185 in
257 2138 337 2185 recto
367 2128 515 2203 scriptume
545 2127 674 2184 codicum
705 2129 993 2204 emendationemque
1016 2129 1074 2188 iam
1096 2130 1165 2188 olim

106 2235 252 2292 lactarunt
274 2235 385 2291 delectu
406 2234 535 2291 relictum
558 2243 633 2290 esset
654 2252 749 2308 operae
770 2233 800 2290 in
819 2235 894 2291 Livii
916 2235 995 2293 libris
1016 2237 1165 2312 ponendae.
1249 2234 1253 2244 '

105 2341 180 2398 Mihi
202 2341 259 2398 hoc
282 2341 357 2408 loco,
379 2350 411 2397 ut
431 2341 512 2397 initio
535 2339 609 2406 dixi,
631 2359 689 2396 non
711 2339 868 2397 editionum
889 2341 1079 2400 recentiorum
1102 2359 1166 2398 cen·

105 2465 204 2503 suram
239 2445 377 2523 proposui
417 2464 481 2509 nec.
518 2445 543 2502 si
574 2447 642 2520 quid
673 2446 765 2503 minus
797 2449 870 2505 bene
901 2467 992 2524 nuper
1029 2467 1115 2522 quam
1149 2467 1167 2504 a

106 2553 305 2628 superioribus
327 2551 557 2609 administratum
580 2561 664 2622 esset,
685 2553 945 2628 reprehensionem,
967 2553 1017 2609 sed
1039 2571 1075 2612 ea
1090 2561 1165 2610 trac·

106 2667 170 2716 tare
192 2659 317 2723 decrevi,
351 2677 415 2732 qum
445 2667 540 2715 essent
562 2657 599 2714 ab
622 2657 686 2714 aliis
709 2666 759 2714 aut
779 2659 972 2733 praetermissa
992 2669 1043 2715 aut
1063 2677 1166 2734 parum

106 2762 231 2820 feliciter
254 2773 378 2832 tentata3
404 2783 497 2839 neque
517 2771 630 2832 tamen,
662 2763 686 2820 si
715 2764 784 2840 quid
811 2783 846 2820 ex
878 2764 926 2820 illo
949 2765 1039 2822 altero
1062 2785 1167 2842 genere

105 2871 147 2926 sic
168 2871 375 2940 intercurrerit,
396 2880 428 2926 ut
450 2879 509 2940 aut,
530 2889 567 2926 ne
591 2890 672 2927 error
692 2888 790 2927 recens
812 2869 1013 2942 inveterascat,
1042 2871 1167 2929 breviter

106 2975 204 3033 caveri
227 2987 278 3032 aut
301 2976 446 3033 laudabile
467 2977 613 3033 inventum
637 2977 674 3033 ab
697 2975 842 3032 oblivione
864 2987 892 3033 et
914 2985 1080 3054 contemptu
1101 2977 1166 3033 vin·

106 3083 197 3142 dicari
219 3083 322 3158 possit,
343 3083 569 3158 praetermittam.
603 3083 700 3141 Unum
723 3081 879 3138 etiamnum
902 3092 954 3152 est,
977 3083 1053 3158 quod
1069 3094 1165 3160 petam

105 3189 144 3247 ab
166 3189 216 3258 iis,
247 3189 297 3264 qui
318 3191 379 3246 haec
401 3188 505 3264 legent.
553 3190 621 3246 Non
649 3207 684 3244 ea
706 3207 833 3244 meorum
861 3197 911 3244 aut
932 3190 1090 3247 studiorum
1117 3199 1167 3248 aut

104 3295 288 3372 negotiorum
311 3295 386 3352 ratio
408 3315 461 3372 per
482 3296 559 3353 buud
581 3313 690 3372 paucos
712 3295 770 3352 iarn
793 3313 884 3350 annos
907 3293 969 3365 luit,
991 3306 1023 3352 nt
1044 3315 1166 3371 operose

105 3402 261 3476 anquirere
292 3418 423 3475 possem,
453 3420 516 3476 quae
540 3401 568 3458 in
598 3400 701 3458 libellis
732 3400 909 3457 scholasticis
934 3411 983 3457 aut
1003 3419 1056 3476 per
1075 3401 1165 3458 libros

104 3517 270 3566 menstruos
291 3507 485 3564 trimestresve
501 3507 644 3563 siruilesve
663 3505 785 3582 sparsim
799 3505 836 3562 ad
851 3505 924 3564 Livii
937 3505 1165 3564 emendationem

102 3614 279 3690 pertinentia
307 3613 529 3689 disputarentur.
586 3613 691 3688 Itaque
711 3611 773 3670 fieri
795 3621 903 3686 potest,
936 3623 967 3668 ut
996 3621 1100 3686 praeter
1121 3631 1165 3683 ee,

104 3739 180 3794 que,
202 3739 290 3796 quum
314 3728 410 3776 essent
432 3737 450 3775 a
471 3737 517 3774 me
539 3719 690 3775 emendata
708 3725 737 3773 et
751 3716 899 3786 adnotata,
916 3727 1019 3792 postea
1038 3727 1088 3773 aut
1103 3717 1165 3793 ipse

103 3845 174 3884 casu
197 3837 249 3883 aut
272 3824 524 3896 Weissenbornio,
557 3824 693 3892 Hertnie,
723 3821 787 3878 aliis
819 3822 1011 3880 indicantibus
1041 3825 1078 3880 ab
1101 3823 1164 3882 aliis

103 3943 249 4008 occupata
270 3932 403 4008 cognovi,
426 3929 533 4006 aliquid
556 3929 661 3988 alicubi
677 3948 723 3986 me
744 3927 851 4004 fugerit
867 3937 934 3986 ante
950 3949 996 3986 mo
1008 3929 1165 3996 inventurn,
