2800 4646
588 313 647 368 417
952 308 1009 361 Lib.
1023 308 1148 357 XXXVI.

87 492 267 568 Philippo
290 502 324 550 et
346 492 563 563 Ptolemaeo,
587 495 736 552 Romam
758 501 951 563 venerunt3
973 492 1150 568 Philippo

86 597 291 674 pollicente
306 602 372 672 (per
385 597 510 672 legatos)
527 597 570 654 ad
584 597 718 656 bellum
737 597 880 655 auxilia
901 607 935 654 et
957 597 1150 674 pecuniam

87 713 123 759 et
144 702 378 774 frumentum,
411 703 454 759 ab
475 702 675 760 Ptolemaeo
706 703 820 760 etiam
842 709 1047 778 (preterquam
1073 703 1152 777 quod

88 806 191 863 eedem
213 806 415 882 pollicebatur)
450 805 550 892 mille
584 809 703 883 pondo
738 807 819 865 anri
940 807 1070 879 allate,
1101 818 1152 865 aut

87 911 185 987 potius
207 911 441 986 intelligendum,
474 929 561 988 quum
582 913 625 970 ita
646 913 748 970 Livius
775 912 952 988 scripsisset,
982 923 1014 970 ut
1034 913 1153 970 nomina

87 1035 191 1093 regum
212 1035 270 1074 uon
292 1016 389 1074 statim
412 1017 565 1074 coniuncta
579 1027 709 1094 poneret,
734 1019 785 1076 sed
805 1017 963 1094 seperatim
984 1017 1153 1074 subiiceret:

89 1124 205 1198 legati
227 1124 269 1180 ab
293 1123 434 1180 dnobus
455 1123 604 1199 regibus
625 1123 773 1182 Romam
797 1133 986 1192 venerunt;
1014 1121 1152 1197 Philip·

89 1247 134 1303 po
159 1227 362 1303 pollicente
384 1228 428 1285 ed
450 1227 585 1286 bellum
608 1246 635 1286 a.
659 1247 683 1285 e.
707 1249 735 1304 p.
758 1249 783 1286 e.
805 1228 858 1300 fn,
889 1229 933 1286 ab
955 1226 1152 1286 Ptolemaeo

89 1334 200 1390 etiam
223 1343 288 1401 eta,
312 1363 347 1374 —
373 1353 462 1408 quum
484 1317 541 1402 sic,
570 1333 705 1408 iuquam,
734 1335 836 1391 Livius
858 1333 1028 1408 scripsisset,
1058 1331 1154 1388 alieno

89 1457 179 1496 menn
210 1437 248 1494 ed
274 1437 345 1495 illud
377 1439 526 1514 regibus
559 1456 623 1495 oum
653 1440 764 1497 minore
794 1439 934 1496 orationis
960 1436 1062 1495 iormae
1084 1455 1154 1492 cura

90 1543 269 1618 adscriptum
293 1560 368 1600 esse:
399 1543 574 1618 Philippo
601 1553 634 1600 et
659 1543 859 1602 Ptolemae
884 1541 1037 1618 AEgypti
1059 1559 1175 1624 rege„

90 1647 161 1704 Vid.
184 1647 221 1704 ad
243 1647 398 1717 XXXIV,
422 1649 471 1716 23,
496 1641 561 1715 2¹)
791 1640 793 1644 ’

177 1749 251 1828 Cep.
278 1756 305 1822 7,
328 1757 345 1809 4
369 1753 416 1822 (in
430 1752 563 1808 oratioue
579 1752 766 1828 Hannibalis)
788 1755 880 1812 verba
901 1753 943 1810 sic
966 1751 1155 1809 describenda

91 1869 177 1927 sunt,
207 1867 239 1914 ut
260 1868 410 1932 apparent,
448 1856 516 1931 quid
549 1865 655 1931 egetur
685 1869 888 1934 quaeratnrque
915 1858 953 1915 ad
974 1857 1154 1932 propositam

90 1983 165 2032 rem,
188 1962 257 2036 quid
279 1981 333 2037 pro
356 1971 528 2038 argomento
550 1961 765 2037 interponatur:
793 1965 883 2021 Nam
906 1961 1000 2040 quod
1023 1961 1069 2016 ed
1091 1959 1156 2016 llu-

91 2070 221 2125 boeam
245 2067 485 2142 Boeotosque
507 2073 541 2123 et
562 2065 766 2124 Thessalos
788 2067 942 2136 attinet,
975 2066 1030 2125 oui
1058 2065 1156 2122 dubi-

93 2191 152 2229 um
173 2180 244 2241 est,
267 2173 351 2246 quin
374 2177 426 2244 (ut
450 2171 582 2246 quibus
603 2171 711 2228 nullae
732 2189 801 2228 suae
829 2171 927 2228 vires
957 2171 1043 2242 sint,
1073 2187 1157 2246 prae·

92 2277 260 2334 sentibus
282 2277 471 2334 adulando
493 2293 645 2351 semper,
668 2295 770 2350 quem
794 2285 922 2333 metum
943 2276 977 2332 in
999 2273 1156 2331 consilio

125 2481 293 2490 .-.--.-.-.-

113 2610 136 2672 ¹)
164 2612 228 2676 Gap.
242 2615 293 2675 6,5
314 2613 381 2654 rocta
393 2603 556 2654 Belleruse
574 2605 609 2652 B:
627 2605 685 2654 snb
705 2605 777 2655 leni
795 2606 966 2655 vorborum
984 2613 1157 2669 praetexto.

166 2703 280 2752 Lenibus
303 2709 329 2748 et
349 2696 454 2745 mitibus
479 2695 563 2744 verbis
589 2709 677 2744 rernm
705 2697 800 2746 decreti
827 2711 931 2746 sensum
950 2696 1069 2747 Thebani
1095 2711 1159 2760 pros-

167 2793 281 2844 texuisse
309 2797 334 2838 et
362 2787 501 2836 involvisse
527 2787 658 2848 dicuntur,
685 2789 808 2838 levites
833 2787 904 2838 nulla
922 2799 989 2850 erat3
1018 2801 1100 2837 caussa
1121 2788 1159 2851 (in

170 2897 243 2946 quem
272 2881 442 2944 significatum
470 2879 547 2927 eredo
570 2879 707 2928 nonnullos
738 2880 839 2927 levem
866 2878 938 2926 illum
963 2887 1159 2945 praetextum

168 2974 312 3034 deflexisse)
343 2974 369 3019 in
401 2972 503 3019 decreto
533 2985 585 3018 nou
616 2969 788 3018 efferebantur
818 2983 900 3032 neque
927 2971 953 3018 in
976 2973 1060 3022 verbis
1079 2981 1158 3022 erant.

169 3067 183 3129 5
204 3069 218 3114 6
238 3079 333 3121 vereor,
353 3077 385 3110 ne
403 3077 450 3125 pro
468 3061 505 3108 ad
524 3061 607 3110 diem
626 3061 786 3110 indictum
810 3061 886 3110 scribi
910 3062 1003 3113 debeat
1020 3065 1058 3113 ad
1077 3065 1159 3113 diem

168 3157 295 3206 dictum.
344 3153 411 3204 Nam
436 3153 594 3212 indicuntur,
622 3167 678 3216 qu·
696 3151 751 3201 fieri
768 3154 935 3218 praeterique
959 3155 1054 3205 debent
1073 3156 1160 3218 (etism

169 3248 353 3306 exercitus,
383 3247 433 3294 hoo
461 3253 514 3302 cst,
545 3245 600 3293 cios
632 3243 825 3306 congregatio„
855 3251 957 3308 tempus
987 3247 1023 3295 rei
1054 3249 1161 3310 egendo

169 3339 293 3387 dicitur
326 3335 422 3401 (Gron.
450 3345 476 3385 et
500 3335 633 3385 Drakenb.
664 3335 696 3384 ud
724 3333 838 3393 XXXV,
867 3340 891 3394 ³,
911 3334 940 3398 2)
958 3339 1162 3388 sotadiuitnr

170 3429 312 3494 (Drakenb.
332 3429 364 3476 ad
385 3427 486 3486 XXXI,
514 3431 556 3485 49,
586 3427 639 3489 12).
682 3425 749 3485 Nea,
778 3425 866 3487 quib.
886 3426 902 3474 l.
931 3437 1025 3488 tacent,
1051 3430 1162 3479 editores

169 3535 191 3570 c.
212 3526 237 3582 8,
256 3525 271 3570 s
292 3519 435 3570 tolerante
453 3519 483 3568 M
501 3521 636 3584 scriptum:
663 3518 732 3566 dias
759 3516 798 3565 so
824 3519 1084 3568 conveniendum
1111 3534 1163 3568 ex·

170 3612 289 3662 ercitui
309 3613 368 3676 (sor.
388 3625 445 3659 cum
466 3611 544 3660 Gron.
566 3625 632 3658 cum
652 3606 812 3670 exercitu)
836 3605 961 3658 Pheres
984 3619 1032 3658 cst
1059 3611 1163 3660 indic-

170 3713 235 3762 tus,
255 3703 299 3752 aad
319 3716 333 3750 e
352 3703 373 3750 B
390 3711 415 3751 et
434 3705 524 3752 ceteris
547 3710 711 3751 revocarunt:
728 3707 778 3749 cst
797 3700 914 3750 dietus.
946 3699 1163 3762 ObstetXXVll,

171 3801 213 3853 ³0,
233 3799 260 3842 t:
288 3793 498 3859 concilioque
517 3801 548 3842 et
565 3793 660 3841 locus
683 3799 714 3839 et
731 3790 798 3839 dies
819 3799 907 3840 certa
926 3791 1059 3842 indicta.
1096 3791 1162 3841 Nem

171 3885 204 3944 X,
239 3889 285 3945 st,
315 3891 331 3934 8
358 3885 520 3935 scribendum
551 3885 653 3933 videtur
684 3883 840 3931 necessario:
872 3883 942 3932 dies
971 3885 1045 3934 inde
1076 3885 1164 3933 dicta

171 3990 285 4039 pugna
311 3991 370 4042 pro:
397 3977 469 4026 dies
491 3976 615 4025 indicta
641 3987 768 4038 pagum
787 3974 946 4023 desideretur
972 3975 1040 4023 euim
1060 3975 1165 4023 omniuo

171 4081 230 4127 rex,
250 4081 306 4130 qua
326 4068 427 4117 transiri
447 4068 479 4116 ed
499 4082 589 4118 novum
609 4081 662 4116 rem
682 4065 815 4129 significet.

158 4173 265 4210 nlntlttll
279 4173 434 4212 tueantur.
932 4181 963 4227 21
