2822 4648
286 219 342 271 Lib.
362 220 408 268 lv.
760 224 816 278 104

250 405 279 461 in
301 423 392 480 prosa
414 407 545 462 oratione
568 423 636 462 risus
659 399 748 478 ast.¹)
788 407 836 460 Ac
857 422 894 460 nc
916 403 1039 460 Plautus
1062 403 1179 477 quidem
1203 420 1238 458 eo
1259 401 1329 475 sig·

250 509 367 566 nificatn
389 509 419 566 id
441 511 610 568 adverbium
634 510 717 578 dixit
741 508 790 582 qui
812 508 859 564 hic
876 509 1045 582 requiritur3
1067 493 1102 566 de
1125 509 1219 582 gradu
1241 508 1324 563 enirn

250 616 348 690 posuit
369 621 441 690 (quo
464 617 543 674 ducit
564 617 651 674 etiam
679 615 795 689 origo),
819 633 877 670 non
899 613 935 670 de
960 614 1047 670 modo
1070 613 1327 688 (quemadmo-

250 721 328 776 dum
357 751 388 762 -
416 723 584 796 adaeque).
639 720 697 780 Sed
725 722 762 776 'ut
782 719 854 775 vitia
875 729 1007 790 exstant,
1044 721 1085 776 ita
1105 719 1166 775 veri
1188 719 1325 774 inventio

250 846 285 884 eo
309 839 353 884 est
375 827 535 898 difficilior,
568 828 646 902 quod
676 826 824 882 sententiaa
846 825 981 884 satisfieri
1002 825 1116 882 videtur
1137 843 1238 899 posse,
1262 826 1325 890 his,

250 951 315 1006 quae
337 933 499 1008 depravata
520 945 595 1004 sunt,
617 933 745 989 omissis:
768 944 823 1001 ut,
859 932 1156 1006 quemadmodum
1177 932 1212 986 in
1234 932 1322 988 trib.

250 1057 345 1098 cons.
367 1049 498 1112 potest.
522 1039 704 1108 creandis,
726 1039 761 1094 iu
782 1037 1029 1112 quaestoribus
1047 1037 1201 1094 liberum
1217 1048 1321 1094 essct

249 1145 444 1202 arbitrium
467 1145 594 1220 populi
618 1144 810 1218 (quamquam
832 1143 932 1199 malis:
969 1144 1021 1199 ita
1052 1143 1086 1198 in
1121 1145 1320 1216 questori-

250 1249 337 1324 bus).
400 1251 463 1307 Nec
490 1251 616 1324 suspicio
645 1251 745 1318 abest,
775 1249 830 1305 usi
861 1260 944 1304 sunt
973 1248 1043 1304 oriri
1070 1249 1199 1323 potuisse
1228 1249 1320 1304 oculo

249 1355 350 1412 scribas
386 1357 540 1412 aberrante
569 1356 607 1412 ad
638 1355 770 1430 superius
792 1353 863 1410 illud
887 1353 1008 1410 adnisi
1036 1365 1132 1422 sunt3
1166 1354 1318 1427 adaeque

249 1460 319 1518 illud
343 1461 412 1535 quid
435 1461 568 1530 occultet,
590 1480 626 1516 ne
648 1461 673 1516 si
694 1460 745 1516 illu
768 1459 883 1534 quidem
910 1459 1076 1516 coniectura
1100 1477 1171 1514 vera
1193 1468 1247 1529 cst,
1270 1479 1320 1514 re-

247 1566 339 1640 perio.
390 1566 448 1624 Sed
480 1567 549 1622 mihi
581 1567 609 1622 in
632 1566 774 1622 hocloco
797 1565 868 1621 satis
891 1564 1056 1620 calvitium
1085 1575 1113 1620 et
1135 1565 1242 1622 codicis
1263 1586 1314 1622 ar-

248 1670 363 1746 chatypi
391 1671 642 1745 interpolationem
664 1665 825 1739 notasaefl)

332 1773 405 1849 Cap.
429 1777 477 1843 48,
504 1781 534 1831 l:
556 1776 787 1833 Turbaturss
812 1775 912 1849 vulgi
935 1785 1041 1832 erant
1062 1777 1118 1849 Sp.
1141 1775 1320 1833 Meciliua

249 1891 416 1954 quartum
439 1891 473 1936 et
494 1881 659 1938 Met-ilius
683 1881 726 1954 (i)
750 1883 898 1938 tertium
921 1881 1222 1955 tribuniplebis,
1244 1891 1316 1937 am·

248 1987 291 2042 bo
317 1986 487 2042 absentes
516 1987 641 2042 creati.
695 1987 741 2044 Et
763 2005 869 2060 quum
898 1986 1125 2060 rogationem
1156 1987 1317 2060 promul-

247 2100 415 2164 gassent,
437 2101 474 2146 ut
495 2109 582 2165 ager
604 2110 646 2147 ex
668 2093 837 2149 hostibus
859 2103 988 2167 captus
1010 2091 1151 2148 viritim
1173 2091 1318 2148 divide·

246 2205 361 2260 retur,
385 2227 422 2236 -
445 2223 473 2236 -
499 2207 607 2252 atrox
622 2197 980 2273 plebipatribusqne
1001 2197 1233 2272 propositum
1259 2199 1318 2254 vi·

246 2301 403 2357 debatur
424 2311 617 2358 certamen.
660 2303 741 2359 Nihil
762 2303 824 2378 agit
846 2313 879 2359 et
900 2304 1044 2378 particula
1065 2305 1140 2360 iuter
1161 2302 1317 2358 hominum

245 2406 424 2462 notationem
443 2417 471 2462 et
491 2407 533 2463 rai
551 2407 588 2464 ab
602 2407 637 2462 iis
650 2421 723 2464 actae
733 2407 930 2464 narrationem
948 2408 1128 2484 interposita.
1165 2405 1319 2464 Constans

244 2513 422 2568 consuetudo
445 2521 473 2568 et
496 2523 601 2568 tratura
622 2513 763 2570 sermonis
785 2513 928 2588 postulat,
943 2525 975 2570 ut
990 2513 1146 2570 scribatur:
1168 2545 1207 2555 —
1233 2532 1314 2570 cre-

244 2617 304 2673 ati.
337 2617 373 2677 bl
396 2636 498 2691 quum
521 2617 750 2692 rogationem
771 2618 1140 2693 promulgassentcet.
1170 2619 1316 2675 hiandum

244 2731 344 2778 notum
356 2733 400 2777 est
414 2721 459 2792 iis,
473 2721 523 2794 qui
544 2722 676 2778 codicum
698 2723 857 2798 scripturas
879 2733 1040 2779 tractarunt
1062 2722 1316 2797 (DrahadXLl,

248 2829 294 2894 15,
305 2828 348 2894 b).
393 2827 458 2886 Lib.
472 2826 509 2895 V,
523 2829 571 2896 33,
584 2830 600 2882 9
614 2845 701 2901 quum
723 2841 801 2886 recte
817 2829 962 2885 ederetur:
990 2829 1032 2885 Ei
1051 2829 1163 2900 (Tusci,
1179 2829 1215 2884 dc
1237 2849 1313 2902 quo-

242 2949 307 2987 rum
330 2931 451 3005 antiqua
472 2931 602 3005 potantia
621 2933 709 2988 maris
721 2933 810 2990 Trisci
834 2933 950 2989 nomine
973 2943 1078 2989 testata
1100 2934 1200 2990 Livius
1223 2935 1314 3008 dixit)

260 3233 285 3300 ¹)
313 3238 471 3302 ”Adaequc
495 3242 587 3303 gchdrt
609 3258 640 3290 uu
666 3244 716 3290 den
735 3243 919 3303 Ausdrt'icken,
945 3243 1039 3291 welche
1058 3243 1144 3292 Livius
1166 3243 1231 3291 nach
1258 3245 1311 3292 den

312 3331 455 3382 Komilicrn
473 3342 556 3383 zucrst
581 3335 747 3396 gebrauclrt“.
792 3334 879 3384 Velim
899 3336 976 3392 scira,
1002 3336 1058 3398 quis
1081 3346 1139 3398 post
1156 3336 1257 3384 Livium
1278 3351 1310 3384 eo

312 3423 388 3472 verbo
407 3439 470 3474 usus
489 3428 530 3474 sit.

257 3529 282 3598 ¹)
310 3535 372 3601 Onp.
393 3545 435 3600 44,
452 3546 467 3588 4
487 3541 570 3603 quod
590 3550 661 3604 post:
682 3541 843 3600 Quidnam
862 3541 892 3588 id
912 3540 1003 3591 case?
1028 3543 1094 3604 (non
1114 3542 1214 3604 essct)
1234 3543 1312 3590 eddi·

308 3641 446 3696 cumputo
466 3634 549 3682 adid
569 3639 607 3693 (ut
626 3634 681 3696 qui
702 3633 762 3692 VII,
782 3640 828 3692 44,
850 3631 890 3696 6);
910 3635 1090 3694 anacoluthon,
1110 3637 1178 3696 quod
1197 3635 1307 3697 fingunt,

311 3737 394 3786 neque
412 3721 480 3772 Livii
499 3739 582 3787 neque
613 3725 765 3787 cuiusquam
784 3727 967 3774 consuetudine
986 3737 1125 3776 excusatur
1146 3729 1171 3775 in
1190 3729 1308 3776 oratione

310 3825 378 3864 recta
397 3825 422 3864 et
438 3815 544 3876 ordine,
572 3817 594 3864 si
613 3831 689 3865 unam
711 3817 782 3866 illam
800 3819 919 3866 voculam
939 3819 1085 3879 sustuleris,
1109 3821 1253 3868 documenti
1282 3831 1310 3868 et

308 3907 461 3968 singularem
485 3908 594 3970 liguram
622 3909 725 3958 babenti
757 3910 997 3971 (interrogationem
1016 3911 1261 3960 cumadmiratione
1282 3923 1307 3961 ct

308 3999 485 4060 indignatione
504 4000 627 4048 infinitivo
647 4000 766 4063 elatam).
