2820 4646
221 247 279 296 Lib.
296 244 393 295 XLIV.
725 248 784 302 574

223 449 315 508 prave
335 429 465 487 additum
488 427 526 485 ob
548 427 713 502 precedens
735 437 823 496 taum
855 426 896 484 itti
925 426 1001 484 enim
1031 436 1194 484 nontam
1216 427 1292 484 libe·

222 538 300 594 riore
322 533 461 593 orationis
488 531 584 590 forma
613 532 662 605 (dc
690 551 749 608 qua
770 533 832 590 dixi
857 532 895 589 ad
916 530 978 592 Cic.
1000 533 1067 591 Fin.
1096 537 1128 603 t,
1162 535 1173 589 l
1201 553 1232 608 p.
1257 532 1291 608 t)

221 644 297 700 haec:
333 659 402 698 non
440 657 481 696 ea
512 656 634 714 regum
664 637 848 696 aemulatio
881 648 934 697 etc.
969 637 1086 714 (quibus
1107 638 1293 714 significatur

220 741 407 826 ζηλοτυπία
434 745 469 804 ἐκ
491 739 553 805 τοῦ
575 739 636 822 τῆς
660 731 764 824 ἀρχῆς
784 733 1008 826 ὁμογενοῦς),
1037 745 1079 801 ita
1099 745 1292 820 respondent,

223 861 256 910 ut
277 851 379 910 Livius
411 869 469 908 non
491 859 551 907 tarn
575 869 613 907 ex
633 849 756 925 privatis
778 851 879 908 Persei
909 860 937 908 et
962 851 1101 908 Eumenis
1129 850 1291 910 inimicitiis

222 977 310 1033 quam
338 977 376 1015 ex
395 957 506 1014 invidia
538 965 567 1013 et
588 956 771 1014 aemulatione
792 973 894 1031 regum
916 956 1063 1013 communi
1084 967 1292 1031 argumentum

224 1065 332 1134 ducat,
354 1081 433 1138 quae,
462 1062 575 1119 etiamsi
597 1060 653 1118 illae
674 1061 759 1118 nullae
780 1060 919 1132 inissent,
953 1062 1114 1120 Eumenem
1135 1080 1156 1118 a
1176 1063 1291 1121 Perseo

222 1168 388 1226 adiuvando
409 1176 583 1234 revocatura
603 1166 698 1226 fixerit.
748 1167 790 1226 Ut
811 1165 885 1224 solet
901 1165 1011 1238 Livius,
1037 1185 1101 1241 quae
1122 1185 1142 1224 a
1161 1169 1291 1246 Polybio

221 1275 325 1346 vertit,
360 1273 462 1332 leviter
483 1272 613 1342 variare,
648 1271 691 1328 ita
716 1271 763 1328 hic
790 1271 982 1330 aemulationis
1003 1273 1063 1330 rim
1084 1274 1216 1332 nonnihil
1236 1293 1291 1332 ex-

222 1380 297 1452 tulit,
319 1379 532 1437 inimicitiarum
553 1377 665 1435 minuit.
723 1376 826 1433 Potest
856 1376 918 1434 fieri
954 1386 988 1434 ut
1017 1387 1087 1454 post
1121 1397 1291 1438 accensas

222 1485 362 1544 exciderit
382 1485 443 1541 sed
465 1484 626 1552 (sednon
648 1483 715 1555 ea);
737 1501 806 1539 nam
827 1482 877 1539 illo
899 1482 1007 1540 omisso
1029 1485 1118 1560 paulo
1139 1486 1289 1544 duriorem

222 1610 286 1650 esse
318 1591 479 1649 orationem
500 1607 559 1646 uon
581 1607 666 1664 nego.
722 1589 877 1646 Postremo
898 1587 928 1644 in
950 1589 1117 1648 coniectura
1144 1590 1289 1666 relinque,

222 1698 314 1762 hisne,
330 1697 434 1772 quibus
448 1705 615 1752 removetur
625 1694 719 1752 inanis
734 1694 770 1752 de
784 1693 915 1752 Eumene
929 1693 1066 1769 suspicio,
1082 1715 1127 1766 ea,
1140 1715 1205 1771 quar
1217 1716 1290 1756 vera

224 1802 325 1860 Livius
349 1810 452 1878 putat,
474 1801 515 1859 sio
538 1801 718 1861 adiunxerit:
748 1803 911 1863 Ceterum
942 1803 1119 1860 cernebat
1148 1812 1183 1860 et
1205 1803 1288 1860 Per-

225 1925 286 1964 sea
308 1915 360 1968 etc.
410 1904 520 1964 Saltem
544 1905 712 1982 aptissimus
733 1906 758 1963 is
780 1905 919 1963 transitus
940 1916 1025 1964 esset.
1065 1907 1179 1966 Eodem
1192 1910 1288 1985 capite

223 2017 239 2083 ς
261 2014 278 2070 9
302 2011 338 2069 de
359 2011 500 2081 mercede,
522 2029 611 2086 quarn
632 2011 788 2082 Eumenes,
811 2019 862 2069 aut
883 2019 916 2070 ιιι
939 2013 1101 2087 quiesceret
1122 2023 1173 2071 aut
1186 2025 1221 2071 ιιι
1234 2033 1288 2090 pa·

222 2134 362 2175 comeum
377 2117 518 2175 Romanis
530 2119 639 2175 Perseo
654 2125 792 2192 patraret,
814 2119 1025 2194 paciscebatur,
1039 2119 1199 2194 Perseique
1210 2121 1241 2178 in
1253 2139 1289 2178 ea

223 2242 255 2280 re
281 2221 520 2298 tergiversatione
541 2223 583 2280 eic
604 2223 752 2281 scribitur:
783 2223 857 2282 Ubi
884 2225 928 2282 ad
949 2223 1114 2300 pecunia
1137 2227 1288 2284 mentio·

222 2347 302 2386 nem
323 2337 470 2386 ventum
492 2337 588 2398 erat,
621 2329 674 2386 ibi
698 2329 902 2404 hesitabat,
928 2331 1078 2404 (Perseus)
1100 2339 1137 2388 et
1157 2332 1289 2408 utique

223 2435 378 2493 alteram
406 2437 510 2510 (quam
540 2436 704 2506 Eumenes,
740 2444 773 2493 ut
802 2438 979 2511 quiesceret,
1009 2436 1224 2513 paciscebatur)
1254 2439 1290 2497 in

223 2540 323 2597 tanti
344 2540 501 2599 nominis
523 2542 674 2617 regibus
696 2551 840 2617 turpem
863 2561 903 2600 ac
925 2541 1111 2600 sordidam
1134 2543 1289 2602 etdanti

223 2655 258 2702 et
288 2647 404 2722 magis
437 2647 639 2723 accipienti
671 2648 873 2706 mercedem
906 2666 995 2706 esse.
1051 2649 1220 2706 Malebat
1251 2650 1289 2707 in

222 2769 320 2826 spem
341 2751 640 2828 Romanaepacis
671 2769 740 2810 non
772 2771 946 2812 recusare
975 2754 1189 2830 impensam,
1224 2755 1290 2812 sed

223 2875 300 2914 eam
324 2857 516 2932 pecuniam
536 2858 769 2934 perfectore
792 2860 974 2930 daturum;
998 2861 1146 2918 interea
1167 2859 1289 2918 Samo·

223 2964 359 3019 thracae
380 2962 416 3019 in
437 2963 572 3039 templo
594 2964 857 3040 depositurum.
902 2964 1065 3022 Inhisdno
1084 2973 1152 3022 sunt
1172 2966 1289 3038 menda,

223 3067 304 3144 prius
325 3067 417 3148 levius
440 3077 467 3124 ct
489 3069 605 3127 sublatu
626 3068 750 3127 facilins.
794 3069 873 3128 Nam
898 3079 932 3127 ut
951 3069 1044 3129 feram
1066 3072 1231 3129 mercedem
1253 3073 1289 3129 iu

224 3173 341 3249 regibus
361 3181 476 3249 turpem
498 3175 564 3246 dici,
585 3174 687 3232 saltem
701 3193 761 3232 non
776 3173 896 3233 ferenda
918 3194 1056 3234 merces
1077 3177 1117 3252 in
1134 3177 1289 3253 regibus

223 3279 379 3337 sordida
400 3289 434 3337 et
448 3279 550 3336 danti
570 3287 605 3336 et
621 3279 839 3355 accipienti3
862 3281 977 3339 dativus
989 3301 1063 3340 unus
1078 3285 1175 3342 locum
1185 3284 1289 3356 habau

224 3385 401 3460 prepositis,
422 3394 454 3442 ut
475 3403 561 3462 saepe,
593 3393 659 3442 orta
681 3405 718 3443 ex
738 3386 836 3444 littera
856 3406 884 3449 m
907 3388 1090 3462 praecedenti.
1139 3388 1199 3449 Sed
1220 3409 1290 3466 gra·

223 3491 288 3548 vius
310 3491 432 3548 alterum
456 3500 500 3549 est
521 3492 661 3550 orationis
683 3501 712 3549 et
733 3492 880 3550 sententiae
903 3492 1015 3554 vitium.
1057 3493 1192 3552 Primum
1212 3497 1289 3555 enim

222 3597 270 3654 hic
303 3615 420 3672 quoque
465 3598 509 3670 (ut
537 3597 735 3670 XXXVIII,
770 3599 819 3669 22,
853 3601 870 3655 4
903 3606 933 3654 et
951 3601 984 3667 5)
1017 3598 1103 3656 nimis
1133 3619 1236 3659 secure
1262 3611 1291 3661 et

222 3702 366 3777 patienter
386 3699 479 3758 fertur
499 3701 611 3759 infinita
643 3701 786 3760 sententia
817 3705 908 3761 verbo
942 3703 1024 3762 finito
1057 3705 1196 3765 adiuncta
1227 3727 1289 3781 neo,

224 3807 301 3864 unde
315 3807 450 3882 pendeat,
465 3808 589 3865 habens:
611 3807 662 3866 ibi
683 3809 880 3868 hesitabat
902 3813 937 3872 et
958 3809 1110 3870 aiteram
1203 3834 1289 3874 mer·

222 3912 346 3969 oedem
368 3921 515 3988 turpem
537 3933 632 3986 esse;
656 3914 870 3991 (nam,omisso
885 3913 1017 3985 et,fe1ri
1038 3925 1168 3992 poterat:
1189 3921 1290 3979 brasi-

223 4019 343 4088 tabat;
371 4018 497 4093 utique
527 4019 683 4078 alteram
704 4021 786 4096 cet.);
819 4020 922 4078 deinde
950 4039 1009 4079 non
1037 4022 1133 4082 minua
1152 4043 1290 4101 pervorse
