2800 4646
595 307 655 364 469
1025 305 1083 356 Lib.
1102 307 1160 357 XL.

81 485 299 561 quamperlecti
333 486 472 563 temporis
504 487 579 545 ratio
608 487 739 564 expediri
773 496 885 563 potest,
918 491 1159 567 scribendumque
1243 517 1247 526 ¹

81 591 252 649 necessario
277 609 340 650 esse
361 601 447 668 puto:
473 594 768 670 depugnatumst,
802 594 895 667 quod,
917 613 1006 684 qpum
1037 607 1074 656 st
1104 617 1158 673 pro

84 705 144 753 est
163 697 290 772 positum
311 697 509 774 ignoraretur,
531 718 589 758 non
614 699 657 756 ita
680 695 836 768 difficulter
856 699 886 757 in
908 702 1159 778 depugnasset

82 802 211 860 transire
231 804 336 879 potuit.
380 806 430 874 (ln
452 805 582 867 Vindob.
603 805 653 862 lib.
676 804 776 876 XLV,
800 809 862 876 t‚4
885 825 922 864 ex
944 807 1159 865 missisunt

83 915 183 965 ortum
206 919 249 966 est
271 909 473 970 misissent.
521 912 570 970 Ex
600 919 734 987 coepta
757 919 840 968 sunt
872 894 981 970 iactum
1012 913 1158 989 coepis-

80 1023 168 1070 seut
189 1015 267 1090 apud
290 1013 460 1075 Ciceronem
482 1019 570 1076 Tusc.
592 1019 618 1088 Ι,
645 1019 691 1088 13,
707 1018 746 1074 29
770 1016 839 1074 olim
863 1015 1001 1095 correxi.)
1010 1013 1036 1094 ¹)

172 1117 245 1196 Cap.
270 1122 328 1189 ³5,
353 1125 388 1180 13
411 1122 456 1196 (in
478 1124 526 1182 Ti.
551 1123 717 1199 Sempronii
739 1123 887 1194 oratione,
910 1141 969 1198 qua
999 1125 1157 1194 dissuadet,

84 1243 124 1282 ne
146 1225 289 1283 exercitus
313 1247 350 1285 ex
372 1229 517 1304 Hispania
539 1229 672 1287 citeriore
695 1229 895 1304 deportetur):
920 1228 1030 1288 Dictu
1053 1247 1156 1306 quam

85 1349 128 1388 re
153 1329 308 1389 facilius
330 1332 378 1388 sit
398 1331 631 1408 provinciam
659 1333 810 1408 ingenio
833 1331 1012 1406 ferocem,
1042 1336 1157 1394 rebel·

83 1433 256 1493 latricem
279 1436 507 1495 confecisse?
557 1439 606 1498 Sic
638 1440 715 1515 apud
738 1437 1021 1508 Drakenborchium‚
1043 1439 1156 1516 Kreys-

83 1541 202 1616 eighm,
224 1541 298 1598 alios
319 1542 464 1615 scribitur,
498 1563 562 1618 quae
583 1545 774 1620 interrogatio
796 1543 842 1618 (ut
863 1543 995 1600 omittam
1017 1544 1156 1602 coniunc-

83 1648 179 1704 tivum
199 1648 333 1712 modum)
362 1659 461 1724 aperte
493 1649 664 1708 sententiam
687 1651 776 1708 habet
796 1649 917 1707 dicentis
938 1648 1059 1706 consilio
1083 1666 1155 1706 con-

85 1752 220 1822 trariem3
253 1768 378 1828 negatur
405 1754 481 1811 enim
510 1754 735 1830 interrogando,
762 1756 840 1813 dictu
870 1773 958 1830 quam
988 1772 1020 1811 re
1040 1752 1155 1812 facilius

82 1877 159 1930 esse,
181 1860 237 1916 hoc
259 1869 318 1930 cst,
341 1859 518 1931 affirmetur,
551 1879 655 1937 reapse
685 1860 771 1918 facile
793 1879 856 1918 esse
877 1859 1056 1936 provinciam
1079 1859 1155 1917 eiua·

83 1965 164 2022 modi
187 1965 338 2026 conficere.
385 1965 490 2039 Itaque
513 1965 563 2022 alii
583 1967 690 2024 rectius
711 1965 910 2041 interrogandi
928 1976 1027 2022 notam
1040 1965 1152 2024 tollunt.

85 2069 145 2128 Sed
167 2085 204 2127 ne
225 2069 255 2126 in
277 2070 332 2127 hac
362 2069 477 2144 quidem
504 2075 606 2145 aperta
627 2071 844 2128 asseveratione
866 2071 962 2128 locum
984 2071 1153 2129 habeicon·

82 2174 230 2232 iunctivus
253 2175 461 2250 dubitandique
481 2175 663 2251 significatio,
688 2177 930 2251 scribendumque
960 2185 1019 2233 est:
1043 2177 1152 2235 Dicto

82 2299 192 2354 quum
214 2299 253 2338 re
276 2279 429 2339 facilius
453 2287 510 2345 esi
531 2291 586 2343 cet.
630 2281 862 2351 (Confecisee
883 2280 1154 2358 periectotcmpore

82 2385 222 2463 scriptum
245 2395 298 2457 est,
321 2388 399 2461 quod
420 2387 608 2462 significetur,
629 2387 715 2446 facile
737 2405 801 2445 esse
821 2386 959 2444 dicerese
972 2387 1153 2462 provinciam

81 2491 266 2567 coniecisse.)

169 2596 242 2673 Cep.
267 2599 316 2668 38,
338 2599 356 2655 s
381 2597 429 2669 (de
451 2597 597 2674 triumpho
620 2600 655 2656 P.
678 2595 807 2656 Cornelii
829 2605 858 2653 et
877 2596 921 2655 M.
937 2597 1029 2656 Babii
1051 2599 1088 2656 de
1103 2600 1153 2657 Li·

80 2703 231 2778 guribusl:
255 2703 301 2762 Hi
331 2703 488 2760 omnium
509 2704 617 2779 primi
642 2705 743 2762 nullo
773 2702 869 2760 bello
900 2713 1003 2778 gesto
1029 2704 1153 2761 trium·

103 2885 130 2954 ¹)
161 2891 279 2941 Proxime
296 2900 355 2940 unte
382 2893 409 2956 (ὅ
429 2891 459 2955 5)
490 2892 636 2941 trecenario
665 2907 723 2941 cum
743 2891 877 2942 Gronovio
903 2893 1069 2943 scribendum
1099 2903 1153 2942 eat:

155 2997 223 3046 quas
241 2985 345 3048 prima
362 2985 505 3034 omnium
530 2985 561 3034 in
585 2983 693 3034 Italia
718 2993 845 3034 statuta
869 2995 988 3036 aurata
1006 2994 1066 3046 eutr
1084 2989 1152 3050 quod

156 3077 223 3126 euim
237 3076 334 3125 editur:
355 3083 465 3126 statua
484 3083 600 3125 aurata
618 3076 747 3136 estnihil
759 3077 830 3126 alind
844 3077 972 3142 significat
982 3080 1046 3128 uisi:
1058 3081 1154 3130 welche

156 3167 247 3218 Statue
265 3169 306 3216 dic
325 3177 392 3218 erste
410 3185 469 3228 war,
489 3169 530 3218 die
549 3169 683 3232 vergoldet
708 3171 785 3219 ward.
829 3169 904 3230 Quod
924 3171 1152 3223 Weissenbornina

155 3260 211 3308 hac
239 3260 317 3308 verba
348 3261 381 3310 ab
411 3261 594 3326 interpolatore
620 3263 718 3311 ineerta
737 3270 826 3327 putat,
854 3263 907 3312 dixi
941 3263 991 3312 iam
1017 3273 1077 3314 nuto
1107 3268 1152 3328 (ad

156 3351 287 3413 XXXIV,
307 3355 336 3412 7,
364 3359 379 3401 2
403 3368 428 3417 p.
454 3358 505 3404 ³98
526 3354 607 3419 not).
635 3353 837 3419 improbabiliter
860 3356 885 3404 in
905 3351 970 3404 Livii
996 3355 1066 3406 libris
1090 3357 1151 3421 tingi

155 3445 302 3496 huiusmodi
333 3459 416 3494 rerum
444 3447 475 3494 ad
502 3447 636 3497 historiam
654 3446 860 3496 memorabilium
887 3447 990 3494 aliunde
1008 3446 1153 3498 adnotatio·
1221 3451 1227 3468 '

155 3553 227 3598 rreum
245 3539 296 3588 hoo
315 3537 419 3599 quidem
437 3535 469 3584 de
488 3547 573 3588 statua
591 3539 673 3602 prima
691 3549 781 3587 aurum
800 3537 933 3588 Valerium
953 3537 1105 3599 Maximum,
1124 3553 1152 3592 nt

154 3631 237 3681 multa
263 3629 328 3688 alia,
348 3643 364 3676 a
382 3628 455 3678 Livio
475 3629 626 3696 ,sumpsisse
645 3628 806 3680 manifestum
832 3641 878 3682 eat.
925 3629 1050 3683 Extremo
1068 3637 1152 3701 capita

155 3721 183 3784 (ξ
204 3721 249 3786 13)
266 3735 318 3770 ιιοιι
337 3720 463 3783 intelligo,
483 3721 543 3784 quid
564 3723 632 3786 apud
641 3722 771 3772 Haudinm
785 3723 897 3776 Turseli.
916 3711 951 3784 Π,
973 3729 1021 3774 tas
1040 3728 1153 3792 reperia-

153 3821 204 3874 tur,
223 3829 275 3877 quo
294 3813 361 3863 ullus
380 3813 451 3862 color
469 3813 601 3862 conciliari
618 3814 702 3877 possit
719 3813 779 3864 hnic
795 3815 897 3865 dicendi
915 3830 1021 3879 gauere:
1039 3833 1152 3883 paoem

155 3920 224 3956 cum
244 3907 361 3971 aliquo
379 3915 501 3971 praeto
519 3907 558 3956 ab
578 3905 705 3971 aliquo,
724 3915 753 3956 ut
772 3908 817 3957 sit:
836 3908 929 3968 efficio,
949 3917 977 3959 ut
995 3909 1088 3974 aliquia
1106 3928 1152 3977 pa-

152 4013 210 4048 cem
229 4013 286 4047 cnm
305 3997 392 4063 aliquo
419 4007 516 4058 servem
540 4013 649 4063 pacem
677 4015 744 4048 com
771 4001 888 4066 aliquo
910 4015 1043 4054 servare
1061 4003 1152 4056 Latina

152 4087 214 4148 diei,
233 4085 380 4140 Gronovius
399 4105 451 4141 non
468 4091 612 4153 ignorabat.
