2822 4648
621 275 678 332 133
1019 273 1078 322 Lib.
1097 273 1146 326 vl.

196 455 270 532 Cap.
297 456 343 526 ld,
366 455 439 530 b(in
460 455 502 512 M.
526 455 629 512 Manlii
654 455 806 525 oratione,
828 453 968 530 plebeios,
989 465 1115 530 quantas
1137 458 1180 514 vi-
1265 431 1267 436 ,

103 579 159 619 ras
180 563 328 632 habeant,
352 561 508 630 docentisJ:
544 561 583 620 si
604 561 739 636 singuli
765 559 933 635 singulos
962 564 1180 637 aggressuri

108 665 264 736 essetis,
285 675 406 724 tamen
435 666 563 724 acrius
590 666 774 724 crederem
803 683 869 722 vos
908 683 974 740 pro
1005 666 1181 725 libertate

107 789 218 845 qnam
240 771 327 830 illos
349 790 414 848 pro
444 771 701 829 dominatione
722 777 947 840 certaturos3
979 780 1067 845 quot
1088 773 1179 830 enim

108 876 270 934 clientas
291 878 390 934 circa
410 877 577 952 singulos
610 875 737 934 inistis
768 885 965 951 patronos,
996 885 1051 934 tot
1085 895 1180 934 nunc

109 982 291 1038 adversus
313 999 416 1040 annm
444 981 584 1039 hostem
607 981 721 1038 eritis.
769 982 896 1038 Prorsus
926 999 1020 1056 prave
1041 982 1083 1038 rei
1105 983 1179 1040 ficta

108 1087 157 1163 (si
189 1087 328 1163 singuli
359 1087 528 1162 singulos
561 1086 774 1162 aggressuri
808 1086 953 1159 essetis)
984 1105 1080 1145 caussa
1113 1089 1179 1148 looo

109 1193 228 1264 (enim)
262 1193 291 1249 id
313 1193 475 1261 surbiicitur‚
508 1193 587 1267 quod
609 1193 736 1249 maxims
767 1192 943 1250 contrarium
962 1201 1007 1248 ast
1028 1201 1058 1249 st
1069 1193 1098 1250 in
1120 1213 1180 1268 qno

109 1297 288 1368 ostenditur,
324 1306 433 1371 quanto
455 1297 558 1354 melior
579 1299 617 1356 sit
639 1317 711 1356 vera
732 1297 898 1356 certaminis
919 1298 1067 1370 condicio,
1101 1317 1179 1373 qno-

108 1403 191 1461 niam
212 1423 272 1461 non
295 1403 399 1477 singuli
420 1397 565 1478 singulos,
594 1405 645 1460 sed
671 1403 754 1461 multi
774 1421 863 1460 unnm
885 1404 1052 1478 aggressuri
1073 1404 1179 1479 plebeii

107 1511 177 1568 sint.
221 1510 328 1584 ltaque
349 1509 513 1564 necessario
534 1510 591 1566 hoc
614 1519 665 1566 ant
683 1508 949 1584 sicedinngendnm
963 1517 1040 1564 erate
1063 1509 1177 1579 Nunc,

108 1619 200 1686 quot
222 1613 379 1670 clientes
401 1645 455 1685 -,
483 1623 538 1670 tot
560 1623 614 1671 oet.
636 1623 688 1670 ant
708 1633 774 1671 cnm
795 1615 925 1688 pondere
946 1612 1008 1670 sina
1030 1612 1090 1670 ulla
1110 1632 1179 1689 par·

107 1718 201 1774 ticnla
221 1721 397 1777 contrarium
422 1720 597 1796 ponendum.
656 1719 742 1778 Unde
770 1727 868 1776 tamen
890 1719 982 1776 enim
1005 1728 1098 1775 ortum
1123 1737 1177 1794 pn·

105 1823 258 1882 tabimns?
292 1825 414 1882 Poterat
446 1834 582 1900 suspecta
602 1841 666 1881 essa
687 1816 788 1898 ‘prava
809 1823 920 1880 librarii
942 1824 1091 1899 diligentia
1112 1842 1178 1880 scn-

106 1930 217 1986 tentiss
239 1937 354 1986 nectere
375 1929 515 1986 studentis
536 1938 566 1986 et
585 1930 615 1986 in
637 1949 673 1986 eo
693 1927 866 1998 aberrantis,
888 1928 943 1985 nisi
965 1940 1074 1987 certam
1096 1948 1176 1986 men·

106 2037 139 2092 di
173 2035 315 2110 originem
346 2035 511 2091 ostenderet
538 2035 723 2092 distributiva
749 2033 928 2108 pronominis
951 2032 1047 2092 forma
1073 2036 1177 2104 rarior,

104 2159 200 2217 qnam
234 2138 336 2198 Cicero
371 2139 460 2195 semel
492 2140 581 2196 habet
613 2139 664 2212 (ad
686 2139 775 2196 Attio.
798 2138 866 2208 xil,
889 2139 955 2212 33).
1014 2138 1178 2214 scripserat

110 2247 189 2303 enim
215 2245 329 2302 Livius:
366 2245 520 2313 lauteni
554 2244 709 2301 clientes
737 2243 837 2301 circa
856 2243 1025 2318 singulos
1047 2243 1176 2302 fuistis

109 2361 306 2426 patronos,
340 2355 394 2404 tot
423 2367 517 2406 nuno
546 2350 728 2406 adversus
763 2367 869 2406 unum
896 2351 1034 2407 bostem
1058 2351 1176 2413 eritis.

111 2454 285 2530 (Quoteni
307 2483 345 2496 -··
369 2454 543 2530 singulos,
565 2463 620 2511 tot
641 2485 682 2498 ··-
704 2460 834 2525 unnm.)
887 2455 935 2512 Ex
955 2455 1013 2511 cni
1034 2455 1136 2512 litteris
1158 2475 1177 2513 a

108 2571 204 2636 qnot
226 2557 371 2616 distractis
393 2558 503 2617 lactum
525 2568 570 2616 est
591 2560 692 2620 enim.

197 2663 271 2740 Cap.
296 2666 353 2734 27,
376 2669 393 2722 3
417 2665 479 2737 (ubi
501 2666 537 2722 de
559 2666 623 2723 aeris
645 2665 732 2723 alieni
751 2667 862 2724 incerta
883 2665 963 2722 fama
985 2665 1094 2741 agitur)
1116 2685 1175 2724 non

108 2777 190 2829 recta
218 2770 320 2827 scribi:
352 2770 646 2846 aggravantibus
677 2789 847 2830 summam
884 2771 995 2828 etism
1026 2771 1177 2829 invidie

109 2991 311 3002 ...-.-.--·--·-

183 3113 420 3165 Weissenborninm
453 3117 542 3164 eodem
571 3118 608 3166 nti
634 3117 753 3182 perfugio
784 3119 917 3182 indignor,
947 3121 1087 3184 prasertim
1117 3130 1176 3184 post

184 3205 324 3268 Kreyssigii
343 3207 541 3257 admonitionem
562 3208 588 3256 in
606 3209 716 3259 Adnott.
744 3211 776 3259 sd
804 3211 868 3260 Livii
896 3211 975 3261 libros
1001 3211 1176 3262 XLI-XLV

183 3313 209 3360 p.
221 3301 261 3346 90.
297 3298 360 3346 Dixi
379 3297 411 3347 de
431 3307 485 3348 tota
504 3313 530 3347 re
549 3308 575 3348 et
592 3301 659 3350 hunc
678 3302 761 3365 ipsum
775 3303 859 3352 locum
880 3317 938 3352 cnm
956 3303 1083 3353 similibus
1102 3317 1174 3353 com·

184 3390 283 3452 prarari
302 3405 381 3454 supra
398 3407 424 3455 p.
445 3396 481 3439 14
500 3407 537 3455 sq.
574 3392 625 3442 Sed
644 3394 725 3443 multo
743 3395 847 3457 gravius
866 3403 912 3454 ost,
931 3395 1000 3457 qnod
1019 3410 1043 3444 c.
1058 3401 1100 3455 20,
1115 3395 1175 3444 aab

182 3482 273 3530 eodem
292 3481 488 3547 interpolatore,
516 3485 664 3548 perturbata
681 3501 784 3550 prorsus
808 3496 935 3538 structura
953 3487 1089 3546 orationis,
1110 3489 1176 3536 inter

181 3575 282 3623 modios
302 3575 438 3625 infinitiros
455 3576 633 3640 interpositum
652 3587 690 3628 est
709 3581 881 3644 produxit,
905 3595 951 3644 pro
976 3594 1027 3642 qno
1046 3581 1114 3644 quod
1133 3595 1176 3629 sn-

182 3666 294 3729 parlores
313 3667 385 3728 (ante
407 3667 613 3732 Alschefskium)
632 3671 743 3721 editores
761 3673 945 3721 substituerunt
962 3671 1174 3735 produxisse,

182 3757 336 3808 Bhensnnm
351 3760 441 3818 secuti,
462 3761 555 3810 rectius
574 3763 678 3812 alteram
698 3764 810 3813 eiusdem
831 3764 1016 3822 coniecturam,
1045 3764 1077 3812 ad
1097 3779 1173 3828 quam

182 3849 236 3914 ipss
255 3851 336 3914 magis
355 3851 507 3913 inclinabat,
527 3855 607 3903 sconti
626 3863 726 3914 essent,
745 3863 774 3904 ut
796 3857 900 3905 verbum
919 3870 1023 3919 prorsus
1042 3855 1175 3916 tollerent;

179 3941 286 3990 auditur
304 3943 371 3991 enirn
391 3943 646 4008 (exsuperiorsillos
666 3963 730 3997 non
749 3961 1019 3998 commemorasse
1038 3957 1175 4008 tantum,

179 4036 236 4083 ssd
254 4036 451 4098 produxisse
470 4038 580 4102 etism)
599 4054 879 4090 commemorasse.
