2810 4644
328 267 493 340 nam.
794 269 854 327 res

293 453 353 510 rari
384 463 413 510 et
439 453 516 512 intra
545 463 660 530 portam
691 451 782 511 inisse
810 451 951 530 intelligi?
984 450 1045 510 Cur
1075 471 1173 510 eornm
1193 453 1347 524 mention

294 559 489 635 superioribas
510 559 649 628 minnota,
681 577 747 616 cum
770 578 880 629 eornm,
903 575 967 633 quae
987 567 1070 614 extra
1090 567 1203 632 portam
1225 555 1346 626 ineram,

294 664 794 741 commemorat-ione*coniungitur?
838 665 911 739 Qua
940 663 1042 722 deinde
1063 664 1125 720 brec
1148 673 1192 720 est
1210 663 1346 740 pravitas,

294 771 328 828 in
364 769 509 845 templis
540 781 678 847 vagatum
725 771 820 846 ignem
862 789 968 829 secra
997 768 1228 845 profanaque
1260 769 1348 826 multa

294 874 511 952 absumpsisse?
534 877 635 936 Livius
651 879 819 954 scripserat:
840 877 928 940 Solo
947 883 1092 950 aequata
1113 876 1231 932 omnia
1252 877 1348 933 inter

295 982 443 1042 Salinas
473 1001 513 1040 ao
538 993 681 1058 portam
711 982 980 1042 Carmentalem
1012 1000 1088 1038 cum
1116 981 1347 1057 AEquimselio

294 1087 517 1164 Iugarioque
538 1089 619 1145 vico
641 1094 677 1152 et
697 1089 843 1165 templis
866 1091 1038 1148 Fortunoe
1059 1105 1100 1144 ac
1123 1087 1257 1146 Matris
1278 1089 1346 1146 Ma·

292 1203 387 1252 tutte.
429 1193 544 1252 Extra
566 1202 710 1270 portam
736 1194 811 1252 late
831 1203 987 1270 vagatus
1008 1193 1106 1268 ignis
1128 1210 1236 1250 sacra
1255 1192 1346 1269 prof.

293 1320 333 1363 m.
356 1301 418 1357 abs
459 1299 545 1372 (inter
572 1318 608 1356 ca
635 1317 721 1356 sacra
750 1301 820 1376 Spei
841 1302 989 1378 templum,
1018 1301 1098 1358 ouius
1119 1317 1225 1356 nomen
1249 1289 1347 1357 Livius

293 1407 321 1464 h.
345 1406 365 1462 l.
388 1401 508 1484 omisit).
560 1405 623 1462 Iam
646 1415 724 1464 recte
745 1417 935 1481 separantur,
967 1425 1031 1481 quie
1059 1417 1142 1464 extra
1163 1418 1280 1482 portem
1305 1407 1346 1463 in-

294 1522 397 1586 traque
419 1530 483 1568 eam
506 1509 628 1568 fixerunt.
675 1511 794 1569 Excidit
815 1522 850 1569 et
871 1519 938 1568 ante
961 1519 989 1582 t,
1023 1524 1084 1570 tum
1119 1513 1155 1569 in
1178 1508 1345 1584 additum²>

293 1615 403 1675 Contra
426 1625 460 1672 et
481 1615 556 1672 inter
577 1616 724 1672 Matutae
747 1627 851 1674 extra
872 1617 958 1675 facile
978 1627 1087 1675 natum.

383 1719 456 1796 Cap.
476 1723 524 1790 49,
542 1725 574 1780 5:
598 1721 746 1799 Syphax
767 1742 841 1780 oum
863 1724 990 1800 paucis
1004 1724 1189 1798 equitibus
1204 1726 1239 1782 in
1255 1726 1346 1782 Meu-

293 1826 412 1884 rusios
434 1845 476 1884 ex
497 1826 575 1884 acie
595 1828 775 1887 Numidas
796 1859 833 1872 -
857 1830 1010 1888 extremi
1034 1849 1147 1906 prope
1168 1829 1345 1888 Oceanum

293 1931 473 1990 adversus
495 1931 618 1990 Gades
640 1934 765 1992 colunt
788 1967 823 1977 -
848 1935 994 2012 refugit.
1043 1936 1112 1994 Non
1132 1936 1228 2011 potuit
1251 1937 1345 1994 Livius

293 2047 353 2095 tam
372 2056 510 2114 perverso
531 2040 686 2096 verborum
709 2039 809 2098 ordine
831 2042 881 2111 uti,
902 2049 934 2099 ut
956 2062 1060 2100 nomen
1083 2062 1120 2100 ex
1141 2043 1256 2102 duobus
1271 2061 1344 2101 com·

292 2143 418 2220 positum
449 2144 670 2211 (Maurusios
703 2145 892 2221 Numidas)
926 2149 1074 2206 divelleret
1105 2149 1276 2224 interposito
1307 2167 1344 2205 ex

290 2251 380 2308 acie.
423 2251 543 2324 Itaque,
573 2250 598 2307 si
629 2250 730 2309 Livius
762 2239 928 2312 Maurusios
956 2254 975 2310 h
1006 2254 1026 2313 l.
1048 2253 1184 2312 Numidis
1206 2273 1341 2312 annume-

289 2357 374 2428 ravit,
396 2375 455 2414 una
473 2355 570 2412 littera
591 2357 730 2414 mutanda
751 2356 874 2427 videtur,
899 2367 930 2414 ut
950 2359 1107 2416 scribatur:
1140 2360 1175 2416 in
1206 2359 1343 2417 Mauru-

289 2465 365 2522 sios
386 2482 429 2520 ex
453 2462 533 2520 scie
556 2493 596 2507 -
617 2462 780 2520 Numida
805 2465 958 2521 extremi
984 2484 1098 2541 prope
1120 2465 1178 2524 Or.
1206 2466 1286 2522 adv.
1307 2463 1342 2522 G.

290 2569 416 2628 colunt
436 2601 477 2612 -
498 2567 645 2645 refugit.

701 2762 780 2836 Lib.
812 2761 936 2836 XXV.

380 2933 452 3011 Cap.
476 2933 503 3006 1,
529 2939 553 2993 1.
596 2935 632 2993 In
653 2935 718 3012 ipso
740 2936 806 2993 libri
827 2937 909 2994 initio
931 2935 1036 2994 insidet
1048 2937 1182 2995 mendum
1204 2947 1234 2994 et
1255 2935 1344 2994 meni·

290 3039 395 3096 festum
418 3052 446 3096 et
467 3059 550 3110 nunc,
574 3041 684 3116 optimo
706 3041 780 3099 libro
802 3043 881 3099 viam
903 3049 1097 3114 monstrante,
1128 3043 1282 3100 emendato
1304 3040 1344 3099 f·

290 3143 352 3201 cile.
400 3145 550 3204 Edebatur
572 3147 660 3204 enim:
683 3147 772 3205 Dum
794 3149 869 3205 haec
890 3149 928 3205 in
950 3147 1081 3206 Africa
1107 3191 1136 3211 ..
1161 3121 1342 3225 geruntur,

290 3251 477 3309 Hannibal
502 3252 536 3309 in
568 3271 656 3328 agro
689 3253 890 3311 Tarentino
917 3261 1080 3310 testatem
1105 3252 1345 3330 consumpsit,

290 3373 353 3433 spa
374 3378 437 3434 per
457 3357 707 3434 proditionem
722 3358 825 3417 urbis
840 3359 1127 3416 Tarentinorum
1152 3355 1342 3434 potiundae.

290 3459 458 3536 Ipsorum
504 3464 650 3522 interim
696 3463 971 3524 Salentinorum
1016 3464 1200 3540 ignobiles
1237 3463 1343 3520 urbes

290 3565 333 3622 cd
357 3585 432 3624 eum
454 3567 677 3628 defecerunt.
722 3571 818 3645 Quum
844 3581 1006 3647 appareret,
1037 3587 1129 3647 prave
1163 3571 1266 3647 ipsos
1287 3567 1343 3626 Sa·

309 3885 333 3953 ¹)
361 3887 389 3939 C.
409 3893 484 3950 aa?
514 3893 544 3940 in
574 3840 714 3944 nisdaac
743 3896 920 3944 temeraria
950 3901 1034 3958 potest
1064 3894 1157 3943 latere:
1188 3891 1281 3942 fluxa
1309 3901 1340 3934 sc

360 3984 542 4032 temeraria.
592 3985 761 4037 Promissa
787 3987 822 4036 rei
846 3997 872 4038 et
896 3987 969 4037 elteri
997 3986 1120 4035 ediectivo
1142 3997 1233 4048 parum
1258 3987 1340 4044 aptum

361 4075 467 4124 videtur.
