2800 4646
599 288 653 342 tlt
934 283 1158 339 mexxvm.

180 463 253 541 Cap.
279 467 337 536 21,
374 469 407 525 ll
441 466 482 540 (in
504 463 699 542 descriptione
718 467 822 544 proelii
845 487 864 526 e
885 467 941 528 Cn.
962 469 1073 528 Manlio
1095 475 1159 528 cum

93 569 192 628 Gallis
212 571 300 644 incip
323 571 393 632 Sed
414 591 482 631 non
503 573 814 648 'competentibus
835 575 957 651 plegio
973 574 1077 650 (Gelli)
1091 595 1159 634 mc·

94 685 246 747 ventum
267 678 458 749 interdum,
481 679 623 736 insecta
645 686 741 750 cute,
767 681 828 738 ubi
850 680 965 740 letior
986 699 1089 756 quem
1111 682 1159 739 el-

91 781 168 839 tior
189 782 303 858 plage
323 793 388 855 est,
410 783 521 842 etiem
543 783 751 860 gloriosius
773 804 811 844 sc
832 805 995 863 pugnero
1009 797 1159 862 putent;

91 886 223 958 iidem,
255 909 360 964 quum
393 890 542 948 eculeus
580 889 727 966 sagitte
764 899 826 949 eut
857 892 1004 968 glandis
1026 893 1160 951 obditse

91 994 280 1053 introrsus
303 997 401 1054 tenui
422 997 577 1054 vulnere
599 997 812 1072 inspeciem
835 997 909 1056 urit
935 1041 1005 1070 ...,
1027 1009 1101 1058 tum
1123 1001 1159 1058 in

90 1097 233 1156 rabiem
267 1109 302 1157 et
334 1101 506 1176 pudorem
535 1113 607 1159 tom
645 1120 769 1178 pervae
795 1103 1010 1178 perimentis
1039 1107 1158 1182 pestis

90 1204 193 1262 versi
214 1216 455 1280 prosternunt
477 1225 635 1284 corpore
655 1207 761 1278 humi,
782 1208 834 1266 sic
856 1219 894 1266 ut
915 1211 1053 1286 passim
1076 1231 1158 1288 pro-

91 1309 317 1372 cumberent.
374 1313 460 1384 Alii,
482 1321 631 1371 ruentes
653 1312 689 1369 in
710 1313 869 1384 bostem,
891 1316 1053 1392 nudique
1074 1334 1157 1375 con·

90 1413 309 1490 figebantur
330 1427 382 1488 et,
414 1437 520 1494 quum
550 1418 716 1477 cominus
748 1431 945 1491 renerent,
980 1422 1158 1497 gladiise

90 1519 270 1580 velitibus
299 1525 597 1584 trucidabantur.
654 1524 781 1581 Prorsus
808 1543 944 1600 perverse
973 1525 1158 1586 confunditur

88 1627 307 1686 consuetudinis
328 1637 476 1706 perpetuos
505 1628 661 1704 descriptio
684 1631 896 1700 (moventur
1026 1641 1158 1708 putent

97 1776 126 1790 ..
148 1740 410 1809 prosternunt)
427 1736 512 1794 etrei
528 1743 587 1792 tum
609 1734 920 1809 iectnnerretio(sic
942 1745 978 1794 ut
992 1755 1155 1812 procum·

89 1838 250 1908 berentl;
271 1859 324 1898 nec
345 1841 407 1899 tolli
428 1842 549 1913 vitium,
582 1841 606 1898 si
635 1859 699 1899 cnm
719 1841 855 1900 Welchio
878 1843 1033 1902 scribatur:
1060 1845 1158 1903 sicut

94 1986 125 2003 ..
155 1947 446 2018 procumberent,
479 1948 568 2004 sensit
600 1947 876 2018 Weissenbornius,
909 1949 959 2024 qui
980 1959 1077 2008 temen
1102 1951 1157 2008 boc

87 2059 207 2108 secutus
229 2063 289 2123 cet3
309 2052 403 2109 iosnis
428 2051 503 2110 enim
526 2053 714 2129 comparatio¹
730 2059 775 2110 est
802 2055 1050 2128 (prosternunt
1082 2073 1158 2114 cor-

87 2175 181 2232 pore
202 2158 299 2216 sicut
317 2159 628 2234 procumberent);
641 2158 859 2216 etdesideretur
872 2158 1157 2234 primapersnerre·

89 2263 188 2328 tionis,
210 2265 255 2320 cui
277 2263 452 2339 respondent
473 2262 557 2321 illud:
579 2263 654 2322 Alii
684 2309 711 2324 ..
741 2263 1039 2338 configebantur.
1083 2267 1154 2323 Per·

89 2369 223 2444 spiceum
247 2380 299 2440 cst,
323 2370 537 2428 consuetudinis
568 2353 721 2429 Gallorum
753 2369 976 2445 descriptionem
997 2371 1153 2429 subsistere

90 2475 122 2532 in
152 2475 197 2532 bis
230 2476 340 2534 verbis:
374 2484 618 2552 prosternunt
649 2493 810 2550 corpore
841 2475 946 2532 humi.
1002 2475 1157 2552 Subiungit

90 2579 196 2638 deinde
218 2581 329 2650 Livius,
350 2582 426 2640 idem
448 2583 478 2639 in
500 2581 560 2654 illo,
582 2582 661 2656 quod
681 2599 758 2638 nunc
779 2592 933 2652 narretur,
961 2581 1071 2656 proelio
1093 2580 1155 2639 fec-

90 2697 153 2744 tum
179 2705 251 2757 esse,
272 2707 326 2746 nec
347 2697 445 2746 temen
467 2689 504 2746 ab
528 2688 675 2745 omnibus:
708 2686 769 2745 Sic
799 2705 904 2760 quum
937 2685 1036 2762 (cum)
1073 2706 1155 2763 pes-

92 2792 158 2848 sim
182 2795 479 2868 procumberent,
513 2791 577 2850 elii
599 2801 749 2852 ruentes
772 2793 808 2850 in
829 2793 974 2850 bostem
996 2793 1156 2869 undique

92 2897 392 2973 configebantur.
718 2897 722 2902 ’

184 3002 256 3081 Cap.
281 3006 338 3072 22,
361 3008 378 3062 4
402 3014 431 3060 et
453 3007 484 3061 5:
507 3003 623 3064 Simul
654 3003 721 3079 (Cn.
745 3005 872 3062 Manlius
894 3005 1007 3076 consul)
1039 3015 1158 3063 strete

93 3130 157 3186 per
179 3110 339 3168 tumulos
372 3128 532 3186 corpore
555 3108 749 3168 Gallorum
783 3119 950 3168 ostentet
979 3121 1030 3182 et,
1051 3129 1158 3185 quum

94 3217 189 3275 levis
211 3223 403 3272 armature
423 3215 497 3272 tale
518 3215 699 3291 proelium
726 3216 904 3284 ediderit,
932 3216 1018 3291 quid
1041 3216 1084 3274 eb
1105 3217 1158 3273 le-

93 3321 281 3398 gionibus,
304 3321 389 3396 quid
411 3321 455 3378 eb
477 3321 588 3378 iustis
613 3323 734 3394 ermis,
759 3323 845 3399 quid
868 3323 911 3379 eb
932 3321 1061 3380 enimin
1086 3321 1159 3380 for-

93 3428 320 3486 tissimorum
350 3427 506 3485 militum
532 3427 765 3504 exspectari?
821 3427 870 3487 Sic
905 3427 1010 3486 dicitur
1037 3435 1159 3484 osten·

92 3544 148 3592 tet
170 3543 212 3604 et,
234 3544 265 3590 ut
288 3533 452 3590 necessario
474 3533 552 3591 eliud
574 3535 694 3594 verbum
718 3535 800 3609 sequi
822 3535 939 3604 debeet3
960 3533 988 3590 id
1007 3551 1060 3589 nec
1074 3532 1159 3590 cmit-

93 3642 116 3698 ti
147 3640 208 3698 ulle
242 3639 355 3697 ratione
384 3647 481 3713 potest
510 3657 563 3697 nec
592 3651 690 3698 temen
710 3641 780 3717 poni
803 3641 849 3711 id,
873 3639 951 3716 quod
966 3646 1160 3716 exspectetur,

94 3747 234 3822 querit,
256 3743 393 3820 quoniam
415 3743 441 3801 ei
459 3745 572 3804 infinite
593 3747 687 3805 cretio
710 3745 811 3804 subiici
834 3745 943 3821 nequit.
985 3743 1159 3803 Tollendum

93 3851 260 3910 necessario
282 3860 326 3920 et,
351 3859 384 3908 ut
405 3851 499 3910 cretio
520 3853 641 3928 oblique
661 3862 689 3911 et
709 3851 899 3928 iuterrogatio
927 3851 1061 3910 infinitivi
1081 3851 1161 3910 modi

94 3979 148 4036 per
169 3977 201 4016 se
221 3965 350 4034 ponetur
370 3957 593 4016 accommodate
625 3957 663 4015 ed
698 3975 764 4016 eom
800 3957 1057 4034 significationem,
1097 3975 1161 4034 qun

94 4075 140 4122 est
162 4065 192 4120 in
214 4072 395 4135 ostentet,
410 4063 753 4122 consmndssimebstini
775 4065 916 4122 sermonis
941 4063 1163 4124 cousuetudine:
