2820 4646
626 247 685 303 583
1014 244 1072 294 Lib.
1088 245 1185 295 XLIV.

126 428 253 486 Plinium
273 427 424 486 Maiorem.
478 429 564 503 Quod
587 412 682 488 aut‘etn
705 430 855 488 subiicitur
877 431 903 503 (ᾖ
927 431 975 505 2),
1006 441 1119 488 montes
1143 431 1186 488 in-

126 535 221 611 gentis
254 533 412 591 altitudinis
444 551 524 610 spem
557 533 669 606 faeiem,
704 555 744 593 co
777 535 914 612 tnagis,
947 537 1034 611 quia
1064 537 1186 595 nullos

126 649 276 718 apertos
297 649 513 714 evergerent
533 640 650 711 rivos,
681 642 849 700 occultos
880 643 1072 700 continere
1094 651 1187 712 (recte

126 747 278 806 Dukerus:
300 745 668 820 contineriilatices,
700 768 759 806 nou
789 747 883 806 solum
908 748 977 806 alibi
999 767 1057 812 non
1078 748 1185 824 reperi·

125 865 172 912 tur
194 871 382 928 evergete,
410 852 461 909 sed
483 871 519 908 ne
540 871 693 930 vergere
716 855 831 930 quidem
854 854 948 930 ipsum
970 854 1121 912 transitive
1142 854 1186 912 di·

125 961 199 1018 eitur
219 959 274 1016 uisi
296 958 374 1034 opud
395 967 507 1033 poetas,
528 959 738 1034 significatione
755 961 812 1019 ulio
827 961 993 1032 inclinante,
1016 961 1052 1017 de
1065 961 1186 1018 humore

126 1068 154 1124 in
187 1085 240 1124 vas
271 1064 448 1124 infundendo
479 1063 672 1140 (eingiessan).
725 1067 760 1124 In
792 1067 891 1126 codice
923 1077 983 1124 est:
1016 1084 1185 1141 evergan-

127 1173 275 1240 ttrivos;
303 1171 366 1228 lieri
386 1179 492 1248 potest,
514 1179 546 1228 ut
566 1171 703 1248 scriptum
720 1171 806 1230 fiterit
828 1173 896 1232 olim
921 1181 1114 1248 egererent
1135 1181 1187 1228 aut

125 1279 316 1355 erigerent
338 1257 592 1358 (oirune'pttrrtr).
647 1279 740 1336 Paulo
763 1289 830 1355 post
849 1277 879 1354 (ξ
904 1277 944 1354 5),
975 1278 1024 1336 ubi
1047 1278 1083 1334 de
1104 1277 1185 1334 insti·

125 1385 194 1442 tutis
214 1385 327 1444 AEmilii
349 1385 379 1442 in
401 1405 433 1442 re
456 1383 572 1442 militari
595 1385 705 1460 agitur,
735 1386 797 1442 haec
818 1385 966 1460 leguntur:
1001 1383 1070 1442 His
1093 1383 1185 1440 satis

125 1491 351 1568 exploratis,
372 1491 442 1548 ille
464 1509 610 1566 quoque
630 1490 800 1566 primunt,
833 1499 872 1547 ut
893 1489 1022 1547 ordine
1043 1508 1083 1549 ac
1105 1489 1185 1546 sine

123 1597 279 1655 tumultu
301 1599 419 1656 omnia
436 1591 482 1655 ad
499 1607 620 1654 nutum
638 1595 903 1672 imperiumque
924 1595 1184 1666 ducisfierent,

123 1704 303 1778 providit.
361 1705 431 1762 Non
453 1712 549 1781 potest
570 1703 611 1760 sic
638 1702 803 1778 pronomini
823 1701 944 1780 pluralis
977 1701 1105 1772 numeri,
1139 1719 1184 1772 eu,

124 1828 190 1884 quta
210 1811 391 1868 subiecturus
413 1809 538 1886 scriptor
560 1817 617 1876 est,
650 1807 784 1865 universo
818 1807 1045 1875 demonstranti,
1076 1808 1184 1874 statim,

122 1917 250 1972 nondum
272 1917 369 1992 posito
396 1917 502 1986 verbo,
534 1913 669 1989 subiungi
699 1913 863 1990 partitionis
895 1924 924 1972 et
955 1915 1040 1990 primi
1063 1915 1184 1972 membri

122 2033 194 2078 nota
219 2021 411 2098 (primum);
446 2039 565 2098 prorsus
597 2020 673 2078 enim
704 2021 877 2076 obscuratur
907 2031 936 2076 et
962 2022 1100 2079 evertitur
1120 2023 1185 2098 ipsa

122 2127 330 2186 demonstratio
351 2137 380 2186 et
405 2127 585 2205 pronominis
616 2127 797 2202 significatio.
856 2127 979 2186 Poterat
1012 2128 1083 2188 dici:
1118 2127 1185 2187 illa

125 2251 271 2309 quoque
295 2234 478 2310 providit,
514 2233 666 2309 primum
688 2243 725 2290 ut
746 2244 816 2303 cet,
848 2243 879 2290 ut
901 2253 956 2310 pro
979 2235 1071 2292 altero
1094 2254 1184 2292 mem·

125 2341 179 2398 bro
202 2339 305 2397 deinde
326 2349 438 2397 mutata
459 2349 603 2398 structura
624 2341 812 2398 subiiceretur
832 2339 917 2396 illudt
951 2341 1098 2416 Vigiles
1121 2342 1183 2398 eti·

124 2465 177 2504 um
200 2457 253 2504 cet.
308 2445 493 2520 Quamquam
525 2447 572 2504 hic
597 2465 713 2522 quoque
743 2445 922 2522 pronominis
953 2462 1036 2514 usus,
1070 2445 1183 2504 adiecto

124 2553 282 2629 prasertim
317 2551 507 2622 anacolutho,
549 2549 696 2610 Ciceronis
734 2551 859 2609 orationi
892 2551 986 2627 magis
1018 2551 1184 2609 conveniret

125 2677 212 2733 quam
237 2653 321 2716 Livii.
367 2658 484 2716 Accidit
504 2659 567 2729 hic,
599 2659 678 2733 quod
699 2658 728 2715 in
751 2657 892 2734 proximis
915 2656 1111 2732 superioribus
1134 2675 1183 2715 ac·

124 2765 228 2822 cidisse
249 2765 435 2834 recentiores,
460 2764 576 2840 cognita
597 2764 704 2822 codicis
726 2765 870 2840 scriptura
902 2763 929 2840 (ξ
953 2769 985 2820 t:
1007 2763 1087 2839 ipse
1108 2781 1183 2821 curn

125 2869 285 2928 tribunis
309 2870 511 2947 primisque
544 2869 738 2928 ordinibus
772 2887 847 2944 quta
869 2867 912 2925 ad
935 2870 1183 2946 contemplan-

124 2977 190 3034 dos
211 2977 414 3050 transitus),
442 2976 585 3046 viderunt,
608 2984 641 3032 ut
661 2976 781 3032 verbum
804 2995 891 3032 unum
914 2985 966 3033 aut
988 2975 1110 3034 alterum
1133 2995 1183 3034 ex·

123 3081 239 3152 cideret,
262 3101 349 3157 quum
371 3081 535 3140 huiusmodi
558 3075 659 3139 luisset
680 3082 820 3139 orationis
835 3081 945 3140 forma:
973 3083 1037 3140 llis
1062 3085 1182 3160 explo-

122 3187 229 3258 ratis,
251 3189 327 3250 ulla
349 3207 496 3264 quoque
519 3185 688 3266 [noverit
708 3187 771 3245 vel:
789 3187 826 3244 in
848 3187 977 3245 melius
1001 3188 1181 3269 mutarim]

122 3295 289 3370 primum,
320 3305 358 3352 ut
379 3295 509 3352 ordine
532 3293 754 3364 ...fierent,
775 3294 951 3370 providit.
986 3297 1086 3370 Atque
1107 3296 1183 3354 idem

122 3401 151 3458 in
171 3401 215 3472 iis,
237 3420 302 3476 quae
322 3410 482 3476 sequuntur
505 3398 532 3477 (ἐ
546 3402 587 3472 6),
608 3399 717 3458 factum
737 3419 800 3458 esse
818 3401 941 3472 videtur,
964 3401 1015 3458 sed
1038 3403 1183 3477 apertiore

121 3507 158 3565 de
180 3526 278 3566 causa.
321 3507 400 3564 Num
423 3516 455 3564 ut
473 3525 549 3565 nunc
567 3507 673 3564 editur:
696 3508 765 3567 Ubi
789 3507 955 3566 omnibus
977 3507 1084 3566 simul
1105 3527 1183 3584 pro-

121 3613 372 3685 nuntiaretur,
395 3613 491 3690 quod
513 3613 643 3684 lieret,
672 3633 787 3690 neque
810 3633 933 3672 omnes
955 3615 1182 3686 exaudirent,

121 3718 267 3776 incerto
295 3719 447 3796 imperio
482 3731 651 3796 accepto,
684 3721 780 3778 alios
886 3720 967 3796 plue
1001 3741 1058 3792 eo,
1089 3723 1182 3797 quud

121 3823 341 3901 imperatum
363 3825 425 3896 sit,
457 3825 554 3884 alios
590 3827 706 3884 minus
735 3825 877 3898 facere,
908 3827 947 3898 id,
979 3827 1057 3904 quod
1089 3828 1182 3886 minus

121 3941 200 3990 recte
221 3931 352 3989 instituto
374 3931 497 3991 allicitur
519 3935 564 4008 (ut
581 3951 638 3990 non
650 3951 750 3991 omnes
763 3933 950 4009 exaudient),
972 3933 1014 3991 ita
1035 3935 1182 4011 cumipse

120 4037 251 4096 instituto
282 4037 482 4114 coniungitur,
511 4047 543 4096 ut
570 4039 733 4116 tautologia
754 4049 899 4104 nascatur.
950 4041 1064 4115 Itaque,
1094 4059 1182 4116 quum
1247 4069 1251 4078 ¹
