2826 4650
772 275 789 336 4

253 453 433 524 Bekkemm,
471 473 517 510 me
537 454 721 530 ignorabant.
777 454 824 510 De
852 454 922 530 ipsis
943 455 1029 510 rebus
1051 474 1069 510 a
1091 454 1175 511 Livio
1196 455 1308 512 traditis

253 579 366 618 omnem
389 561 589 636 quaestionem,
619 579 683 634 quar
711 576 769 614 aon
791 578 856 616 cum
878 559 975 616 verbis
1003 568 1032 647 et
1052 559 1191 618 orationis
1213 559 1308 618 forma

252 685 384 742 veraeque
406 666 554 741 scriptura
581 665 784 723 constitutione
812 664 964 722 coniuncta
990 675 1079 734 esset,
1113 667 1240 724 studiose
1263 666 1308 722 hio

252 773 360 842 vitavi,
378 791 433 848 per
453 791 485 830 se
506 773 581 830 enim
603 773 718 846 aliaque
735 771 879 828 scribendi
899 769 1003 841 forma,
1025 787 1092 850 qum
1113 791 1147 828 oo
1168 781 1309 846 spectant,

252 879 405 936 tractanda
423 889 505 946 sunt3
538 898 574 936 ne
604 879 668 953 quis
694 877 793 934 credat
820 895 866 934 me
889 877 1043 952 quicquam
1065 877 1100 934 iis
1121 889 1150 934 et
1169 877 1261 934 verba
1281 886 1310 932 et

251 984 381 1041 instituta
402 993 500 1042 vetera
526 983 680 1040 enarrandi
711 983 837 1040 artificiis
865 983 1007 1052 tribuere,
1043 984 1146 1057 quibus
1173 983 1202 1040 iu
1234 983 1308 1040 libro

251 1077 382 1147 VIlIc.
411 1092 429 1148 8
462 1091 512 1156 (de
533 1089 645 1165 legione
673 1099 703 1146 et
730 1089 792 1145 acie
817 1090 953 1146 Romana
976 1087 1109 1163 antiqua)
1143 1097 1195 1146 aut
1215 1108 1240 1149 c.
1273 1093 1306 1145 14

238 1193 303 1272 ·(de
325 1197 440 1254 civitate
463 1196 574 1254 Latinis
595 1195 676 1264 data)
707 1204 757 1252 aut
783 1194 813 1250 in
834 1194 907 1252 libro
930 1195 1054 1266 XXVI,
1078 1197 1116 1253 st
1149 1195 1200 1270 (de
1221 1193 1308 1252 Cam·

250 1301 347 1378 panis)
380 1301 556 1360 similibusve
585 1301 656 1359 locis
678 1301 755 1359 Livii
781 1300 812 1356 in
838 1301 924 1358 rebus
946 1299 1071 1375 antiquis
1093 1318 1205 1357 errores
1228 1300 1308 1356 obte-

250 1419 358 1484 guntur
384 1417 434 1464 aut
458 1408 573 1466 incertae
594 1409 781 1480 obscuraeque
805 1406 893 1464 animi
917 1407 1026 1464 notitias
1047 1406 1143 1463 verbis
1165 1404 1308 1480 ambiguis

252 1525 280 1572 et
303 1515 448 1590 suspensis
470 1530 614 1588 expressa
635 1521 774 1588 tanquam
796 1523 881 1570 certas
903 1523 931 1570 et
952 1532 1027 1570 verae
1048 1511 1239 1587 explicantur.

333 1833 478 1906 Quoniam
501 1831 610 1898 omnis,
633 1829 683 1904 qui
706 1829 744 1884 ad
764 1829 848 1904 plura
870 1841 899 1887 et
919 1831 1002 1888 varia
1024 1850 1039 1887 e
1061 1830 1165 1887 veteris
1188 1830 1309 1888 alicuius

250 1939 398 2014 scriptoris
413 1937 548 2013 operibus
564 1935 669 1993 menda
690 1935 817 1992 tollenda
841 1936 995 2012 suscipitur
1016 1947 1145 2006 conatus,
1167 1937 1309 2011 siquidem

250 2055 311 2102 arte
333 2062 368 2100 ae
389 2044 501 2100 ratione
522 2042 684 2118 suscipitur,
706 2060 725 2097 a
747 2041 892 2111 codicum,
926 2042 1029 2116 quibus
1057 2061 1147 2118 opera
1168 2043 1219 2100 illa
1240 2062 1309 2100 con·
1355 2057 1357 2064 ’

249 2151 389 2219 tinuatur,
422 2149 610 2206 aestimatione
639 2147 782 2222 proficisci
804 2147 903 2216 debet,
936 2149 965 2204 in
995 2148 1071 2206 Livii
1092 2157 1187 2205 autem
1212 2167 1310 2224 opere,

249 2253 326 2328 quod
353 2265 472 2330 propter
498 2252 715 2329 amplitudinem
742 2253 935 2328 particulatim
963 2255 1194 2326 describebatur,
1223 2274 1309 2312 suum
1400 2263 1401 2277 ¹

248 2369 291 2416 est
322 2361 498 2436 singularum
529 2359 671 2417 decadum
698 2379 713 2416 e
743 2358 863 2415 diversis
890 2359 1035 2417 codicibus
1065 2361 1228 2436 archetypis
1257 2381 1310 2438 per

248 2477 400 2540 separatas
421 2468 551 2524 codicum
583 2465 686 2540 stirpes
713 2473 940 2540 propagatarum
972 2466 1054 2539 quasi
1078 2466 1309 2534 instrumentum,

247 2590 316 2629 suus
337 2572 530 2630 subsidiorum
552 2579 719 2646 apparatus,
742 2581 895 2645 antequam
919 2571 957 2626 ad
979 2571 1106 2646 singulos
1127 2571 1227 2630 decem
1247 2573 1308 2648 pri·

248 2695 360 2734 morum
383 2679 512 2736 locorum
529 2679 619 2748 locos,
641 2677 801 2751 dequibus
823 2675 1026 2752 disputandum
1048 2677 1110 2748 erit,
1132 2697 1308 2738 commemo·

247 2783 355 2840 randos
378 2785 479 2854 venio,
512 2783 634 2840 dicenda
661 2783 793 2856 quadam
821 2795 886 2840 sunt
909 2782 944 2838 de
970 2783 1117 2854 codicum,
1151 2785 1256 2859 quibus
1279 2785 1307 2844 hi

247 2887 313 2944 libri
335 2889 529 2958 continentur,
560 2899 588 2945 et
615 2889 787 2963 cognatione
815 2899 843 2945 et
875 2889 1010 2946 universa
1041 2889 1097 2947 fide
1119 2899 1148 2948 et
1168 2893 1308 2950 nonnulla

247 2994 276 3050 in
306 2995 361 3050 hoc
393 3012 498 3069 genere
529 2994 644 3052 uberius
677 2994 862 3069 explananda
895 2995 1062 3070 firmiusque
1094 2996 1307 3068 constituenda,

248 3119 335 3176 quam
356 3099 466 3158 factum
488 3099 581 3156 adhuc
596 3111 649 3160 est.
697 3103 744 3158 Ac
759 3101 882 3176 primum
898 3101 1014 3176 quidem
1029 3101 1099 3158 illud
1113 3117 1305 3178 pervagatum

247 3215 307 3274 est,
344 3205 479 3280 quoniam
514 3205 585 3264 folia
619 3207 807 3282 palimpsesta
839 3206 1020 3266 Veronensis
1054 3209 1162 3266 domini
1196 3210 1307 3268 malunt

246 3312 356 3370 intacta
383 3313 493 3370 servari
524 3331 611 3387 quam
639 3313 724 3370 Livio
754 3312 906 3388 prodesse,
937 3323 1047 3371 ceteros
1077 3333 1176 3374 omnes
1205 3317 1306 3392 prima

247 3418 363 3475 decadis
379 3419 492 3476 codices
517 3419 599 3476 unius
621 3437 684 3476 esse
705 3419 811 3494 stirpis,
836 3419 928 3476 ductae
950 3439 966 3476 e
988 3421 1095 3492 codice,
1120 3441 1205 3497 quem
1215 3423 1320 3490 Nicos

247 3523 342 3580 machi
364 3524 431 3594 duo,
453 3524 611 3582 Flavianus
635 3536 664 3582 et
685 3526 806 3595 Dexter,
828 3537 857 3583 et
878 3525 1064 3584 Victorianus
1089 3529 1305 3604 quadringentis

246 3649 338 3706 prope
359 3639 426 3706 post
446 3628 593 3688 Christum
614 3641 713 3689 natum
736 3632 818 3689 aunis
840 3633 1044 3704 emendarunt,
1066 3633 1146 3691 cuius
1169 3636 1305 3693 emenda·

247 3736 333 3794 tionis
359 3735 616 3812 subscriptionibus
643 3747 755 3795 testate
786 3740 955 3796 memoriam
991 3741 1040 3798 alii
1071 3741 1184 3798 codices
1213 3743 1305 3800 nostri

246 3843 301 3918 ipsi
323 3843 451 3920 pluribus
472 3843 543 3899 locis
564 3853 682 3901 servant
701 3843 779 3918 iique
801 3844 992 3920 antiquissimi
1017 3845 1162 3920 (Rhenani
1178 3847 1304 3905 Vorma-

247 3947 360 4019 tieusis,
390 3949 552 4018 Mediceus,
583 3950 772 4019 Parisiensis,
797 3951 877 4008 Leid.
898 3952 1038 4027 primus),
1068 3951 1117 4010 alii
1138 3953 1304 4012 certisumis
