2800 4646
578 294 636 350 277
937 289 994 342 Lib.
1002 291 1104 343 mv.

161 472 235 550 Cep.
258 474 308 544 24,
331 476 348 532 6
370 491 436 549 sqq.
488 473 610 533 Sublate
640 472 783 552 particule
811 482 862 546 et,
891 493 955 550 quse
987 477 1140 552 geminetis

73 579 216 638 exuemus
250 579 351 638 litteris
382 579 465 637 verbi
488 581 706 640 edocuisset
733 589 799 637 orta
830 581 992 641 cretionem
1026 593 1139 660 pertur-

75 687 128 743 bet
150 684 397 762 (urxx1,45,8
418 696 623 745 mecteeset
643 697 686 759 et,
709 688 745 745 de
766 705 823 762 quo
845 687 909 746 loco
931 689 1038 747 ‹lixied
1048 689 1139 760 XXI,

76 794 134 864 25,
157 790 189 867 9)
210 791 392 851 scribendum
418 801 475 850 est:
505 792 576 866 Qui
598 791 712 871 (index)
736 811 841 869 quum
866 794 996 852 ordine
1019 795 1141 856 omnia

73 899 300 969 edocuisset,
312 897 540 975 principium
556 898 825 956 coniurationis
842 898 979 958 factum
995 902 1038 959 eb
1051 903 1140 960 Her·

74 1003 366 1064 monierGelonis
381 1003 471 1062 tili·
484 1004 636 1081 nuptiis,
738 1003 809 1062 iem
826 1007 1138 1066 mercenariorum

75 1130 233 1181 menum,
270 1113 458 1168 adsuetam
485 1107 654 1185 imperiis
682 1111 943 1170 Andrenodori
970 1122 1138 1188 perstem

75 1217 196 1274 luisse
217 1217 261 1273 ed
282 1217 446 1275 Insulsm
466 1233 595 1274 rursus
616 1215 885 1292 occupandum,
907 1217 1057 1294 singule
1079 1220 1139 1278 de-

76 1323 161 1380 inde
276 1332 359 1379 ente
390 1321 515 1379 oculos
539 1324 675 1398 posuit.
724 1322 917 1394 Ausculuthi,
948 1324 1047 1398 quelle
1068 1343 1140 1383 vere

75 1447 142 1486 esse
165 1428 268 1502 solent,
282 1445 335 1485 nee
356 1445 446 1486 cause
466 1427 522 1486 fuit
543 1449 595 1487 nec
617 1429 769 1504 vestigium
793 1437 846 1486 est.

162 1531 237 1608 Cep.
261 1535 310 1602 25,
334 1537 371 1592 S:
392 1535 445 1592 Ee
465 1545 597 1592 nature
620 1533 868 1592 multitudinis
890 1543 957 1605 est3
980 1543 1044 1592 eut
1065 1552 1138 1592 ser·

76 1639 131 1695 rit
152 1639 343 1697 humiliter
370 1649 432 1697 eut
459 1641 617 1716 superbe
646 1640 876 1711 dominatum
904 1641 1138 1711 libertatem,

77 1764 154 1819 qnae
175 1745 380 1816 mediaest,
404 1763 470 1804 nec
491 1755 639 1822 stupere
660 1745 802 1804 modice
824 1763 887 1804 nee
915 1749 1052 1805 hebere
1073 1747 1138 1804 sci·

78 1861 150 1908 unt.
193 1851 316 1910 Poteret
342 1852 416 1909 inter
438 1851 604 1909 servitutem
628 1862 657 1910 et
681 1851 905 1910 deminutionem
933 1871 992 1909 une
1009 1851 1138 1922 libertus,

76 1957 107 2012 in
130 1975 191 2032 qus
210 1957 275 2033 ipse
296 1958 400 2016 modus
422 1958 722 2034 comprehenderetur,
746 1957 934 2034 mediuponi;
952 1963 1138 2034 nuncuperte

76 2062 216 2121 hebere
240 2063 380 2122 modice
390 2065 491 2121 Livius
503 2065 544 2121 sic
556 2065 732 2122 contrarium
745 2063 842 2138 posuit
863 2067 994 2140 superbie
1005 2063 1137 2122 domine·

76 2169 221 2244 tioni,qui
238 2170 345 2227 ebusus
364 2179 408 2227 est
424 2169 574 2241 libertatis,
587 2189 675 2245 quem
697 2169 823 2246 populus
847 2170 945 2239 habet,
966 2179 999 2226 ut
1013 2167 1134 2226 elterum

77 2276 201 2332 verbum
223 2277 289 2351 (pro
312 2295 369 2350 quo
392 2287 539 2352 stupere
564 2275 593 2332 in
617 2276 676 2333 PM
685 2274 766 2336 Cent.
784 2275 932 2351 scribitur)
954 2275 990 2331 de
1011 2273 1136 2331 carendo

78 2380 192 2438 modice
213 2379 346 2439 libertate
375 2383 550 2440 contrarium
578 2381 681 2440 referri
702 2382 806 2440 debeet
836 2381 935 2439 humili
970 2390 998 2436 et
1019 2379 1137 2437 abiecte

76 2486 220 2544 servituti.
265 2487 375 2545 Verum
406 2489 531 2564 sperni
560 2489 678 2546 libertus
708 2505 856 2562 nunquam
878 2487 978 2557 debet,
1003 2503 1065 2556 nee,
1088 2482 1138 2558 qui

78 2611 138 2648 non
160 2591 278 2662 hebent,
300 2603 446 2669 spernunt.
495 2593 597 2651 Potuit
618 2593 720 2662 scribi,
744 2593 877 2669 proxime
899 2593 935 2650 ed
959 2589 1066 2650 codicis
1087 2607 1137 2646 ve·

76 2697 180 2772 stigie:
201 2697 414 2756 libertatem
514 2717 580 2756 nec
602 2718 734 2757 exuere
755 2700 896 2757 modice
918 2717 982 2756 nec
1002 2697 1138 2754 hebere

74 2803 208 2860 sciunt.
259 2802 354 2877 Quum
387 2804 465 2880 cogit
493 2824 539 2863 res
566 2805 728 2863 libertatem
760 2805 798 2862 ed
826 2815 940 2882 tempus
961 2821 1081 2874 exuere,
1107 2801 1137 2858 in

75 2907 248 2966 servitutem
270 2911 402 2969 homines
425 2921 521 2969 ruunt.

172 3012 248 3090 Cep.
280 3017 336 3082 26,
369 3019 473 3092 9sqq.
504 3017 671 3093 (postquem
699 3015 838 3092 exposite
865 3026 932 3075 sunt
959 3017 1138 3075 miserabiles

79 3119 234 3192 Heracliae,
257 3119 393 3180 Hieronis
412 3123 488 3193 filie,
510 3143 563 3200 pro
587 3142 618 3181 se
639 3123 811 3197 filiebusque
839 3123 916 3198 apud
940 3122 1138 3182 interfectores

78 3227 185 3284 missos
216 3234 344 3303 preces):
378 3229 523 3287 eversis
559 3229 710 3287 auribus
743 3229 950 3304 animisque
982 3247 1140 3287 cessone

77 3341 222 3408 tempus
250 3341 491 3394 terrerentur
518 3335 656 3394 ferrum
693 3335 866 3409 quosdam
898 3335 1140 3412 expedientes

78 3438 272 3510 cernebat,
294 3449 384 3510 tum,
406 3441 552 3500 omissis
584 3459 649 3518 pro
683 3459 720 3498 ee
749 3440 1020 3518 precipueuelis
1050 3441 1092 3511 (b.
1114 3459 1139 3498 e.

79 3544 261 3620 precibus,
282 3546 432 3623 puellis)
455 3557 493 3604 ut
513 3547 641 3605 saltem
668 3555 878 3623 parcerent,
900 3563 1009 3603 orere
1028 3545 1139 3603 insti·

79 3653 137 3709 tit.
182 3651 232 3712 ste
253 3653 282 3710 in
297 3653 331 3724 ‚P
351 3653 493 3714 scribitur.
536 3653 627 3711 Verie
649 3654 806 3728 corrigunt,
828 3669 927 3709 omnes
950 3671 1055 3729 perum
1072 3671 1140 3729 pro·

79 3755 218 3814 hebiliter
255 3757 346 3828 (velut
375 3759 642 3818 Weissenbomius:
674 3758 861 3816 incussum
894 3769 1034 3834 queste.
1086 3759 1141 3817 Ne

79 3873 229 3938 tempus
259 3874 437 3938 tererent,
468 3875 506 3922 ut
532 3864 552 3922 i.
582 3883 635 3940 qu.
657 3883 733 3941 exp.
757 3863 947 3934 cernebat,
979 3873 1051 3921 tum
1073 3873 1141 3932 cet,

80 3967 217 4026 ablativis
253 3969 356 4028 vitiose
391 3970 511 4028 divulsis
543 3971 580 4028 ab
623 3989 658 4028 eo
691 3949 838 4043 subiecto,
874 3968 913 4028 ed
950 3968 1028 4045 quod
1069 3987 1142 4044 per-

78 4073 187 4147 tinent,
220 4083 256 4133 ut
292 4075 492 4135 coniunctione
526 4077 698 4152 pravissime
732 4077 808 4134 inter
834 4095 876 4136 ne
912 4082 1053 4152 tempus
1088 4083 1145 4134 te·
