<?xml version="1.0" encoding="UTF-8"?>
<!DOCTYPE html PUBLIC "-//W3C//DTD XHTML 1.0 Transitional//EN"
    "http://www.w3.org/TR/xhtml1/DTD/xhtml1-transitional.dtd">
<html xmlns="http://www.w3.org/1999/xhtml" xml:lang="en" lang="en">
 <head>
  <title>
</title>
<meta http-equiv="Content-Type" content="text/html;charset=utf-8" />
  <meta name='ocr-system' content='tesseract 3.04.00' />
  <meta name='ocr-capabilities' content='ocr_page ocr_carea ocr_par ocr_line ocrx_word'/>
</head>
<body>
  <div class='ocr_page' id='page_1' title='image "./emendationesliv02madvgoog_0046.png"; bbox 0 0 2826 4650; ppageno 0'>
   <div class='ocr_carea' id='block_1_1' title="bbox 600 277 638 334">
    <p class='ocr_par' dir='ltr' id='par_1_1' title="bbox 600 277 638 334">
     <span class='ocr_line' id='line_1_1' title="bbox 600 277 638 334; baseline -0.053 0"><span class='ocrx_word' id='word_1_1' title='bbox 600 277 638 334; x_wconf 78' lang='grc'>35</span> 
     </span>
    </p>
   </div>
   <div class='ocr_carea' id='block_1_2' title="bbox 59 457 1182 3506">
    <p class='ocr_par' dir='ltr' id='par_1_2' title="bbox 59 457 1182 3506">
     <span class='ocr_line' id='line_1_2' title="bbox 82 457 1149 534; baseline 0 -18"><span class='ocrx_word' id='word_1_2' title='bbox 82 459 200 518; x_wconf 86' lang='lat' dir='ltr'>minore</span> <span class='ocrx_word' id='word_1_3' title='bbox 221 460 299 518; x_wconf 90' lang='lat' dir='ltr'>mole</span> <span class='ocrx_word' id='word_1_4' title='bbox 322 467 524 534; x_wconf 78' lang='lat' dir='ltr'>apparatuque</span> <span class='ocrx_word' id='word_1_5' title='bbox 547 459 662 516; x_wconf 85' lang='lat' dir='ltr'>Livium</span> <span class='ocrx_word' id='word_1_6' title='bbox 686 457 840 518; x_wconf 84' lang='lat' dir='ltr'>Creverius</span> <span class='ocrx_word' id='word_1_7' title='bbox 867 459 969 526; x_wconf 81' lang='lat' dir='ltr'>edidit,</span> <span class='ocrx_word' id='word_1_8' title='bbox 998 459 1070 517; x_wconf 88' lang='lat' dir='ltr'>recti</span> <span class='ocrx_word' id='word_1_9' title='bbox 1091 459 1149 517; x_wconf 89' lang='lat' dir='ltr'>ele·</span> 
     </span>
     <span class='ocr_line' id='line_1_3' title="bbox 81 563 1149 642; baseline 0.001 -19"><span class='ocrx_word' id='word_1_10' title='bbox 81 567 242 642; x_wconf 70' lang='lat' dir='ltr'>gnatisque</span> <span class='ocrx_word' id='word_1_11' title='bbox 274 564 372 623; x_wconf 87' lang='lat' dir='ltr'>iudicii</span> <span class='ocrx_word' id='word_1_12' title='bbox 391 565 495 633; x_wconf 87' lang='lat' dir='ltr'>homo,</span> <span class='ocrx_word' id='word_1_13' title='bbox 525 564 574 638; x_wconf 91' lang='lat' dir='ltr'>qui</span> <span class='ocrx_word' id='word_1_14' title='bbox 597 583 656 622; x_wconf 91' lang='lat' dir='ltr'>non</span> <span class='ocrx_word' id='word_1_15' title='bbox 682 563 724 623; x_wconf 90' lang='lat' dir='ltr'>ita</span> <span class='ocrx_word' id='word_1_16' title='bbox 749 583 845 642; x_wconf 84' lang='lat' dir='ltr'>pauca</span> <span class='ocrx_word' id='word_1_17' title='bbox 871 575 955 624; x_wconf 88' lang='lat' dir='ltr'>acute</span> <span class='ocrx_word' id='word_1_18' title='bbox 975 565 1149 638; x_wconf 73' lang='lat' dir='ltr'>emendavit,</span> 
     </span>
     <span class='ocr_line' id='line_1_4' title="bbox 83 669 1147 747; baseline 0 -19"><span class='ocrx_word' id='word_1_19' title='bbox 83 671 292 740; x_wconf 69' lang='lat' dir='ltr'><strong>subsidiorum,</strong></span> <span class='ocrx_word' id='word_1_20' title='bbox 314 689 378 746; x_wconf 77' lang='lat' dir='ltr'>quae</span> <span class='ocrx_word' id='word_1_21' title='bbox 399 671 517 728; x_wconf 87' lang='lat' dir='ltr'>Lutetia</span> <span class='ocrx_word' id='word_1_22' title='bbox 547 671 573 728; x_wconf 90' lang='lat' dir='ltr'>ei</span> <span class='ocrx_word' id='word_1_23' title='bbox 595 671 813 730; x_wconf 80' lang='lat' dir='ltr'>subministrare</span> <span class='ocrx_word' id='word_1_24' title='bbox 831 681 961 747; x_wconf 85' lang='lat' dir='ltr'>poterat,</span> <span class='ocrx_word' id='word_1_25' title='bbox 990 669 1075 728; x_wconf 90' lang='lat' dir='ltr'>nimis</span> <span class='ocrx_word' id='word_1_26' title='bbox 1104 671 1147 728; x_wconf 91' lang='lat' dir='ltr'>in·</span> 
     </span>
     <span class='ocr_line' id='line_1_5' title="bbox 81 777 1148 852; baseline -0.001 -18"><span class='ocrx_word' id='word_1_27' title='bbox 81 777 228 837; x_wconf 82' lang='lat' dir='ltr'>curiosus,</span> <span class='ocrx_word' id='word_1_28' title='bbox 283 777 347 834; x_wconf 87' lang='lat' dir='ltr'>Hos</span> <span class='ocrx_word' id='word_1_29' title='bbox 369 785 544 852; x_wconf 87' lang='lat' dir='ltr'>exceperunt</span> <span class='ocrx_word' id='word_1_30' title='bbox 564 795 601 834; x_wconf 89' lang='lat' dir='ltr'>ex</span> <span class='ocrx_word' id='word_1_31' title='bbox 629 777 679 847; x_wconf 92' lang='lat' dir='ltr'>iis,</span> <span class='ocrx_word' id='word_1_32' title='bbox 713 777 762 851; x_wconf 92' lang='lat' dir='ltr'>qni</span> <span class='ocrx_word' id='word_1_33' title='bbox 791 777 820 834; x_wconf 91' lang='lat' dir='ltr'>in</span> <span class='ocrx_word' id='word_1_34' title='bbox 849 795 1000 838; x_wconf 86' lang='lat' dir='ltr'>numerum</span> <span class='ocrx_word' id='word_1_35' title='bbox 1021 777 1148 848; x_wconf 86' lang='lat' dir='ltr'>veniunt,</span> 
     </span>
     <span class='ocr_line' id='line_1_6' title="bbox 84 881 1149 960; baseline 0 -20"><span class='ocrx_word' id='word_1_36' title='bbox 84 895 188 942; x_wconf 85' lang='lat' dir='ltr'>nostro</span> <span class='ocrx_word' id='word_1_37' title='bbox 210 883 316 941; x_wconf 75' lang='lat' dir='ltr'>saeculo</span> <span class='ocrx_word' id='word_1_38' title='bbox 339 881 527 960; x_wconf 83' lang='lat' dir='ltr'>Kreyssigius</span> <span class='ocrx_word' id='word_1_39' title='bbox 548 893 577 940; x_wconf 90' lang='lat' dir='ltr'>et</span> <span class='ocrx_word' id='word_1_40' title='bbox 598 883 763 953; x_wconf 86' lang='lat' dir='ltr'>Bekkerue,</span> <span class='ocrx_word' id='word_1_41' title='bbox 791 901 914 958; x_wconf 87' lang='lat' dir='ltr'>quorum</span> <span class='ocrx_word' id='word_1_42' title='bbox 935 891 1057 958; x_wconf 87' lang='lat' dir='ltr'>uterque</span> <span class='ocrx_word' id='word_1_43' title='bbox 1079 883 1149 941; x_wconf 89' lang='lat' dir='ltr'>alie·</span> 
     </span>
     <span class='ocr_line' id='line_1_7' title="bbox 83 987 1148 1066; baseline 0 -20"><span class='ocrx_word' id='word_1_44' title='bbox 83 1008 191 1048; x_wconf 88' lang='lat' dir='ltr'>norum</span> <span class='ocrx_word' id='word_1_45' title='bbox 213 990 396 1047; x_wconf 82' lang='lat' dir='ltr'>inventorum</span> <span class='ocrx_word' id='word_1_46' title='bbox 424 988 536 1046; x_wconf 87' lang='lat' dir='ltr'>delectu</span> <span class='ocrx_word' id='word_1_47' title='bbox 557 988 713 1064; x_wconf 76' lang='lat' dir='ltr'>prudenter</span> <span class='ocrx_word' id='word_1_48' title='bbox 734 987 834 1046; x_wconf 86' lang='lat' dir='ltr'>habito</span> <span class='ocrx_word' id='word_1_49' title='bbox 856 989 956 1062; x_wconf 91' lang='lat' dir='ltr'>multa,</span> <span class='ocrx_word' id='word_1_50' title='bbox 985 1008 1048 1065; x_wconf 80' lang='lat' dir='ltr'>quae</span> <span class='ocrx_word' id='word_1_51' title='bbox 1070 990 1148 1066; x_wconf 88' lang='lat' dir='ltr'>apud</span> 
     </span>
     <span class='ocr_line' id='line_1_8' title="bbox 84 1094 1148 1171; baseline 0.002 -19"><span class='ocrx_word' id='word_1_52' title='bbox 84 1094 360 1152; x_wconf 80' lang='lat' dir='ltr'>Drakenborcbium</span> <span class='ocrx_word' id='word_1_53' title='bbox 382 1094 412 1152; x_wconf 91' lang='lat' dir='ltr'>in</span> <span class='ocrx_word' id='word_1_54' title='bbox 433 1095 509 1152; x_wconf 86' lang='lat' dir='ltr'>notis</span> <span class='ocrx_word' id='word_1_55' title='bbox 531 1094 746 1167; x_wconf 68' lang='lat' dir='ltr'>delitescebant,</span> <span class='ocrx_word' id='word_1_56' title='bbox 765 1096 827 1153; x_wconf 89' lang='lat' dir='ltr'>iure</span> <span class='ocrx_word' id='word_1_57' title='bbox 847 1095 877 1152; x_wconf 92' lang='lat' dir='ltr'>in</span> <span class='ocrx_word' id='word_1_58' title='bbox 892 1105 1027 1154; x_wconf 82' lang='lat' dir='ltr'>contextu</span> <span class='ocrx_word' id='word_1_59' title='bbox 1043 1114 1148 1171; x_wconf 89' lang='lat' dir='ltr'>poene-</span> 
     </span>
     <span class='ocr_line' id='line_1_9' title="bbox 82 1200 1182 1278; baseline 0.002 -20"><span class='ocrx_word' id='word_1_60' title='bbox 82 1211 170 1270; x_wconf 89' lang='lat' dir='ltr'>ruut,</span> <span class='ocrx_word' id='word_1_61' title='bbox 198 1200 254 1276; x_wconf 84' lang='lat' dir='ltr'>ipsi</span> <span class='ocrx_word' id='word_1_62' title='bbox 275 1201 305 1258; x_wconf 92' lang='lat' dir='ltr'>in</span> <span class='ocrx_word' id='word_1_63' title='bbox 325 1201 470 1277; x_wconf 84' lang='lat' dir='ltr'>primast</span> <span class='ocrx_word' id='word_1_64' title='bbox 491 1201 618 1258; x_wconf 85' lang='lat' dir='ltr'>secunde</span> <span class='ocrx_word' id='word_1_65' title='bbox 642 1201 751 1258; x_wconf 85' lang='lat' dir='ltr'>decade</span> <span class='ocrx_word' id='word_1_66' title='bbox 775 1221 792 1259; x_wconf 92' lang='lat' dir='ltr'>e</span> <span class='ocrx_word' id='word_1_67' title='bbox 813 1201 959 1259; x_wconf 86' lang='lat' dir='ltr'>codicibus</span> <span class='ocrx_word' id='word_1_68' title='bbox 980 1219 1090 1278; x_wconf 87' lang='lat' dir='ltr'>pauca,</span> <span class='ocrx_word' id='word_1_69' title='bbox 1118 1202 1149 1260; x_wconf 90' lang='lat' dir='ltr'>in</span> <span class='ocrx_word' id='word_1_70' title='bbox 1180 1235 1182 1240; x_wconf 88' lang='lat'><em>·</em></span> 
     </span>
     <span class='ocr_line' id='line_1_10' title="bbox 82 1305 1150 1384; baseline 0 -20"><span class='ocrx_word' id='word_1_71' title='bbox 82 1317 194 1382; x_wconf 83' lang='lat' dir='ltr'>quarta</span> <span class='ocrx_word' id='word_1_72' title='bbox 221 1317 251 1364; x_wconf 92' lang='lat' dir='ltr'>et</span> <span class='ocrx_word' id='word_1_73' title='bbox 281 1307 383 1382; x_wconf 85' lang='lat' dir='ltr'>quinte</span> <span class='ocrx_word' id='word_1_74' title='bbox 403 1307 512 1365; x_wconf 85' lang='lat' dir='ltr'>decede</span> <span class='ocrx_word' id='word_1_75' title='bbox 535 1305 661 1381; x_wconf 86' lang='lat' dir='ltr'>plurima</span> <span class='ocrx_word' id='word_1_76' title='bbox 682 1326 698 1364; x_wconf 89' lang='lat' dir='ltr'>e</span> <span class='ocrx_word' id='word_1_77' title='bbox 722 1307 869 1364; x_wconf 80' lang='lat' dir='ltr'>codicibus</span> <span class='ocrx_word' id='word_1_78' title='bbox 890 1307 1099 1384; x_wconf 81' lang='lat' dir='ltr'>Bambergeusi</span> <span class='ocrx_word' id='word_1_79' title='bbox 1121 1315 1150 1365; x_wconf 89' lang='lat' dir='ltr'>et</span> 
     </span>
     <span class='ocr_line' id='line_1_11' title="bbox 86 1411 1148 1490; baseline 0.003 -20"><span class='ocrx_word' id='word_1_80' title='bbox 86 1413 310 1472; x_wconf 75' lang='lat' dir='ltr'>vindobonensi</span> <span class='ocrx_word' id='word_1_81' title='bbox 331 1413 520 1472; x_wconf 84' lang='lat' dir='ltr'>emendarunt</span> <span class='ocrx_word' id='word_1_82' title='bbox 542 1411 732 1488; x_wconf 88' lang='lat' dir='ltr'>(quamquam</span> <span class='ocrx_word' id='word_1_83' title='bbox 755 1415 832 1470; x_wconf 87' lang='lat' dir='ltr'>hunc</span> <span class='ocrx_word' id='word_1_84' title='bbox 853 1413 1024 1488; x_wconf 86' lang='lat' dir='ltr'>Kopitarius</span> <span class='ocrx_word' id='word_1_85' title='bbox 1045 1433 1148 1490; x_wconf 88' lang='lat' dir='ltr'>parum</span> 
     </span>
     <span class='ocr_line' id='line_1_12' title="bbox 82 1517 1150 1596; baseline 0.001 -20"><span class='ocrx_word' id='word_1_86' title='bbox 82 1521 240 1596; x_wconf 82' lang='lat' dir='ltr'>diligenter</span> <span class='ocrx_word' id='word_1_87' title='bbox 261 1521 436 1589; x_wconf 79' lang='lat' dir='ltr'>contulerat,</span> <span class='ocrx_word' id='word_1_88' title='bbox 465 1528 567 1577; x_wconf 83' lang='lat' dir='ltr'>neutro</span> <span class='ocrx_word' id='word_1_89' title='bbox 590 1517 740 1576; x_wconf 84' lang='lat' dir='ltr'>Bekkerus</span> <span class='ocrx_word' id='word_1_90' title='bbox 771 1518 842 1576; x_wconf 87' lang='lat' dir='ltr'>satie</span> <span class='ocrx_word' id='word_1_91' title='bbox 871 1518 999 1575; x_wconf 86' lang='lat' dir='ltr'>studiose</span> <span class='ocrx_word' id='word_1_92' title='bbox 1029 1529 1150 1577; x_wconf 80' lang='lat' dir='ltr'>cautere</span> 
     </span>
     <span class='ocr_line' id='line_1_13' title="bbox 84 1623 1150 1699; baseline -0.004 -15"><span class='ocrx_word' id='word_1_93' title='bbox 84 1647 154 1684; x_wconf 84' lang='lat' dir='ltr'>usus</span> <span class='ocrx_word' id='word_1_94' title='bbox 177 1629 244 1699; x_wconf 87' lang='lat' dir='ltr'>est),</span> <span class='ocrx_word' id='word_1_95' title='bbox 265 1625 357 1682; x_wconf 89' lang='lat' dir='ltr'>multo</span> <span class='ocrx_word' id='word_1_96' title='bbox 378 1624 407 1682; x_wconf 91' lang='lat' dir='ltr'>in</span> <span class='ocrx_word' id='word_1_97' title='bbox 429 1623 530 1681; x_wconf 86' lang='lat' dir='ltr'>iisdem</span> <span class='ocrx_word' id='word_1_98' title='bbox 548 1624 630 1680; x_wconf 86' lang='lat' dir='ltr'>libris</span> <span class='ocrx_word' id='word_1_99' title='bbox 647 1625 733 1681; x_wconf 88' lang='lat' dir='ltr'>ctiam</span> <span class='ocrx_word' id='word_1_100' title='bbox 748 1625 914 1682; x_wconf 86' lang='lat' dir='ltr'>coniectura</span> <span class='ocrx_word' id='word_1_101' title='bbox 928 1623 1000 1682; x_wconf 85' lang='lat' dir='ltr'>scita</span> <span class='ocrx_word' id='word_1_102' title='bbox 1015 1634 1044 1682; x_wconf 90' lang='lat' dir='ltr'>et</span> <span class='ocrx_word' id='word_1_103' title='bbox 1055 1633 1150 1694; x_wconf 82' lang='lat' dir='ltr'>acuta,</span> 
     </span>
     <span class='ocr_line' id='line_1_14' title="bbox 85 1729 1149 1808; baseline -0.004 -18"><span class='ocrx_word' id='word_1_104' title='bbox 85 1734 214 1791; x_wconf 81' lang='lat' dir='ltr'>maxime</span> <span class='ocrx_word' id='word_1_105' title='bbox 224 1731 422 1808; x_wconf 82' lang='lat' dir='ltr'>Kreyssigius,</span> <span class='ocrx_word' id='word_1_106' title='bbox 444 1731 550 1806; x_wconf 86' lang='lat' dir='ltr'>partim</span> <span class='ocrx_word' id='word_1_107' title='bbox 566 1731 596 1787; x_wconf 91' lang='lat' dir='ltr'>in</span> <span class='ocrx_word' id='word_1_108' title='bbox 610 1729 713 1787; x_wconf 90' lang='lat' dir='ltr'>libellis</span> <span class='ocrx_word' id='word_1_109' title='bbox 724 1739 791 1806; x_wconf 88' lang='lat' dir='ltr'>post</span> <span class='ocrx_word' id='word_1_110' title='bbox 807 1730 884 1788; x_wconf 90' lang='lat' dir='ltr'>Livii</span> <span class='ocrx_word' id='word_1_111' title='bbox 901 1730 1055 1787; x_wconf 88' lang='lat' dir='ltr'>editionem</span> <span class='ocrx_word' id='word_1_112' title='bbox 1070 1729 1149 1786; x_wconf 86' lang='lat' dir='ltr'>evul-</span> 
     </span>
     <span class='ocr_line' id='line_1_15' title="bbox 84 1835 1149 1914; baseline -0.001 -19"><span class='ocrx_word' id='word_1_113' title='bbox 84 1839 173 1914; x_wconf 78' lang='lat' dir='ltr'>gatis.</span> <span class='ocrx_word' id='word_1_114' title='bbox 200 1840 274 1896; x_wconf 86' lang='lat' dir='ltr'>Post</span> <span class='ocrx_word' id='word_1_115' title='bbox 284 1837 337 1894; x_wconf 84' lang='lat' dir='ltr'>hos</span> <span class='ocrx_word' id='word_1_116' title='bbox 349 1857 441 1913; x_wconf 90' lang='lat' dir='ltr'>nuper</span> <span class='ocrx_word' id='word_1_117' title='bbox 452 1835 652 1896; x_wconf 76' lang='lat' dir='ltr'>Alschefskius</span> <span class='ocrx_word' id='word_1_118' title='bbox 666 1845 840 1912; x_wconf 84' lang='lat' dir='ltr'>apparatum</span> <span class='ocrx_word' id='word_1_119' title='bbox 851 1836 980 1893; x_wconf 88' lang='lat' dir='ltr'>criticum</span> <span class='ocrx_word' id='word_1_120' title='bbox 992 1835 1149 1894; x_wconf 82' lang='lat' dir='ltr'>utilissimis</span> 
     </span>
     <span class='ocr_line' id='line_1_16' title="bbox 59 1941 1151 2018; baseline -0.002 -16"><span class='ocrx_word' id='word_1_121' title='bbox 59 1943 64 1953; x_wconf 85' lang='lat'><em>&#39;</em></span> <span class='ocrx_word' id='word_1_122' title='bbox 86 1943 301 2002; x_wconf 86' lang='lat' dir='ltr'>accessionibus</span> <span class='ocrx_word' id='word_1_123' title='bbox 324 1944 414 2014; x_wconf 86' lang='lat' dir='ltr'>anxit,</span> <span class='ocrx_word' id='word_1_124' title='bbox 435 1941 547 2000; x_wconf 83' lang='lat' dir='ltr'>collatis</span> <span class='ocrx_word' id='word_1_125' title='bbox 569 1943 599 1999; x_wconf 93' lang='lat' dir='ltr'>in</span> <span class='ocrx_word' id='word_1_126' title='bbox 619 1941 715 2018; x_wconf 86' lang='lat' dir='ltr'>prima</span> <span class='ocrx_word' id='word_1_127' title='bbox 736 1941 845 1998; x_wconf 87' lang='lat' dir='ltr'>decade</span> <span class='ocrx_word' id='word_1_128' title='bbox 858 1941 956 1999; x_wconf 88' lang='lat' dir='ltr'>codice</span> <span class='ocrx_word' id='word_1_129' title='bbox 969 1942 1099 2000; x_wconf 87' lang='lat' dir='ltr'>Mediceo</span> <span class='ocrx_word' id='word_1_130' title='bbox 1122 1951 1151 2000; x_wconf 87' lang='lat' dir='ltr'>et</span> 
     </span>
     <span class='ocr_line' id='line_1_17' title="bbox 85 2047 1151 2124; baseline -0.002 -16"><span class='ocrx_word' id='word_1_131' title='bbox 85 2049 261 2120; x_wconf 88' lang='lat' dir='ltr'>Parisiensi,</span> <span class='ocrx_word' id='word_1_132' title='bbox 292 2049 321 2106; x_wconf 90' lang='lat' dir='ltr'>in</span> <span class='ocrx_word' id='word_1_133' title='bbox 343 2049 429 2106; x_wconf 84' lang='lat' dir='ltr'>tertia</span> <span class='ocrx_word' id='word_1_134' title='bbox 450 2049 542 2121; x_wconf 86' lang='lat' dir='ltr'>(cuius</span> <span class='ocrx_word' id='word_1_135' title='bbox 563 2057 621 2106; x_wconf 88' lang='lat' dir='ltr'>tres</span> <span class='ocrx_word' id='word_1_136' title='bbox 643 2056 753 2104; x_wconf 84' lang='lat' dir='ltr'>tanturn</span> <span class='ocrx_word' id='word_1_137' title='bbox 775 2047 865 2104; x_wconf 86' lang='lat' dir='ltr'>libros</span> <span class='ocrx_word' id='word_1_138' title='bbox 887 2047 1025 2123; x_wconf 86' lang='lat' dir='ltr'>absolvit)</span> <span class='ocrx_word' id='word_1_139' title='bbox 1046 2057 1151 2124; x_wconf 85' lang='lat' dir='ltr'>proeter</span> 
     </span>
     <span class='ocr_line' id='line_1_18' title="bbox 86 2153 1151 2230; baseline -0.001 -16"><span class='ocrx_word' id='word_1_140' title='bbox 86 2157 159 2214; x_wconf 76' lang='lat' dir='ltr'>alios</span> <span class='ocrx_word' id='word_1_141' title='bbox 182 2155 323 2218; x_wconf 83' lang='lat' dir='ltr'>Putesni,</span> <span class='ocrx_word' id='word_1_142' title='bbox 354 2155 442 2211; x_wconf 89' lang='lat' dir='ltr'>homo</span> <span class='ocrx_word' id='word_1_143' title='bbox 464 2154 625 2228; x_wconf 77' lang='lat' dir='ltr'>ceteroqui,</span> <span class='ocrx_word' id='word_1_144' title='bbox 658 2153 794 2228; x_wconf 84' lang='lat' dir='ltr'>quoniam</span> <span class='ocrx_word' id='word_1_145' title='bbox 817 2164 916 2230; x_wconf 85' lang='lat' dir='ltr'>aperte</span> <span class='ocrx_word' id='word_1_146' title='bbox 934 2153 1084 2212; x_wconf 90' lang='lat' dir='ltr'>dicendum</span> <span class='ocrx_word' id='word_1_147' title='bbox 1107 2165 1151 2213; x_wconf 86' lang='lat' dir='ltr'>est</span> 
     </span>
     <span class='ocr_line' id='line_1_19' title="bbox 86 2259 1149 2336; baseline 0 -16"><span class='ocrx_word' id='word_1_148' title='bbox 86 2273 116 2320; x_wconf 86' lang='lat' dir='ltr'>ct</span> <span class='ocrx_word' id='word_1_149' title='bbox 136 2261 282 2320; x_wconf 74' lang='lat' dir='ltr'>universa</span> <span class='ocrx_word' id='word_1_150' title='bbox 311 2261 353 2317; x_wconf 88' lang='lat' dir='ltr'>rei</span> <span class='ocrx_word' id='word_1_151' title='bbox 375 2259 636 2335; x_wconf 88' lang='lat' dir='ltr'>admonitionisque</span> <span class='ocrx_word' id='word_1_152' title='bbox 666 2277 755 2316; x_wconf 87' lang='lat' dir='ltr'>causa</span> <span class='ocrx_word' id='word_1_153' title='bbox 777 2270 806 2318; x_wconf 88' lang='lat' dir='ltr'>et</span> <span class='ocrx_word' id='word_1_154' title='bbox 827 2270 858 2317; x_wconf 91' lang='lat' dir='ltr'>ut</span> <span class='ocrx_word' id='word_1_155' title='bbox 878 2259 1044 2336; x_wconf 72' lang='lat' dir='ltr'>philologiae</span> <span class='ocrx_word' id='word_1_156' title='bbox 1064 2261 1149 2320; x_wconf 86' lang='lat' dir='ltr'>famae</span> 
     </span>
     <span class='ocr_line' id='line_1_20' title="bbox 85 2365 1149 2442; baseline 0.001 -16"><span class='ocrx_word' id='word_1_157' title='bbox 85 2367 266 2438; x_wconf 85' lang='lat' dir='ltr'>consulatur,</span> <span class='ocrx_word' id='word_1_158' title='bbox 288 2366 453 2424; x_wconf 88' lang='lat' dir='ltr'>huiusmodi</span> <span class='ocrx_word' id='word_1_159' title='bbox 469 2366 603 2424; x_wconf 89' lang='lat' dir='ltr'>sordibus</span> <span class='ocrx_word' id='word_1_160' title='bbox 619 2367 656 2424; x_wconf 86' lang='lat' dir='ltr'>ab</span> <span class='ocrx_word' id='word_1_161' title='bbox 676 2384 711 2424; x_wconf 89' lang='lat' dir='ltr'>ea</span> <span class='ocrx_word' id='word_1_162' title='bbox 729 2365 856 2436; x_wconf 88' lang='lat' dir='ltr'>remotis,</span> <span class='ocrx_word' id='word_1_163' title='bbox 877 2385 969 2442; x_wconf 88' lang='lat' dir='ltr'>neque</span> <span class='ocrx_word' id='word_1_164' title='bbox 984 2369 1021 2425; x_wconf 86' lang='lat' dir='ltr'>sd</span> <span class='ocrx_word' id='word_1_165' title='bbox 1035 2369 1149 2427; x_wconf 87' lang='lat' dir='ltr'>Livium</span> 
     </span>
     <span class='ocr_line' id='line_1_21' title="bbox 87 2471 1150 2548; baseline 0.005 -19"><span class='ocrx_word' id='word_1_166' title='bbox 87 2493 182 2548; x_wconf 85' lang='lat' dir='ltr'>neque</span> <span class='ocrx_word' id='word_1_167' title='bbox 212 2473 251 2530; x_wconf 88' lang='lat' dir='ltr'>ad</span> <span class='ocrx_word' id='word_1_168' title='bbox 282 2473 369 2530; x_wconf 91' lang='lat' dir='ltr'>ullum</span> <span class='ocrx_word' id='word_1_169' title='bbox 396 2473 566 2548; x_wconf 83' lang='lat' dir='ltr'>scriptorem</span> <span class='ocrx_word' id='word_1_170' title='bbox 591 2471 797 2530; x_wconf 86' lang='lat' dir='ltr'>recensendum</span> <span class='ocrx_word' id='word_1_171' title='bbox 824 2480 923 2548; x_wconf 77' lang='lat' dir='ltr'>aptus3</span> <span class='ocrx_word' id='word_1_172' title='bbox 957 2493 1026 2531; x_wconf 89' lang='lat' dir='ltr'>nam</span> <span class='ocrx_word' id='word_1_173' title='bbox 1051 2484 1084 2532; x_wconf 89' lang='lat' dir='ltr'>ut</span> <span class='ocrx_word' id='word_1_174' title='bbox 1114 2476 1150 2534; x_wconf 87' lang='lat' dir='ltr'>de</span> 
     </span>
     <span class='ocr_line' id='line_1_22' title="bbox 86 2578 1148 2655; baseline 0.004 -21"><span class='ocrx_word' id='word_1_175' title='bbox 86 2578 219 2636; x_wconf 87' lang='lat' dir='ltr'>lectionis</span> <span class='ocrx_word' id='word_1_176' title='bbox 242 2579 466 2654; x_wconf 89' lang='lat' dir='ltr'>eruditionisque</span> <span class='ocrx_word' id='word_1_177' title='bbox 487 2578 684 2655; x_wconf 75' lang='lat' dir='ltr'>grammaticas</span> <span class='ocrx_word' id='word_1_178' title='bbox 705 2578 791 2654; x_wconf 86' lang='lat' dir='ltr'>copia</span> <span class='ocrx_word' id='word_1_179' title='bbox 812 2578 1033 2653; x_wconf 75' lang='lat' dir='ltr'>antiquar-unire</span> <span class='ocrx_word' id='word_1_180' title='bbox 1053 2600 1148 2639; x_wconf 90' lang='lat' dir='ltr'>rerum</span> 
     </span>
     <span class='ocr_line' id='line_1_23' title="bbox 85 2685 1149 2763; baseline 0.003 -21"><span class='ocrx_word' id='word_1_181' title='bbox 85 2685 209 2742; x_wconf 82' lang='lat' dir='ltr'>scicntia</span> <span class='ocrx_word' id='word_1_182' title='bbox 226 2685 296 2743; x_wconf 89' lang='lat' dir='ltr'>nihil</span> <span class='ocrx_word' id='word_1_183' title='bbox 313 2685 416 2758; x_wconf 87' lang='lat' dir='ltr'>dicum,</span> <span class='ocrx_word' id='word_1_184' title='bbox 440 2687 478 2744; x_wconf 90' lang='lat' dir='ltr'>ad</span> <span class='ocrx_word' id='word_1_185' title='bbox 499 2693 633 2742; x_wconf 86' lang='lat' dir='ltr'>naturam</span> <span class='ocrx_word' id='word_1_186' title='bbox 653 2685 793 2742; x_wconf 87' lang='lat' dir='ltr'>sermonis</span> <span class='ocrx_word' id='word_1_187' title='bbox 808 2693 975 2762; x_wconf 88' lang='lat' dir='ltr'>motumque</span> <span class='ocrx_word' id='word_1_188' title='bbox 990 2686 1149 2763; x_wconf 87' lang='lat' dir='ltr'>intelligen-</span> 
     </span>
     <span class='ocr_line' id='line_1_24' title="bbox 85 2790 1149 2868; baseline 0.003 -20"><span class='ocrx_word' id='word_1_189' title='bbox 85 2793 165 2862; x_wconf 87' lang='lat' dir='ltr'>dum,</span> <span class='ocrx_word' id='word_1_190' title='bbox 187 2791 227 2848; x_wconf 89' lang='lat' dir='ltr'>ad</span> <span class='ocrx_word' id='word_1_191' title='bbox 249 2791 384 2868; x_wconf 88' lang='lat' dir='ltr'>exempla</span> <span class='ocrx_word' id='word_1_192' title='bbox 407 2791 629 2866; x_wconf 86' lang='lat' dir='ltr'>testimoniaque</span> <span class='ocrx_word' id='word_1_193' title='bbox 642 2791 831 2848; x_wconf 85' lang='lat' dir='ltr'>discernenda</span> <span class='ocrx_word' id='word_1_194' title='bbox 847 2800 876 2848; x_wconf 91' lang='lat' dir='ltr'>et</span> <span class='ocrx_word' id='word_1_195' title='bbox 891 2790 1089 2866; x_wconf 87' lang='lat' dir='ltr'>ponderanda,</span> <span class='ocrx_word' id='word_1_196' title='bbox 1112 2794 1149 2852; x_wconf 86' lang='lat' dir='ltr'>ad</span> 
     </span>
     <span class='ocr_line' id='line_1_25' title="bbox 85 2897 1149 2972; baseline 0.002 -18"><span class='ocrx_word' id='word_1_197' title='bbox 85 2899 295 2956; x_wconf 86' lang='lat' dir='ltr'>sententiarum</span> <span class='ocrx_word' id='word_1_198' title='bbox 316 2897 518 2956; x_wconf 74' lang='lat' dir='ltr'>cohaerentiam</span> <span class='ocrx_word' id='word_1_199' title='bbox 540 2897 828 2971; x_wconf 86' lang='lat' dir='ltr'>convenientiamqve</span> <span class='ocrx_word' id='word_1_200' title='bbox 855 2897 1085 2972; x_wconf 87' lang='lat' dir='ltr'>perspiciendam</span> <span class='ocrx_word' id='word_1_201' title='bbox 1106 2900 1149 2956; x_wconf 91' lang='lat' dir='ltr'>in-</span> 
     </span>
     <span class='ocr_line' id='line_1_26' title="bbox 88 3003 1149 3078; baseline 0.001 -16"><span class='ocrx_word' id='word_1_202' title='bbox 88 3003 265 3062; x_wconf 83' lang='lat' dir='ltr'>credibiliter</span> <span class='ocrx_word' id='word_1_203' title='bbox 286 3003 341 3062; x_wconf 84' lang='lat' dir='ltr'>fuit</span> <span class='ocrx_word' id='word_1_204' title='bbox 368 3005 472 3076; x_wconf 87' lang='lat' dir='ltr'>hebes,</span> <span class='ocrx_word' id='word_1_205' title='bbox 503 3004 540 3060; x_wconf 87' lang='lat' dir='ltr'>ad</span> <span class='ocrx_word' id='word_1_206' title='bbox 565 3003 679 3078; x_wconf 83' lang='lat' dir='ltr'>quidvis</span> <span class='ocrx_word' id='word_1_207' title='bbox 708 3003 738 3059; x_wconf 90' lang='lat' dir='ltr'>in</span> <span class='ocrx_word' id='word_1_208' title='bbox 766 3003 905 3060; x_wconf 85' lang='lat' dir='ltr'>vertendo</span> <span class='ocrx_word' id='word_1_209' title='bbox 927 3011 956 3058; x_wconf 90' lang='lat' dir='ltr'>et</span> <span class='ocrx_word' id='word_1_210' title='bbox 986 3005 1149 3063; x_wconf 89' lang='lat' dir='ltr'>enarrando</span> 
     </span>
     <span class='ocr_line' id='line_1_27' title="bbox 88 3107 1150 3186; baseline 0.003 -20"><span class='ocrx_word' id='word_1_211' title='bbox 88 3110 265 3186; x_wconf 79' lang='lat' dir='ltr'>lingendum,</span> <span class='ocrx_word' id='word_1_212' title='bbox 288 3110 356 3184; x_wconf 86' lang='lat' dir='ltr'>qnia</span> <span class='ocrx_word' id='word_1_213' title='bbox 376 3127 429 3166; x_wconf 90' lang='lat' dir='ltr'>nec</span> <span class='ocrx_word' id='word_1_214' title='bbox 445 3109 565 3166; x_wconf 85' lang='lat' dir='ltr'>scientia</span> <span class='ocrx_word' id='word_1_215' title='bbox 586 3127 639 3167; x_wconf 90' lang='lat' dir='ltr'>nec</span> <span class='ocrx_word' id='word_1_216' title='bbox 654 3127 755 3166; x_wconf 85' lang='lat' dir='ltr'>sensus</span> <span class='ocrx_word' id='word_1_217' title='bbox 769 3107 830 3166; x_wconf 81' lang='lat' dir='ltr'>veri</span> <span class='ocrx_word' id='word_1_218' title='bbox 851 3109 995 3180; x_wconf 82' lang='lat' dir='ltr'>obstabat,</span> <span class='ocrx_word' id='word_1_219' title='bbox 1017 3111 1150 3169; x_wconf 86' lang='lat' dir='ltr'>audacis·</span> 
     </span>
     <span class='ocr_line' id='line_1_28' title="bbox 86 3215 1150 3293; baseline 0.002 -21"><span class='ocrx_word' id='word_1_220' title='bbox 86 3216 191 3286; x_wconf 76' lang='lat' dir='ltr'>simus3</span> <span class='ocrx_word' id='word_1_221' title='bbox 225 3235 262 3272; x_wconf 89' lang='lat' dir='ltr'>ue</span> <span class='ocrx_word' id='word_1_222' title='bbox 282 3215 465 3274; x_wconf 86' lang='lat' dir='ltr'>librariorum</span> <span class='ocrx_word' id='word_1_223' title='bbox 488 3215 603 3290; x_wconf 91' lang='lat' dir='ltr'>quidem</span> <span class='ocrx_word' id='word_1_224' title='bbox 633 3215 839 3273; x_wconf 86' lang='lat' dir='ltr'>consuetudine</span> <span class='ocrx_word' id='word_1_225' title='bbox 860 3215 1033 3290; x_wconf 86' lang='lat' dir='ltr'>errandique</span> <span class='ocrx_word' id='word_1_226' title='bbox 1062 3236 1150 3293; x_wconf 83' lang='lat' dir='ltr'>gene-</span> 
     </span>
     <span class='ocr_line' id='line_1_29' title="bbox 87 3320 1150 3397; baseline 0.001 -19"><span class='ocrx_word' id='word_1_227' title='bbox 87 3322 168 3378; x_wconf 87' lang='lat' dir='ltr'>ribns</span> <span class='ocrx_word' id='word_1_228' title='bbox 190 3322 323 3379; x_wconf 89' lang='lat' dir='ltr'>codicum</span> <span class='ocrx_word' id='word_1_229' title='bbox 344 3321 516 3378; x_wconf 89' lang='lat' dir='ltr'>tractatione</span> <span class='ocrx_word' id='word_1_230' title='bbox 538 3320 706 3397; x_wconf 80' lang='lat' dir='ltr'>perspectis,</span> <span class='ocrx_word' id='word_1_231' title='bbox 733 3321 769 3378; x_wconf 90' lang='lat' dir='ltr'>dc</span> <span class='ocrx_word' id='word_1_232' title='bbox 791 3341 890 3379; x_wconf 89' lang='lat' dir='ltr'>eorum</span> <span class='ocrx_word' id='word_1_233' title='bbox 913 3323 1052 3390; x_wconf 85' lang='lat' dir='ltr'>doctrina,</span> <span class='ocrx_word' id='word_1_234' title='bbox 1076 3323 1150 3380; x_wconf 90' lang='lat' dir='ltr'>iudi-</span> 
     </span>
     <span class='ocr_line' id='line_1_30' title="bbox 88 3425 1151 3506; baseline 0.002 -22"><span class='ocrx_word' id='word_1_235' title='bbox 88 3427 156 3498; x_wconf 84' lang='lat' dir='ltr'>ciis,</span> <span class='ocrx_word' id='word_1_236' title='bbox 187 3427 316 3485; x_wconf 86' lang='lat' dir='ltr'>consiliis</span> <span class='ocrx_word' id='word_1_237' title='bbox 346 3427 420 3484; x_wconf 84' lang='lat' dir='ltr'>mira</span> <span class='ocrx_word' id='word_1_238' title='bbox 449 3436 550 3485; x_wconf 81' lang='lat' dir='ltr'>namet</span> <span class='ocrx_word' id='word_1_239' title='bbox 579 3437 606 3484; x_wconf 91' lang='lat' dir='ltr'>ct</span> <span class='ocrx_word' id='word_1_240' title='bbox 636 3426 665 3483; x_wconf 91' lang='lat' dir='ltr'>in</span> <span class='ocrx_word' id='word_1_241' title='bbox 697 3427 944 3502; x_wconf 84' lang='lat' dir='ltr'>pervagatissimis</span> <span class='ocrx_word' id='word_1_242' title='bbox 970 3427 1081 3486; x_wconf 87' lang='lat' dir='ltr'>mendis</span> <span class='ocrx_word' id='word_1_243' title='bbox 1103 3425 1151 3506; x_wconf 88' lang='lat' dir='ltr'>(ut</span> 
     </span>
    </p>
   </div>
   <div class='ocr_carea' id='block_1_3' title="bbox 88 3528 1151 3609">
    <p class='ocr_par' dir='ltr' id='par_1_3' title="bbox 88 3528 1151 3609">
     <span class='ocr_line' id='line_1_31' title="bbox 88 3528 1151 3609; baseline 0 -19"><span class='ocrx_word' id='word_1_244' title='bbox 88 3533 242 3602; x_wconf 72' lang='lat' dir='ltr'>hisdem]</span> <span class='ocrx_word' id='word_1_245' title='bbox 264 3531 382 3590; x_wconf 84' lang='lat' dir='ltr'>ridicule</span> <span class='ocrx_word' id='word_1_246' title='bbox 404 3528 523 3609; x_wconf 81' lang='lat' dir='ltr'>errat1).</span> <span class='ocrx_word' id='word_1_247' title='bbox 565 3533 622 3592; x_wconf 90' lang='lat' dir='ltr'>Hie</span> <span class='ocrx_word' id='word_1_248' title='bbox 647 3553 663 3591; x_wconf 92' lang='lat' dir='ltr'>e</span> <span class='ocrx_word' id='word_1_249' title='bbox 684 3531 831 3592; x_wconf 87' lang='lat' dir='ltr'>codicibus</span> <span class='ocrx_word' id='word_1_250' title='bbox 853 3533 985 3608; x_wconf 82' lang='lat' dir='ltr'>quaedam</span> <span class='ocrx_word' id='word_1_251' title='bbox 1005 3535 1083 3591; x_wconf 91' lang='lat' dir='ltr'>bona</span> <span class='ocrx_word' id='word_1_252' title='bbox 1098 3552 1151 3591; x_wconf 86' lang='lat' dir='ltr'>nec</span> 
     </span>
    </p>
   </div>
   <div class='ocr_carea' id='block_1_4' title="bbox 107 3795 1152 4222">
    <p class='ocr_par' dir='ltr' id='par_1_4' title="bbox 107 3795 1151 3866">
     <span class='ocr_line' id='line_1_32' title="bbox 107 3795 1151 3866; baseline 0.002 -16"><span class='ocrx_word' id='word_1_253' title='bbox 107 3795 133 3863; x_wconf 87' lang='lat'>¹)</span> <span class='ocrx_word' id='word_1_254' title='bbox 160 3799 288 3864; x_wconf 82' lang='lat' dir='ltr'>Exempla</span> <span class='ocrx_word' id='word_1_255' title='bbox 312 3813 415 3848; x_wconf 80' lang='lat' dir='ltr'>summae</span> <span class='ocrx_word' id='word_1_256' title='bbox 432 3801 602 3865; x_wconf 79' lang='lat' dir='ltr'>perversitatis</span> <span class='ocrx_word' id='word_1_257' title='bbox 627 3815 707 3866; x_wconf 88' lang='lat' dir='ltr'>prope</span> <span class='ocrx_word' id='word_1_258' title='bbox 730 3803 823 3864; x_wconf 82' lang='lat' dir='ltr'>quaevis</span> <span class='ocrx_word' id='word_1_259' title='bbox 847 3803 944 3866; x_wconf 80' lang='lat' dir='ltr'>pagina</span> <span class='ocrx_word' id='word_1_260' title='bbox 967 3801 1026 3850; x_wconf 83' lang='lat' dir='ltr'>iude</span> <span class='ocrx_word' id='word_1_261' title='bbox 1054 3815 1069 3849; x_wconf 86' lang='lat' dir='ltr'>a</span> <span class='ocrx_word' id='word_1_262' title='bbox 1091 3801 1151 3852; x_wconf 83' lang='lat' dir='ltr'>libri</span> 
     </span>
    </p>

    <p class='ocr_par' dir='ltr' id='par_1_5' title="bbox 160 3891 1149 3959">
     <span class='ocr_line' id='line_1_33' title="bbox 160 3891 1149 3959; baseline 0.003 -18"><span class='ocrx_word' id='word_1_263' title='bbox 160 3893 227 3942; x_wconf 84' lang='lat' dir='ltr'>tertii</span> <span class='ocrx_word' id='word_1_264' title='bbox 246 3893 318 3942; x_wconf 87' lang='lat' dir='ltr'>initio</span> <span class='ocrx_word' id='word_1_265' title='bbox 341 3891 478 3957; x_wconf 69' lang='lat' dir='ltr'>prebebit3</span> <span class='ocrx_word' id='word_1_266' title='bbox 508 3905 568 3942; x_wconf 85' lang='lat' dir='ltr'>uem</span> <span class='ocrx_word' id='word_1_267' title='bbox 591 3893 618 3941; x_wconf 87' lang='lat' dir='ltr'>iu</span> <span class='ocrx_word' id='word_1_268' title='bbox 642 3893 709 3942; x_wconf 89' lang='lat' dir='ltr'>libro</span> <span class='ocrx_word' id='word_1_269' title='bbox 732 3893 788 3944; x_wconf 90' lang='lat' dir='ltr'>let</span> <span class='ocrx_word' id='word_1_270' title='bbox 805 3893 832 3944; x_wconf 90' lang='lat'>11</span> <span class='ocrx_word' id='word_1_271' title='bbox 849 3895 926 3943; x_wconf 79' lang='lat' dir='ltr'>tacite</span> <span class='ocrx_word' id='word_1_272' title='bbox 949 3908 1002 3943; x_wconf 87' lang='lat' dir='ltr'>rem</span> <span class='ocrx_word' id='word_1_273' title='bbox 1027 3895 1082 3959; x_wconf 68' lang='lat' dir='ltr'>agit</span> <span class='ocrx_word' id='word_1_274' title='bbox 1104 3909 1149 3945; x_wconf 85' lang='lat' dir='ltr'>nec</span> 
     </span>
    </p>

    <p class='ocr_par' dir='ltr' id='par_1_6' title="bbox 159 3985 1150 4051">
     <span class='ocr_line' id='line_1_34' title="bbox 159 3985 1150 4051; baseline 0.004 -17"><span class='ocrx_word' id='word_1_275' title='bbox 159 3986 291 4036; x_wconf 85' lang='lat' dir='ltr'>ibidum</span> <span class='ocrx_word' id='word_1_276' title='bbox 308 3999 355 4050; x_wconf 92' lang='lat' dir='ltr'>pro</span> <span class='ocrx_word' id='word_1_277' title='bbox 373 3985 421 4034; x_wconf 90' lang='lat' dir='ltr'>ibi</span> <span class='ocrx_word' id='word_1_278' title='bbox 440 3993 505 4034; x_wconf 84' lang='lat' dir='ltr'>tum</span> <span class='ocrx_word' id='word_1_279' title='bbox 524 3985 651 4050; x_wconf 75' lang='lat' dir='ltr'>(l,t‚12)</span> <span class='ocrx_word' id='word_1_280' title='bbox 669 3985 792 4036; x_wconf 82' lang='lat' dir='ltr'>similiave</span> <span class='ocrx_word' id='word_1_281' title='bbox 810 3987 922 4051; x_wconf 84' lang='lat' dir='ltr'>reposita</span> <span class='ocrx_word' id='word_1_282' title='bbox 940 3989 1019 4038; x_wconf 77' lang='lat' dir='ltr'>verbo</span> <span class='ocrx_word' id='word_1_283' title='bbox 1037 3997 1150 4038; x_wconf 84' lang='lat' dir='ltr'>excusat.</span> 
     </span>
    </p>

    <p class='ocr_par' dir='ltr' id='par_1_7' title="bbox 160 4078 1152 4222">
     <span class='ocr_line' id='line_1_35' title="bbox 160 4078 1152 4143; baseline 0 -13"><span class='ocrx_word' id='word_1_284' title='bbox 160 4079 231 4131; x_wconf 75' lang='lat' dir='ltr'>Setis</span> <span class='ocrx_word' id='word_1_285' title='bbox 250 4079 395 4128; x_wconf 87' lang='lat' dir='ltr'>documenti</span> <span class='ocrx_word' id='word_1_286' title='bbox 414 4078 518 4128; x_wconf 83' lang='lat' dir='ltr'>habebit</span> <span class='ocrx_word' id='word_1_287' title='bbox 548 4079 588 4143; x_wconf 88' lang='lat' dir='ltr'>(ut</span> <span class='ocrx_word' id='word_1_288' title='bbox 611 4093 691 4129; x_wconf 86' lang='lat' dir='ltr'>nuum</span> <span class='ocrx_word' id='word_1_289' title='bbox 715 4079 880 4140; x_wconf 78' lang='lat' dir='ltr'>stulterum,</span> <span class='ocrx_word' id='word_1_290' title='bbox 909 4082 978 4143; x_wconf 85' lang='lat' dir='ltr'>quod</span> <span class='ocrx_word' id='word_1_291' title='bbox 996 4081 1044 4132; x_wconf 85' lang='lat' dir='ltr'>sub</span> <span class='ocrx_word' id='word_1_292' title='bbox 1063 4082 1152 4132; x_wconf 80' lang='lat' dir='ltr'>stilum</span> 
     </span>
     <span class='ocr_line' id='line_1_36' title="bbox 918 4169 950 4222; baseline 0 -28"><span class='ocrx_word' id='word_1_293' title='bbox 918 4169 950 4222; x_wconf 70' lang='lat'>³0</span> 
     </span>
    </p>
   </div>
   <div class='ocr_carea' id='block_1_5' title="bbox 0 0 1422 4650">
    <p class='ocr_par' dir='ltr' id='par_1_8' title="bbox 0 0 1422 4650">
     <span class='ocr_line' id='line_1_37' title="bbox 0 0 1422 4650; baseline 0 0"><span class='ocrx_word' id='word_1_294' title='bbox 0 0 1422 4650; x_wconf 95' lang='lat' dir='ltr'> </span> 
     </span>
    </p>
   </div>
  </div>
 </body>
</html>
