2826 4640
278 283 438 342 Illum}
487 338 492 347 .
784 292 844 350 tlt

278 485 431 534 orarent
451 484 629 544 senatum,
650 473 693 532 ιιι
708 472 817 530 trium
839 473 966 529 harum
987 481 1105 528 rerum
1126 490 1228 530 uuam
1250 473 1347 529 absa

279 579 474 658 impetrari
506 579 687 650 sinerent,
718 587 758 636 ut
787 577 846 634 vel
871 595 914 634 ex
946 595 1047 652 equo
1076 579 1171 652 apud
1203 578 1345 635 socium

279 681 472 764 populum,
509 683 602 759 quid
631 685 808 758 cuiusque
834 693 953 754 esset,
985 683 1255 758 disceptarent,
1287 682 1347 738 vel

279 791 538 868 permitterent
566 787 967 864 Carthaginiensibus,
988 797 1027 845 ut
1048 787 1230 846 adversus
1247 788 1346 845 iuiu-

278 907 336 955 sta
357 915 457 954 arma
479 895 542 971 pio
564 894 745 970 iustoque
774 913 813 952 se
834 903 1049 951 tutarentur
1069 893 1181 964 bello,
1217 893 1276 950 vel
1299 894 1345 950 ad

279 1009 482 1059 extremum
511 1043 540 1059 ..
581 998 694 1056 semel
715 1007 940 1068 statuerent,
974 998 1064 1074 quid
1096 999 1271 1056 donatum
1302 1018 1344 1055 ex

279 1105 400 1164 alieno
425 1103 655 1164 Massinissa
676 1104 827 1165 vallent.
874 1103 1025 1163 Orationis
1046 1104 1143 1161 forma
1163 1103 1345 1178 apertissime

278 1211 425 1288 postulat,
449 1219 482 1268 nt
505 1210 569 1267 hae
592 1217 731 1284 quattuor
758 1211 851 1267 verba
869 1209 1051 1279 sinerent,
1076 1209 1345 1284 disceptarent,

278 1317 556 1393 permitterent,
592 1323 802 1372 statuerent
823 1315 861 1372 ad
883 1315 960 1372 idern
988 1314 1149 1371 subiectum
1170 1313 1344 1381 referantur,

279 1425 437 1482 Romanos
484 1419 595 1478 Verum
620 1419 748 1477 Romani
769 1419 863 1494 apud
886 1420 996 1477 socium
1019 1419 1157 1496 populum
1180 1420 1344 1495 disceptare

278 1547 336 1586 non
357 1535 507 1604 poteraut3
537 1523 569 1581 id
596 1525 673 1582 euim
702 1543 803 1582 eorum
826 1533 884 1594 est,
912 1525 961 1600 qui
991 1543 1109 1582 musam
1135 1543 1219 1582 suam
1243 1535 1345 1601 agunt.

277 1633 386 1710 populo
408 1632 488 1690 socio
509 1629 665 1690 iudicante.
712 1631 749 1688 Iu
771 1629 871 1688 codiee
892 1639 949 1687 est:
976 1639 1015 1687 ut
1045 1629 1104 1687 uel
1125 1649 1168 1687 ex
1189 1649 1281 1705 equo
1309 1631 1344 1687 iu

277 1740 417 1797 socium
438 1736 696 1814 populumque,
718 1735 803 1809 qnid
827 1734 1010 1809 cuiusque
1031 1745 1137 1802 esset,
1159 1736 1344 1812 discepta-

276 1853 367 1902 rent.
431 1841 622 1901 Seribeudum
651 1840 741 1916 igitur
772 1848 817 1897 est
854 1839 903 1916 (de
924 1840 1092 1914 RomanisJ:
1135 1849 1175 1897 ut
1210 1841 1269 1898 vel
1298 1861 1343 1898 ex

277 1967 377 2023 aquo
399 1945 507 2024 iu[ter
525 1944 660 2023 regem]
686 1946 825 2003 socium
847 1945 1107 2022 populumque,
1130 1965 1158 2021 q.
1181 1965 1253 2017 aa,
1274 1948 1343 2003 dis-

276 2059 479 2128 ceptarent.
571 2052 667 2110 Paulo
701 2060 770 2109 anta
805 2051 834 2127 (ξ
860 2054 878 2109 3
912 2061 941 2108 et
972 2055 1007 2118 4)
1040 2051 1083 2108 sio
1112 2051 1344 2127 interpungeuda

277 2155 372 2214 oratio
394 2166 451 2214 est:
494 2155 822 2234 Carthaginienses
855 2155 1004 2214 foedere
1025 2157 1194 2232 illigatos
1215 2157 1344 2226 silere;

278 2262 471 2338 prohiberi
486 2261 578 2320 enim
601 2261 817 2320 extrafiues
834 2255 976 2320 efferre
997 2280 1341 2338 arma3quaruquam

277 2367 400 2425 seiaut
423 2368 457 2424 in
484 2365 561 2424 suis
582 2365 742 2438 finibus,
764 2367 795 2424 si
826 2367 909 2424 iude
930 2368 1108 2425 Numidas
1140 2367 1343 2443 pellerent,

276 2487 314 2529 ss
335 2482 510 2548 gesturos
539 2471 693 2543 bellum3
726 2473 882 2544 (eorrectio
913 2474 975 2530 hee
997 2481 1061 2542 est,
1101 2481 1189 2546 eaput
1209 2471 1280 2529 illud
1305 2474 1342 2530 de

276 2577 365 2634 aruris
387 2587 471 2636 extra
499 2573 571 2636 lines
603 2587 676 2635 non'
692 2577 846 2636 efferendis
880 2579 917 2636 ab
954 2580 1010 2636 hae
1038 2597 1071 2635 re
1089 2596 1257 2648 removens;
1288 2579 1340 2635 sed

276 2681 354 2740 aliud
375 2683 513 2757 restare:)
542 2683 607 2740 illo
631 2684 727 2740 haud
750 2684 924 2759 ambiguo
947 2683 1070 2759 eapite
1091 2681 1254 2740 foederis
1275 2685 1340 2742 de·

275 2783 420 2856 terreri,
442 2807 511 2863 quo
531 2789 672 2846 diserte
695 2797 866 2847 vetentur
896 2799 950 2848 eet.
997 2789 1137 2846 Fortasse
1158 2789 1244 2846 etiem
1267 2792 1340 2847 scri·

274 2891 400 2950 bendum
423 2894 517 2952 haud
539 2895 726 2970 ambigue;
752 2913 821 2952 narn
850 2904 938 2971 caput
968 2895 1064 2970 ipsum
1090 2911 1150 2950 non
1170 2895 1338 2970 ambiguum

275 3013 348 3066 esse,
371 2997 535 3058 declaratur
555 3001 701 3059 vocabulo
724 2999 872 3058 diserte.
943 3001 1084 3058 Extremo
1106 2999 1202 3075 eapite
1223 3003 1287 3072 (59
1311 3012 1339 3058 et

280 3104 327 3170 10)
350 3101 446 3160 editur
466 3105 522 3162 sie:
544 3107 676 3164 Tutum
699 3106 919 3164 servitutem
941 3122 979 3162 se
1002 3106 1084 3177 (eod.
1107 3105 1337 3164 iuventutern

275 3205 324 3276 ei)
347 3207 412 3265 snb
438 3209 600 3270 dominis
630 3211 805 3270 Romanis
829 3229 931 3286 quam
955 3211 1169 3268 libertatem
1195 3211 1340 3287 exposi-

274 3323 342 3370 tam
377 3314 420 3371 ad
454 3313 612 3373 iniurias
637 3316 873 3375 Massinissa
901 3314 1020 3375 malle.
1078 3316 1206 3374 Perire
1239 3335 1338 3374 nam-

274 3435 341 3494 que
362 3420 472 3477 sernel
494 3421 587 3497 ipsis
620 3421 739 3480 satius
770 3440 849 3479 esse
884 3437 987 3494 quam
1016 3420 1083 3476 sub
1106 3421 1339 3480 acerbissimi

270 3511 350 3596 (eod.
386 3525 637 3598 acerbissimo)
671 3525 864 3584 carnificis
897 3524 1054 3582 arbitrio
1076 3525 1247 3600 spiritum
1269 3527 1338 3583 du-

272 3646 361 3686 cere.
423 3627 527 3688 Causae
563 3631 736 3708 significatio
769 3630 945 3707 (namque)
978 3649 1082 3706 parum
1115 3641 1185 3707 apta
1212 3632 1340 3703 videtur,

271 3735 411 3812 quoniam
432 3754 490 3793 nou
512 3736 588 3794 idem
610 3747 655 3794 est
675 3737 797 3814 perire
818 3737 929 3794 semel
948 3745 977 3793 et
999 3735 1033 3792 iu
1055 3745 1134 3793 tuta
1155 3736 1339 3794 servitute

270 3839 378 3898 vivers.
434 3840 536 3899 Codex
558 3843 659 3900 habet:
683 3839 939 3918 perireueque
968 3841 1080 3900 semel
1111 3843 1191 3917 ipse
1216 3843 1338 3900 satius

271 3945 351 4019 ipse
373 3963 455 4003 esse
477 3965 579 4022 quarn
603 3955 658 4007 eet.
706 3947 832 4005 Videtur
853 3947 921 4004 olim
939 3947 1078 4022 seriptum
1090 3946 1192 4005 fuisse:
1206 3948 1341 4007 Perire

270 4067 417 4122 quoque
437 4049 548 4108 semel
569 4051 661 4127 ipsis
683 4051 807 4108 satius
829 4069 910 4109 esse
933 4069 1037 4127 quam
1059 4061 1114 4110 oet.
