2820 4646
238 268 296 318 hl
310 267 396 318 ΙΠ-
734 271 794 327 Gli

238 453 803 529 Adbtsitdexpruxinorocsbulo.
858 452 1018 530 (cepres.
1054 457 1090 512 tt
1126 455 1190 510 sine
1224 456 1303 510 eins·

240 559 319 617 nodi
339 577 430 616 cussa
450 559 480 616 'nt
501 559 601 616 endbc
621 561 769 618 scibitnr:
802 561 916 636 spuit
946 571 1098 618 senatus
1128 561 1223 636 qnod
1244 581 1303 636 pro

266 662 374 729 ιιι)

240 685 260 742 q
317 669 397 848 disp.
418 773 469 830 st.
495 775 506 828 1
532 771 985 847 (dehet-:impsum
1009 773 1141 830 civitates
1162 771 1304 828 miiinbns

240 877 417 954 (diripienda
452 877 561 950 Μῦς
591 877 698 933 Hsnd
735 878 864 953 procul
893 878 977 934 inde
1011 877 1137 936 Anicii
1175 889 1304 934 castro

240 995 361 1052 ersnt3
383 983 427 1040 sd
449 1001 551 1058 quent
570 981 709 1040 litteris
733 983 872 1042 missis.
902 1004 945 1041 ue
967 985 1051 1059 quid
1072 982 1194 1048 sdes,
1225 1003 1305 1058 (με
1393 1045 1394 1058 ¹

239 1089 391 1149 iierent.
416 1099 638 1151 nuceretum
669 1097 833 1144 senatum
854 1091 1012 1164 praedsru
1034 1089 1140 1166 Epiri
1169 1091 1304 1146 civita.
1393 1079 1394 1110 ἓ

238 1209 324 1264 tum,
346 1213 422 1270 qut
442 1193 487 1250 sd
508 1195 644 1252 Persea
670 1191 909 1257 deiecissent.
933 1195 1116 1252 exercitui
1136 1195 1302 1264 dedisse

239 1300 431 1358 submissis
451 1299 730 1356 centurionibus
758 1301 793 1356 iu
814 1301 982 1376 siuguiss
1011 1303 1135 1360 urbes.
1170 1303 1232 1375 qui
1265 1321 1304 1359 se

242 1405 410 1464 dicerent
431 1405 475 1462 sd
498 1406 671 1480 presidis
691 1406 904 1464 deducenda
924 1409 1084 1469 venisse.
1189 1407 1304 1464 denos

240 1511 428 1587 principes
448 1529 492 1566 ex
514 1511 675 1586 singulis
696 1513 867 1569 evocarit
888 1514 1115 1570 civitatibus.
1170 1515 1302 1570 Pras-um

240 1617 447 1687 submissis;
482 1627 582 1692 operte
611 1617 687 1673 euim
719 1629 749 1675 et
778 1618 876 1694 palum
899 1619 1080 1676 centuriones
1104 1619 1302 1686 mittebsutur,

240 1723 296 1780 etsi
317 1722 502 1780 it’sudulento
524 1721 654 1778 consilio.
711 1722 785 1781 Cod.
819 1743 906 1781 suos
937 1725 1071 1785 missis:
1103 1724 1302 1780 scribendum:

241 1829 423 1886 exercitui
454 1827 602 1884 dedisse
636 1845 716 1898 sn,
753 1831 875 1888 missis
900 1841 954 1890 etc.
1008 1829 1103 1887 Psulo
1125 1839 1192 1904 post
1214 1833 1242 1900 (5
1267 1833 1300 1893 6)

240 1935 347 1992 editur:
377 1933 536 1990 Vendits
563 1933 684 2009 praeds
714 1935 882 2006 omuinm3
909 1937 951 1993 de
975 1955 1016 1992 es
1036 1953 1172 1992 summa
1192 1934 1302 1991 militi

238 2049 465 2097 numeratum
487 2049 551 2098 est.
593 2041 691 2096 Nimis
718 2041 827 2098 infinite
850 2053 879 2098 et
900 2043 1035 2100 inusitste
1056 2041 1160 2098 dicitur
1180 2042 1302 2118 preda

240 2144 412 2212 omnium,
437 2165 501 2221 qun
522 2145 650 2204 omnium
680 2166 796 2216 rerum,
828 2148 921 2205 nuruis
948 2145 1062 2222 generis
1090 2157 1147 2211 est;
1181 2165 1302 2223 prorsus

240 2269 332 2328 prsre
356 2252 539 2310 numerari
569 2252 825 2326 (impeteouuiiter)
855 2253 897 2310 de
926 2273 968 2310 es
996 2271 1131 2310 summa
1152 2253 1224 2330 (hoc
1245 2265 1300 2324 est,

241 2357 277 2414 de
298 2357 419 2416 redacta
449 2357 594 2434 munis).
651 2357 710 2416 Sed
743 2359 772 2416 in
804 2359 904 2416 codice
935 2359 1070 2416 scribitur
1101 2369 1301 2416 numerata.
1394 2375 1395 2396 ¹

240 2461 375 2522 Efficitur
394 2463 494 2539 igitur:
515 2462 676 2520 Vendits
699 2465 820 2538 prede
842 2466 969 2542 misr
995 2465 1080 2526 lude
1102 2483 1143 2521 ee
1164 2482 1302 2521 summu

240 2567 318 2644 (que
340 2579 407 2626 oute
430 2568 592 2644 significata
612 2579 666 2639 est,
696 2571 885 2647 quadringeni
908 2571 1019 2628 denarii
1040 2571 1070 2627 iu
1092 2571 1227 2644 equitem,
1247 2588 1301 2645 pe·

240 2673 348 2732 ditibus
365 2675 481 2750 duceni)
504 2675 611 2732 militi
633 2685 823 2733 numerata
844 2685 908 2734 est.
956 2676 1058 2745 Tnm§
1073 2680 1088 2732 7
1103 2675 1301 2732 scribendum:

240 2779 301 2854 qni
332 2789 503 2856 expertes
535 2780 644 2856 regite
673 2781 801 2856 predae
829 2799 866 2837 se
900 2799 980 2838 esse
1014 2781 1302 2856 indignabuntur

241 2883 304 2954 (out
325 2895 498 2960 expertes
520 2903 557 2942 se
586 2887 720 2960 regin-n
741 2885 771 2942 in
792 2886 857 2943 ced.
879 2897 908 2942 et
929 2889 994 2947 edd.
1016 2907 1052 2945 se
1074 2886 1228 2953 omittiturt
1248 2885 1302 2942 sed

240 3007 335 3064 neque
365 2989 538 3065 indignor
566 3009 698 3066 expers
726 3009 805 3048 esse
835 2992 877 3066 (io
903 3011 993 3069 proso
1026 2994 1169 3064 oratione)
1206 3009 1302 3065 oeque

240 3094 416 3170 indignor
459 3106 647 3170 expertem
685 3115 764 3154 esse
800 3097 904 3156 Latine
939 3099 1051 3157 dicitur.
1117 3101 1144 3169 (ξ
1175 3097 1193 3153 9
1223 3109 1302 3154 tecte

242 3199 394 3258 Dukerus:
416 3201 561 3259 senatui
584 3205 822 3276 reservaret.)

329 3305 365 3364 Iu
387 3306 479 3364 ultera
493 3317 578 3382 perte
594 3307 680 3366 buius
701 3308 805 3384 cepitis
826 3308 861 3366 de
883 3309 1021 3368 Eumenis
1043 3319 1072 3368 et
1093 3307 1247 3368 Gallorum
1271 3309 1301 3364 iu

242 3409 319 3468 Asis
336 3413 540 3472 certaminibus
561 3424 590 3472 et
609 3414 713 3490 legetis
729 3415 871 3472 Romanis
893 3433 929 3472 eo
950 3415 1044 3472 missis
1066 3425 1211 3474 narretur.
1253 3415 1301 3472 lbi

240 3514 524 3590 primumiiiithtec
537 3521 713 3578 scribuntur:
724 3521 797 3578 Ver
811 3520 962 3596 primum
977 3539 1019 3578 ex
1034 3522 1137 3580 domo
1152 3521 1301 3590 excivit,

261 3779 284 3848 ι)
313 3787 327 3848 5
351 3791 362 3834 l
383 3790 539 3852 spernendus
564 3799 619 3840 eret
636 3797 787 3856 pervagatus
809 3789 906 3838 librarii
933 3804 1015 3850 error,
1042 3791 1085 3854 qui
1109 3805 1168 3854 pro:
1195 3803 1299 3838 enmu-

312 3875 383 3926 ists
401 3878 432 3928 in
450 3881 615 3945 ingentem
634 3895 785 3931 acervum
803 3882 916 3945 scripsit:
943 3883 1108 3932 cumulata
1131 3883 1300 3944 ingentem

312 3983 359 4020 oc.
396 3969 451 4020 Cir.
472 3972 544 4030 vm,
564 3975 605 4034 80,
625 3979 640 4024 8
660 3979 686 4020 et
702 3971 737 4031 X,
758 3978 799 4032 29,
820 3977 861 4036 ts,
887 3987 938 4037 quo
957 3975 1014 4024 loco
1032 3989 1083 4024 non
1102 3976 1223 4034 iuuatur,
1242 3977 1301 4038 quis

313 4071 366 4105 uon
384 4059 499 4122 seqnitur
516 4064 721 4126 prepoiitioneru
740 4079 792 4114 vox
809 4066 842 4114 ub
860 4067 893 4115 iu
913 4065 1045 4130 iucipiens.
