2820 4646
602 259 658 313 stt
969 223 1046 303 *uta
1065 253 1162 304 mv.

100 441 231 517 riganda.
274 439 405 498 Primum
428 441 488 509 56,
514 438 561 496 ubi
584 439 620 496 de
643 438 744 497 Persei
759 445 865 495 conatu
885 437 989 496 Gallos
1011 439 1048 497 ad
1071 439 1162 498 socie·

100 557 191 604 tatem
213 545 358 604 alliciendi
379 545 484 620 agitur,
504 545 610 602 editur:
632 545 711 620 ipse
733 543 883 618 (Perseus)
906 563 1018 620 equos
1039 547 1162 622 phele·

100 671 234 728 resque
276 661 310 709 et
348 650 492 726 sagula,
532 651 662 708 donum
702 649 950 727 principibus,
991 651 1093 710 ferre
1128 665 1163 712 ot

99 777 228 835 parum
251 757 348 828 euri,
370 756 465 832 quod
486 756 582 815 inter
604 775 740 833 paucos
761 755 957 824 divideret,
979 767 1044 828 cet,
1059 760 1162 818 vitiose

99 883 224 941 perum
251 881 304 940 pro
327 881 379 934 oo,
413 861 491 938 quod
514 873 558 921 est
579 863 744 940 paulum,
779 862 885 938 posito.
920 863 976 921 =In
998 864 1097 922 codice
1118 876 1162 923 est

99 989 249 1046 parvom
277 968 356 1027 auri
387 967 465 1045 (ipsa
496 968 617 1044 antiqua
638 969 798 1044 scriptura,
825 987 912 1044 quam
935 977 964 1028 et
984 969 1053 1028 alibi
1073 971 1161 1030 inter·

100 1075 169 1134 dum
191 1075 220 1133 in
243 1093 398 1152 aequom,
420 1093 548 1149 equom
571 1073 635 1132 aliis
649 1073 785 1132 librarius
799 1076 950 1150 servavit),
966 1077 1043 1152 quod
1059 1096 1161 1152 quam·

100 1181 146 1239 vis
166 1200 265 1239 rarum
290 1181 328 1238 sit
358 1178 414 1259 (-
436 1180 603 1240 inusitatum
626 1199 706 1252 esse,
738 1181 899 1256 significari
928 1181 1061 1241 Gramm.
1094 1185 1159 1242 Lat.

100 1289 198 1358 §285
221 1289 240 1346 b
261 1287 291 1345 in
313 1287 443 1362 margine
474 1287 518 1359 -)
548 1295 645 1344 temen
667 1287 764 1363 sperni
785 1306 843 1344 non
864 1287 958 1358 debet,
987 1307 1045 1346 non
1067 1291 1160 1365 magis

101 1411 189 1468 quam
212 1393 334 1450 alterum
356 1393 436 1464 illud,
464 1393 542 1469 apud
558 1391 728 1451 Ciceronem
744 1403 772 1450 et
787 1393 965 1468 antiquiores
986 1413 1044 1451 non
1066 1395 1160 1453 minus

99 1499 277 1570 inusitatum,
302 1499 380 1576 apud
402 1499 518 1557 Livium
541 1509 585 1556 ter
606 1499 733 1568 omnino,
754 1498 809 1556 nisi
830 1498 925 1570 fallor,
945 1501 1082 1576 positum,
1103 1521 1160 1560 ex-

100 1605 219 1680 iguum
253 1624 318 1663 cum
352 1605 480 1682 genitivo
514 1605 697 1682 (exiguum
729 1605 843 1680 spatii
875 1607 988 1672 XXll,
1022 1608 1073 1680 24,
1107 1627 1158 1664 ex.

99 1711 215 1786 campi
235 1711 373 1782 XXVII,
396 1714 453 1783 27,
475 1731 525 1768 ex.
551 1711 727 1786 temporis
750 1711 817 1778 XL,
840 1713 906 1785 28),
937 1712 1040 1770 deinde
1062 1723 1158 1771 autem

99 1816 178 1892 apud
212 1815 364 1888 Ovidium,
393 1817 519 1874 Plinium
552 1827 721 1890 utrumque,
758 1816 840 1875 alios.
896 1819 974 1876 Nam
1011 1838 1157 1895 parrum

99 1922 300 1997 sanguinis
322 1924 459 1982 Lucanus
480 1923 554 1980 dixit
574 1923 616 1994 ΙΙ,
643 1923 714 1990 1283
745 1923 905 1998 eodemque
926 1925 1057 2000 pertinet,
1081 1927 1159 2001 quod

98 2045 154 2104 pro
178 2047 223 2099 eo,
244 2029 323 2103 quod
352 2030 431 2106 apud
451 2027 621 2088 Ciceronem
654 2039 683 2086 et
711 2029 889 2104 antiquiores
917 2028 1021 2087 dicitur
1044 2030 1159 2106 paulo

98 2135 226 2210 plures
253 2135 402 2208 (maior,
435 2135 522 2208 cet),
545 2134 645 2191 Livius
674 2133 761 2192 etiam
787 2153 902 2210 parvo
929 2136 1055 2211 plures
1086 2137 1159 2194 dixit

100 2241 157 2312 (X,
169 2239 235 2316 45),
255 2241 402 2316 quemodo
424 2241 550 2300 Plinium
566 2240 708 2298 Maiorem
731 2249 760 2298 ot
780 2239 907 2298 Gellium
931 2240 1043 2298 locutos
1064 2240 1159 2298 lexico

99 2347 313 2416 demonstrant;
348 2347 471 2420 (Plinius
494 2347 580 2404 etiam
604 2345 737 2420 exiguo
758 2347 972 2421 posthabet).
1022 2347 1086 2404 Nec
1117 2347 1159 2405 ite

99 2453 225 2511 difficilis
247 2469 310 2511 emt
331 2453 369 2510 ed
394 2454 456 2510 haec
477 2453 615 2511 transitus
632 2453 670 2510 ab
691 2453 737 2522 iis,
764 2470 829 2528 quae
853 2453 931 2529 apud
954 2471 1054 2510 omnes
1075 2472 1158 2530 repe·

98 2561 220 2631 riantur,
240 2578 354 2636 parvo
377 2569 588 2629 contentus,
612 2576 767 2616 summas
788 2557 1006 2634 voluptates
1033 2577 1157 2616 conse-

99 2665 161 2741 qui
182 2683 308 2741 parvo‚
329 2665 479 2726 similibus.
523 2664 689 2740 Sequuntur
714 2669 741 2738 (ς
763 2663 793 2734 9)
820 2665 882 2722 hec
903 2664 940 2736 de
960 2664 1061 2722 iisdem
1084 2665 1157 2724 Gal-

98 2771 149 2830 lisr
188 2773 273 2829 llteo
306 2772 476 2828 mandata
508 2772 642 2828 adens
674 2790 781 2846 quum
812 2770 1031 2846 pertulisset
1055 2773 1157 2830 Anti·

98 2896 218 2954 gonus
256 2877 545 2952 adiecissetque,
590 2897 655 2952 per
691 2877 787 2934 viam
830 2886 965 2951 quanta
1004 2878 1156 2937 omnium

98 2993 311 3060 praeparata
331 3001 422 3041 cura
443 2983 545 3058 regis
567 2983 679 3059 eopia
701 2982 931 3040 multitudini
955 2983 1062 3055 soret,
1084 2985 1158 3060 qui-

98 3088 236 3162 busque
271 3089 483 3147 muneribus
518 3089 708 3166 principes
749 3089 987 3148 advenientes
1027 3091 1158 3162 vestis,

98 3193 244 3268 argenti
274 3209 522 3269 equorumque
556 3207 780 3272 excepturus
809 3215 872 3253 rex
894 3207 1007 3270 esset,
1038 3199 1080 3256 de
1101 3198 1158 3255 his

99 3299 243 3374 quidem
266 3318 303 3357 se
326 3319 449 3358 coram
472 3301 687 3377 cognituros
713 3303 950 3377 respondent,
978 3303 1071 3361 illud

99 3405 350 3482 interrogent,
384 3415 437 3464 cet.
495 3409 618 3466 Poterat
652 3407 844 3484 suspicionem
879 3425 997 3466 movere
1030 3419 1058 3466 at
1086 3409 1157 3467 ordo

99 3513 254 3570 verborum
288 3511 482 3588 (perviam
514 3513 576 3571 sine
609 3532 698 3572 causa
728 3513 892 3590 pronomini
924 3515 1095 3591 praeposito)
1129 3531 1159 3574 et

98 3617 347 3676 multitudinis
378 3637 484 3676 nomen
504 3619 655 3678 abundans
678 3603 731 3676 nec
751 3629 869 3696 aptum,
901 3621 1036 3695 quonium
1071 3621 1157 3679 etiam

98 3722 277 3799 principibus
302 3741 338 3780 ea
359 3725 444 3800 copia
465 3739 570 3802 parata
592 3737 667 3796 erut;
688 3726 740 3783 sed
762 3736 858 3782 tamen
882 3727 944 3784 hoec
968 3746 1071 3803 parum
1090 3747 1157 3804 gra-

97 3827 148 3886 via
169 3827 292 3886 forsitan
319 3829 498 3905 viderentur,
533 3831 589 3890 nisi
619 3831 703 3890 aliter
734 3831 850 3890 litium
883 3831 1033 3908 scripsisse
1066 3835 1158 3892 codex

97 3935 250 4011 perspicue
273 3936 446 4008 ostenderet,
469 3937 518 4014 qui
539 3939 601 3996 haec
631 3939 732 3996 habet:
770 3938 1059 4014 adiecissetque,
1096 3959 1160 4016 per

99 4059 202 4116 quem
224 4051 400 4117 quantam
424 4038 582 4102 o'mnium
603 4055 848 4121 preparatam
878 4063 965 4102 cure
986 4045 1084 4121 regis
1105 4064 1158 4104 co·

154 4159 430 4201 musteum-..nm
925 4175 957 4223 ³7
