2810 4644
731 197 745 224 o

589 270 647 325 317
950 268 1007 318 Lib.
1020 267 1119 318 xxvt.

83 445 220 524 pitelis
249 450 328 507 ausi
358 448 541 526 plerique,
566 467 671 524 quum
693 449 726 508 in
749 450 969 511 civitatibus
1000 451 1076 510 suis
1110 457 1151 510 ac

82 555 150 612 sub
178 553 321 630 legibue
351 555 540 626 vixerant,
570 564 618 624 et,
640 565 835 630 postquam
858 576 918 616 eos
944 599 974 620 ..
1002 557 1150 616 fortuna

82 659 219 718 similis
240 661 534 736 conglobaverat
563 662 829 737 Agathyrnam,
859 683 922 739 por
949 663 1150 721 latrocinia

88 809 118 824 ..
163 765 274 824 vitam
311 765 526 824 tolerantes.
568 768 659 825 Recte
685 766 760 825 inter
781 786 814 826 so
834 770 1022 846 respondent:
1055 770 1149 839 ausi,

82 889 193 947 quum
220 913 250 932 ..
278 871 454 930 vixerant
477 881 520 930 etr
549 882 741 948 postquam
779 919 807 932 ..
841 875 1149 950 conglobaverat,

83 977 304 1036 tolerantes.

169 1080 244 1158 Cap.
265 1085 315 1152 41,
343 1086 376 1139 17
401 1082 444 1150 (in
466 1083 598 1141 oratione
620 1082 763 1158 Scipionis
785 1085 863 1160 apud
885 1085 989 1142 milites
1010 1085 1149 1161 Hispani·

81 1183 197 1262 enses):
219 1185 313 1258 Quid
334 1187 449 1263 igitar
469 1188 585 1246 minus
605 1188 821 1260 'conveniat,
849 1191 1003 1260 milites,
1026 1209 1147 1265 quam,

82 1309 196 1365 quarn
225 1291 308 1348 alim
340 1310 449 1368 super
481 1293 577 1351 alias
607 1294 733 1352 clades
757 1295 1030 1354 cumularentur
1051 1314 1092 1352 ac
1114 1296 1147 1352 di

81 1414 200 1472 prope
233 1398 305 1473 ipsi
334 1416 412 1455 cum
451 1398 663 1456 Hannibale
707 1409 862 1470 starent,
902 1419 967 1458 vos
1002 1401 1059 1458 bic

80 1502 308 1560 sustinuisse
350 1503 539 1561 labantem
584 1503 769 1562 fortunam
815 1506 939 1580 populi
981 1505 1147 1572 Romani,

81 1625 176 1666 nunc
208 1608 371 1679 eosdem,
407 1609 493 1686 quia
524 1610 605 1668 illic
640 1611 759 1668 omnia
794 1611 954 1669 secunda
991 1610 1146 1685 laetaque

81 1723 183 1783 sunt,
197 1713 328 1771 animis
351 1714 534 1774 deiicere?
552 1717 657 1791 Inepta
671 1725 715 1772 est
735 1715 764 1772 in
788 1717 832 1773 his
845 1716 982 1774 extremis
1004 1713 1146 1791 particula

81 1819 211 1878 causalis
232 1819 357 1894 (quia),
384 1837 478 1895 neque
500 1821 576 1878 onim
599 1821 752 1896 quisquam
775 1822 841 1878 ideo
863 1822 1016 1879 deficiebat
1037 1820 1145 1888 animo,

81 1924 164 2001 quod
185 1943 232 1982 res
252 1923 283 1980 in
306 1924 398 1982 Italiae
419 1927 492 1984 lete
513 1936 624 1995 essent;
654 1925 777 1984 miratur
807 1927 916 2002 Scipio,
945 1945 1029 1995 nttnc,
1057 1945 1144 2001 quum

81 2031 157 2088 loetss
177 2029 235 2087 illic
256 2049 302 2087 res
323 2031 389 2101 sint,
411 2031 533 2090 deficere
555 2032 668 2101 animis,
691 2031 740 2107 qui
761 2033 945 2107 gravioribus
968 2032 1145 2108 temporibus

80 2155 143 2193 non
164 2135 330 2196 defecerint.
378 2137 482 2212 Itaque
503 2157 540 2194 ex
561 2155 655 2196 nunc
683 2181 712 2196 ..
741 2137 826 2212 quia
851 2136 1015 2196 necessario
1037 2136 1145 2194 iacien-

82 2243 169 2299 dum:
191 2259 286 2300 nunc
391 2259 465 2299 curn
488 2243 555 2300 iam
580 2242 689 2316 (cuit)
712 2242 791 2300 illic
813 2253 866 2301 cet.

168 2345 242 2424 Cap.
276 2351 326 2417 lt,
361 2351 375 2406 7
412 2347 460 2424 (de
492 2347 593 2424 praeda
625 2346 810 2424 Carthaginis
843 2349 970 2420 NovaeJ:
1008 2357 1147 2433 paterae

81 2471 202 2528 aurea
224 2451 631 2524 fueruntCOLXXVl,
654 2453 862 2512 librasfere
879 2452 1146 2528 omnespondo.

80 2559 134 2618 Sic
154 2559 278 2628 codices,
299 2567 328 2615 et
350 2559 391 2616 sio
412 2558 506 2616 editur
527 2558 593 2615 inde
615 2577 634 2616 a
655 2558 817 2630 Gronovio,
838 2569 921 2616 tanta
942 2558 1058 2634 quidem
1080 2577 1144 2614 enm

80 2665 198 2736 fiducia,
220 2675 253 2723 ut
274 2664 311 2721 ad
334 2663 472 2734 XXVII,
494 2669 523 2734 t,
545 2667 573 2731 ll,
595 2664 645 2721 nbi
666 2663 771 2740 legitur
802 2675 906 2723 terna
936 2664 1055 2741 pondo
1087 2683 1144 2740 pa-

80 2784 166 2830 terae
202 2789 336 2841 aurose,
372 2770 499 2827 adscribi
531 2770 667 2841 videam,
709 2770 842 2828 usitatius
883 2770 1010 2828 flaturum
1043 2769 1145 2828 inisse:

80 2889 206 2934 ternas
231 2876 349 2934 libras
371 2877 492 2952 pondo
525 2885 584 2945 aut,
613 2875 729 2933 libras
761 2875 884 2944 omiss0,
915 2886 1039 2932 ternas
1062 2895 1144 2951 pon·

80 2983 134 3040 do.
183 2981 327 3056 Equidem
352 3001 498 3058 nunquam
512 2981 671 3057 intelligere
693 2981 783 3056 potui,
806 2981 870 3056 quis
892 2989 968 3040 esset
991 2981 1039 3040 hic
1060 3001 1145 3040 accu-

79 3085 168 3146 astiti
204 3087 302 3164 (quern
344 3107 485 3146 mensurae
521 3087 680 3146 Muellerus
716 3087 754 3144 ad
781 3087 861 3148 Fest.
898 3105 926 3163 p.
962 3089 1001 3146 98
1044 3090 1144 3166 appel·

80 3193 134 3266 lat)
169 3209 238 3249 usus
269 3201 319 3248 aut
349 3211 437 3268 quam
469 3193 591 3250 haberet
619 3192 795 3267 analogiam.
857 3193 937 3250 Nam
966 3213 1031 3268 quae
1058 3195 1144 3252 video

79 3297 256 3373 comparari,
284 3297 318 3354 id
340 3316 467 3374 genus,
496 3297 533 3355 id
554 3297 686 3368 artatis,
709 3317 744 3355 ea
765 3298 812 3354 vel
834 3298 962 3356 additum
984 3317 1143 3374 pronomen

79 3414 209 3482 separat,
230 3402 324 3478 aragia
348 3413 443 3460 antem
464 3403 638 3462 substantivi
659 3402 754 3472 notio;
786 3402 878 3460 simile
906 3405 981 3461 enirn
1012 3413 1097 3473 esset,
1118 3404 1143 3460 si

80 3511 225 3568 dicerettu
245 3517 381 3584 patera
402 3509 436 3566 id
458 3509 591 3586 pondo;
612 3527 688 3565 nrrnc
709 3520 841 3584 patara
866 3508 1001 3566 libram
1021 3508 1141 3584 pondo

78 3617 121 3674 sic
142 3615 248 3674 dicitnr
277 3631 313 3671 ac
343 3614 368 3672 si
388 3613 481 3670 dicas:
503 3615 608 3670 homo
640 3632 768 3671 annum
791 3623 911 3682 aetate,
942 3614 1022 3688 quod
1043 3631 1142 3670 omnes

79 3722 207 3780 sentiunt
234 3718 386 3777 ridiculum
406 3737 478 3777 esse.
536 3717 680 3777 Gronovii
700 3728 796 3776 antem
821 3717 1061 3794 explicationem,
1093 3719 1141 3794 qui

77 3823 212 3886 adbibita
233 3823 326 3900 ellipsi
343 3823 430 3894 ultra,
460 3843 548 3899 quam
571 3825 627 3882 dici
650 3834 754 3899 potest,
776 3823 910 3894 mirabili,
932 3833 1062 3880 enarrata
1084 3843 1141 3899 pa·

78 3943 166 3990 tersa
186 3932 365 3989 habentes
386 3929 531 4006 pondus
553 3929 669 3988 libras
690 3931 818 4005 pondo,
843 3929 1039 3988 condonemus
1054 3930 1141 3998 retati,

77 4057 138 4115 qna
160 4037 207 4094 vir
228 4035 362 4112 egregiam
384 4035 466 4094 vixit.
509 4034 655 4111 Exenrpla
676 4036 714 4093 ad
735 4035 810 4092 banc
824 4034 1007 4094 insolentiam
1022 4035 1141 4111 loquen-

75 4147 106 4202 di
128 4143 358 4203 confirmandam
393 4149 499 4218 praeter
530 4141 586 4197 hoc
618 4157 705 4196 tanum
750 4139 823 4197 Livii
853 4141 911 4197 dno
943 4139 1140 4218 proferuntur,
