<?xml version="1.0" encoding="UTF-8"?>
<!DOCTYPE html PUBLIC "-//W3C//DTD XHTML 1.0 Transitional//EN"
    "http://www.w3.org/TR/xhtml1/DTD/xhtml1-transitional.dtd">
<html xmlns="http://www.w3.org/1999/xhtml" xml:lang="en" lang="en">
 <head>
  <title>
</title>
<meta http-equiv="Content-Type" content="text/html;charset=utf-8" />
  <meta name='ocr-system' content='tesseract 3.04.00' />
  <meta name='ocr-capabilities' content='ocr_page ocr_carea ocr_par ocr_line ocrx_word'/>
</head>
<body>
  <div class='ocr_page' id='page_1' title='image "./emendationesliv02madvgoog_0117.png"; bbox 0 0 2822 4648; ppageno 0'>
   <div class='ocr_carea' id='block_1_1' title="bbox 305 257 829 315">
    <p class='ocr_par' dir='ltr' id='par_1_1' title="bbox 305 257 829 315">
     <span class='ocr_line' id='line_1_1' title="bbox 305 257 829 315; baseline -0.006 -9"><span class='ocrx_word' id='word_1_1' title='bbox 305 257 362 306; x_wconf 89' lang='lat' dir='ltr'>Lib.</span> <span class='ocrx_word' id='word_1_2' title='bbox 382 257 431 308; x_wconf 88' lang='lat' dir='ltr'>lv.</span> <span class='ocrx_word' id='word_1_3' title='bbox 772 261 829 315; x_wconf 78' lang='lat'>106</span> 
     </span>
    </p>
   </div>
   <div class='ocr_carea' id='block_1_2' title="bbox 266 439 1333 1466">
    <p class='ocr_par' dir='ltr' id='par_1_2' title="bbox 266 439 1333 1466">
     <span class='ocr_line' id='line_1_2' title="bbox 267 439 1333 517; baseline 0.001 -18"><span class='ocrx_word' id='word_1_4' title='bbox 267 443 355 499; x_wconf 84' lang='lat' dir='ltr'>tatis</span> <span class='ocrx_word' id='word_1_5' title='bbox 382 441 549 498; x_wconf 82' lang='lat' dir='ltr'>nominetur</span> <span class='ocrx_word' id='word_1_6' title='bbox 576 449 625 496; x_wconf 83' lang='lat' dir='ltr'>eut</span> <span class='ocrx_word' id='word_1_7' title='bbox 655 439 769 514; x_wconf 80' lang='lat' dir='ltr'>plebem</span> <span class='ocrx_word' id='word_1_8' title='bbox 800 449 913 515; x_wconf 77' lang='lat' dir='ltr'>partem</span> <span class='ocrx_word' id='word_1_9' title='bbox 935 457 999 496; x_wconf 85' lang='lat' dir='ltr'>esse</span> <span class='ocrx_word' id='word_1_10' title='bbox 1027 441 1128 515; x_wconf 89' lang='lat' dir='ltr'>populi</span> <span class='ocrx_word' id='word_1_11' title='bbox 1149 441 1333 517; x_wconf 83' lang='lat' dir='ltr'>significetur</span> 
     </span>
     <span class='ocr_line' id='line_1_3' title="bbox 268 545 1332 623; baseline 0 -19"><span class='ocrx_word' id='word_1_12' title='bbox 268 547 313 623; x_wconf 86' lang='lat' dir='ltr'>(nt</span> <span class='ocrx_word' id='word_1_13' title='bbox 335 548 412 622; x_wconf 89' lang='lat' dir='ltr'>quod</span> <span class='ocrx_word' id='word_1_14' title='bbox 434 566 459 607; x_wconf 90' lang='lat' dir='ltr'>c.</span> <span class='ocrx_word' id='word_1_15' title='bbox 486 549 540 616; x_wconf 74' lang='lat'>56„</span> <span class='ocrx_word' id='word_1_16' title='bbox 573 547 589 602; x_wconf 84' lang='lat'><strong>3</strong></span> <span class='ocrx_word' id='word_1_17' title='bbox 613 545 714 621; x_wconf 90' lang='lat' dir='ltr'>populi</span> <span class='ocrx_word' id='word_1_18' title='bbox 741 547 772 602; x_wconf 92' lang='lat' dir='ltr'>in</span> <span class='ocrx_word' id='word_1_19' title='bbox 793 545 917 602; x_wconf 89' lang='lat' dir='ltr'>comitiis</span> <span class='ocrx_word' id='word_1_20' title='bbox 940 545 1028 602; x_wconf 78' lang='lat' dir='ltr'>enimi</span> <span class='ocrx_word' id='word_1_21' title='bbox 1050 565 1069 602; x_wconf 81' lang='lat' dir='ltr'>u</span> <span class='ocrx_word' id='word_1_22' title='bbox 1089 547 1209 620; x_wconf 89' lang='lat' dir='ltr'>plebeiis</span> <span class='ocrx_word' id='word_1_23' title='bbox 1231 549 1332 604; x_wconf 80' lang='lat' dir='ltr'>cendi-</span> 
     </span>
     <span class='ocr_line' id='line_1_4' title="bbox 267 651 1332 729; baseline -0.002 -19"><span class='ocrx_word' id='word_1_24' title='bbox 267 653 342 710; x_wconf 86' lang='lat' dir='ltr'>detis</span> <span class='ocrx_word' id='word_1_25' title='bbox 365 655 403 710; x_wconf 83' lang='lat' dir='ltr'>nd</span> <span class='ocrx_word' id='word_1_26' title='bbox 427 651 565 729; x_wconf 77' lang='lat' dir='ltr'>patricios</span> <span class='ocrx_word' id='word_1_27' title='bbox 587 653 682 709; x_wconf 80' lang='lat' dir='ltr'>eversi</span> <span class='ocrx_word' id='word_1_28' title='bbox 704 651 859 724; x_wconf 85' lang='lat' dir='ltr'>dicuntur).</span> <span class='ocrx_word' id='word_1_29' title='bbox 907 651 973 708; x_wconf 90' lang='lat' dir='ltr'>Hoc</span> <span class='ocrx_word' id='word_1_30' title='bbox 996 651 1111 726; x_wconf 87' lang='lat' dir='ltr'>quidem</span> <span class='ocrx_word' id='word_1_31' title='bbox 1132 653 1198 710; x_wconf 92' lang='lat' dir='ltr'>loco</span> <span class='ocrx_word' id='word_1_32' title='bbox 1220 671 1254 710; x_wconf 89' lang='lat' dir='ltr'>eo</span> <span class='ocrx_word' id='word_1_33' title='bbox 1276 653 1332 709; x_wconf 91' lang='lat' dir='ltr'>mi-</span> 
     </span>
     <span class='ocr_line' id='line_1_5' title="bbox 266 758 1333 833; baseline 0.002 -17"><span class='ocrx_word' id='word_1_34' title='bbox 266 777 320 815; x_wconf 91' lang='lat' dir='ltr'>nus</span> <span class='ocrx_word' id='word_1_35' title='bbox 342 777 500 816; x_wconf 82' lang='lat' dir='ltr'>consensus</span> <span class='ocrx_word' id='word_1_36' title='bbox 530 758 699 832; x_wconf 78' lang='lat' dir='ltr'>cuiusquam</span> <span class='ocrx_word' id='word_1_37' title='bbox 732 767 816 815; x_wconf 82' lang='lat' dir='ltr'>extre</span> <span class='ocrx_word' id='word_1_38' title='bbox 841 758 953 832; x_wconf 77' lang='lat' dir='ltr'><strong>plebem</strong></span> <span class='ocrx_word' id='word_1_39' title='bbox 976 758 1199 816; x_wconf 80' lang='lat' dir='ltr'>commemorari</span> <span class='ocrx_word' id='word_1_40' title='bbox 1225 769 1333 833; x_wconf 71' lang='lat' dir='ltr'>potest.</span> 
     </span>
     <span class='ocr_line' id='line_1_6' title="bbox 267 863 1333 940; baseline -0.002 -18"><span class='ocrx_word' id='word_1_41' title='bbox 267 884 326 940; x_wconf 92' lang='lat' dir='ltr'>quo</span> <span class='ocrx_word' id='word_1_42' title='bbox 360 865 488 940; x_wconf 77' lang='lat' dir='ltr'>apertius</span> <span class='ocrx_word' id='word_1_43' title='bbox 511 864 611 921; x_wconf 89' lang='lat' dir='ltr'>Livius</span> <span class='ocrx_word' id='word_1_44' title='bbox 647 863 710 937; x_wconf 87' lang='lat' dir='ltr'>ipse</span> <span class='ocrx_word' id='word_1_45' title='bbox 739 863 828 938; x_wconf 88' lang='lat' dir='ltr'>pnulo</span> <span class='ocrx_word' id='word_1_46' title='bbox 861 872 928 920; x_wconf 82' lang='lat' dir='ltr'>ente</span> <span class='ocrx_word' id='word_1_47' title='bbox 956 871 1048 920; x_wconf 84' lang='lat' dir='ltr'>totam</span> <span class='ocrx_word' id='word_1_48' title='bbox 1075 883 1135 920; x_wconf 88' lang='lat' dir='ltr'>rem</span> <span class='ocrx_word' id='word_1_49' title='bbox 1159 882 1178 919; x_wconf 82' lang='lat' dir='ltr'>e</span> <span class='ocrx_word' id='word_1_50' title='bbox 1198 863 1333 938; x_wconf 76' lang='lat' dir='ltr'>patribus</span> 
     </span>
     <span class='ocr_line' id='line_1_7' title="bbox 267 969 1332 1045; baseline -0.002 -17"><span class='ocrx_word' id='word_1_51' title='bbox 267 971 305 1028; x_wconf 86' lang='lat' dir='ltr'>nd</span> <span class='ocrx_word' id='word_1_52' title='bbox 327 971 458 1028; x_wconf 86' lang='lat' dir='ltr'>tribunos</span> <span class='ocrx_word' id='word_1_53' title='bbox 481 979 509 1026; x_wconf 90' lang='lat' dir='ltr'>et</span> <span class='ocrx_word' id='word_1_54' title='bbox 531 970 568 1026; x_wconf 85' lang='lat' dir='ltr'>nd</span> <span class='ocrx_word' id='word_1_55' title='bbox 589 969 702 1045; x_wconf 90' lang='lat' dir='ltr'>plebem</span> <span class='ocrx_word' id='word_1_56' title='bbox 726 969 862 1026; x_wconf 74' lang='lat' dir='ltr'>reiectam</span> <span class='ocrx_word' id='word_1_57' title='bbox 885 987 948 1026; x_wconf 88' lang='lat' dir='ltr'>esse</span> <span class='ocrx_word' id='word_1_58' title='bbox 968 969 1108 1027; x_wconf 76' lang='lat' dir='ltr'>narravit.</span> <span class='ocrx_word' id='word_1_59' title='bbox 1152 969 1239 1041; x_wconf 79' lang='lat' dir='ltr'>Quid,</span> <span class='ocrx_word' id='word_1_60' title='bbox 1250 970 1332 1044; x_wconf 91' lang='lat' dir='ltr'>quod</span> 
     </span>
     <span class='ocr_line' id='line_1_8' title="bbox 266 1073 1332 1150; baseline -0.005 -16"><span class='ocrx_word' id='word_1_61' title='bbox 266 1097 302 1135; x_wconf 91' lang='lat' dir='ltr'>ne</span> <span class='ocrx_word' id='word_1_62' title='bbox 313 1077 417 1134; x_wconf 81' lang='lat' dir='ltr'>Lat-ine</span> <span class='ocrx_word' id='word_1_63' title='bbox 430 1075 546 1150; x_wconf 89' lang='lat' dir='ltr'>quidem</span> <span class='ocrx_word' id='word_1_64' title='bbox 567 1075 623 1132; x_wconf 91' lang='lat' dir='ltr'>dici</span> <span class='ocrx_word' id='word_1_65' title='bbox 647 1085 717 1150; x_wconf 91' lang='lat' dir='ltr'>puto</span> <span class='ocrx_word' id='word_1_66' title='bbox 740 1073 864 1131; x_wconf 83' lang='lat' dir='ltr'>faeere</span> <span class='ocrx_word' id='word_1_67' title='bbox 886 1075 1032 1148; x_wconf 80' lang='lat' dir='ltr'>aliquid</span> <span class='ocrx_word' id='word_1_68' title='bbox 1052 1092 1231 1130; x_wconf 90' lang='lat' dir='ltr'>consensu</span> <span class='ocrx_word' id='word_1_69' title='bbox 1258 1075 1332 1149; x_wconf 86' lang='lat' dir='ltr'>(us-</span> 
     </span>
     <span class='ocr_line' id='line_1_9' title="bbox 266 1179 1333 1256; baseline -0.006 -16"><span class='ocrx_word' id='word_1_70' title='bbox 266 1185 387 1245; x_wconf 86' lang='lat' dir='ltr'>sensul</span> <span class='ocrx_word' id='word_1_71' title='bbox 410 1181 567 1239; x_wconf 83' lang='lat' dir='ltr'>alienius</span> <span class='ocrx_word' id='word_1_72' title='bbox 589 1200 642 1256; x_wconf 87' lang='lat' dir='ltr'>pro</span> <span class='ocrx_word' id='word_1_73' title='bbox 665 1201 717 1249; x_wconf 74' lang='lat' dir='ltr'>eo,</span> <span class='ocrx_word' id='word_1_74' title='bbox 746 1181 824 1254; x_wconf 90' lang='lat' dir='ltr'>quod</span> <span class='ocrx_word' id='word_1_75' title='bbox 847 1189 891 1238; x_wconf 82' lang='lat' dir='ltr'>est</span> <span class='ocrx_word' id='word_1_76' title='bbox 912 1181 1165 1238; x_wconf 76' lang='lat' dir='ltr'>consentiente</span> <span class='ocrx_word' id='word_1_77' title='bbox 1188 1179 1333 1252; x_wconf 82' lang='lat' dir='ltr'>(essen-</span> 
     </span>
     <span class='ocr_line' id='line_1_10' title="bbox 267 1284 1333 1362; baseline -0.004 -16"><span class='ocrx_word' id='word_1_78' title='bbox 267 1290 395 1358; x_wconf 90' lang='lat' dir='ltr'>tiente)</span> <span class='ocrx_word' id='word_1_79' title='bbox 418 1287 552 1358; x_wconf 75' lang='lat' dir='ltr'>aliquo,</span> <span class='ocrx_word' id='word_1_80' title='bbox 574 1297 606 1341; x_wconf 90' lang='lat' dir='ltr'>nt</span> <span class='ocrx_word' id='word_1_81' title='bbox 627 1284 732 1342; x_wconf 86' lang='lat' dir='ltr'>dicitur</span> <span class='ocrx_word' id='word_1_82' title='bbox 750 1287 944 1362; x_wconf 80' lang='lat' dir='ltr'>permissu,</span> <span class='ocrx_word' id='word_1_83' title='bbox 969 1286 1071 1344; x_wconf 87' lang='lat' dir='ltr'>iussu</span> <span class='ocrx_word' id='word_1_84' title='bbox 1093 1296 1146 1343; x_wconf 89' lang='lat' dir='ltr'>cet.</span> <span class='ocrx_word' id='word_1_85' title='bbox 1169 1287 1333 1343; x_wconf 77' lang='lat' dir='ltr'>alicuius</span> 
     </span>
     <span class='ocr_line' id='line_1_11' title="bbox 266 1391 1331 1466; baseline -0.004 -14"><span class='ocrx_word' id='word_1_86' title='bbox 266 1391 408 1452; x_wconf 85' lang='lat' dir='ltr'>fucere?</span> <span class='ocrx_word' id='word_1_87' title='bbox 443 1391 543 1450; x_wconf 90' lang='lat' dir='ltr'>Livius</span> <span class='ocrx_word' id='word_1_88' title='bbox 566 1391 680 1466; x_wconf 89' lang='lat' dir='ltr'>quidem</span> <span class='ocrx_word' id='word_1_89' title='bbox 705 1399 756 1446; x_wconf 83' lang='lat' dir='ltr'>eut</span> <span class='ocrx_word' id='word_1_90' title='bbox 777 1391 986 1448; x_wconf 84' lang='lat' dir='ltr'>multitudinem</span> <span class='ocrx_word' id='word_1_91' title='bbox 1000 1391 1127 1466; x_wconf 83' lang='lat' dir='ltr'>aliquem</span> <span class='ocrx_word' id='word_1_92' title='bbox 1144 1409 1331 1449; x_wconf 85' lang='lat' dir='ltr'>consensu</span> 
     </span>
    </p>
   </div>
   <div class='ocr_carea' id='block_1_3' title="bbox 266 1495 1332 1576">
    <p class='ocr_par' dir='ltr' id='par_1_3' title="bbox 266 1495 1332 1576">
     <span class='ocr_line' id='line_1_12' title="bbox 266 1495 1332 1576; baseline -0.006 -17"><span class='ocrx_word' id='word_1_93' title='bbox 266 1501 408 1576; x_wconf 82' lang='lat' dir='ltr'>aliquid</span> <span class='ocrx_word' id='word_1_94' title='bbox 430 1499 552 1556; x_wconf 83' lang='lat' dir='ltr'>fecere</span> <span class='ocrx_word' id='word_1_95' title='bbox 574 1496 643 1552; x_wconf 91' lang='lat' dir='ltr'>dicit</span> <span class='ocrx_word' id='word_1_96' title='bbox 665 1495 734 1570; x_wconf 84' lang='lat' dir='ltr'>(hoc</span> <span class='ocrx_word' id='word_1_97' title='bbox 756 1507 808 1568; x_wconf 77' lang='lat' dir='ltr'>est,</span> <span class='ocrx_word' id='word_1_98' title='bbox 832 1497 978 1554; x_wconf 89' lang='lat' dir='ltr'>communi</span> <span class='ocrx_word' id='word_1_99' title='bbox 1000 1497 1332 1566; x_wconf 69' lang='lat' dir='ltr'>cousensu,utXX1l&#39;‚</span> 
     </span>
    </p>
   </div>
   <div class='ocr_carea' id='block_1_4' title="bbox 263 1601 1333 3684">
    <p class='ocr_par' dir='ltr' id='par_1_4' title="bbox 263 1601 1333 3580">
     <span class='ocr_line' id='line_1_13' title="bbox 269 1601 1332 1678; baseline -0.004 -14"><span class='ocrx_word' id='word_1_100' title='bbox 269 1610 305 1664; x_wconf 89' lang='lat'>37</span> <span class='ocrx_word' id='word_1_101' title='bbox 331 1616 414 1675; x_wconf 62' lang='lat' dir='ltr'>extr„</span> <span class='ocrx_word' id='word_1_102' title='bbox 436 1603 501 1674; x_wconf 84' lang='lat' dir='ltr'>cet.)</span> <span class='ocrx_word' id='word_1_103' title='bbox 524 1613 575 1658; x_wconf 84' lang='lat' dir='ltr'>eut</span> <span class='ocrx_word' id='word_1_104' title='bbox 599 1601 709 1675; x_wconf 84' lang='lat' dir='ltr'>aliquid</span> <span class='ocrx_word' id='word_1_105' title='bbox 731 1601 817 1658; x_wconf 83' lang='lat' dir='ltr'>fieri</span> <span class='ocrx_word' id='word_1_106' title='bbox 839 1621 1021 1661; x_wconf 88' lang='lat' dir='ltr'>consensu</span> <span class='ocrx_word' id='word_1_107' title='bbox 1041 1605 1258 1678; x_wconf 77' lang='lat' dir='ltr'>aliquorum,</span> <span class='ocrx_word' id='word_1_108' title='bbox 1281 1604 1332 1678; x_wconf 91' lang='lat' dir='ltr'>qui</span> 
     </span>
     <span class='ocr_line' id='line_1_14' title="bbox 265 1707 1332 1787; baseline -0.003 -18"><span class='ocrx_word' id='word_1_109' title='bbox 265 1713 321 1787; x_wconf 88' lang='lat' dir='ltr'>ipsi</span> <span class='ocrx_word' id='word_1_110' title='bbox 342 1711 460 1768; x_wconf 79' lang='lat' dir='ltr'>faciant.</span> <span class='ocrx_word' id='word_1_111' title='bbox 504 1707 600 1781; x_wconf 85' lang='lat' dir='ltr'>Quum</span> <span class='ocrx_word' id='word_1_112' title='bbox 623 1707 677 1764; x_wconf 90' lang='lat' dir='ltr'>hoc</span> <span class='ocrx_word' id='word_1_113' title='bbox 689 1708 776 1764; x_wconf 90' lang='lat' dir='ltr'>modo</span> <span class='ocrx_word' id='word_1_114' title='bbox 788 1707 834 1764; x_wconf 89' lang='lat' dir='ltr'>hic</span> <span class='ocrx_word' id='word_1_115' title='bbox 848 1727 964 1782; x_wconf 90' lang='lat' dir='ltr'>quoque</span> <span class='ocrx_word' id='word_1_116' title='bbox 979 1710 1154 1785; x_wconf 82' lang='lat' dir='ltr'>scripsisset:</span> <span class='ocrx_word' id='word_1_117' title='bbox 1177 1713 1205 1767; x_wconf 99' lang='lat' dir='ltr'>A</span> <span class='ocrx_word' id='word_1_118' title='bbox 1221 1709 1332 1784; x_wconf 87' lang='lat' dir='ltr'>plebe</span> 
     </span>
     <span class='ocr_line' id='line_1_15' title="bbox 266 1813 1332 1888; baseline -0.001 -15"><span class='ocrx_word' id='word_1_119' title='bbox 266 1833 447 1874; x_wconf 87' lang='lat' dir='ltr'>consensu</span> <span class='ocrx_word' id='word_1_120' title='bbox 470 1813 684 1870; x_wconf 88' lang='lat' dir='ltr'>consulibus</span> <span class='ocrx_word' id='word_1_121' title='bbox 706 1814 893 1888; x_wconf 85' lang='lat' dir='ltr'>negotium</span> <span class='ocrx_word' id='word_1_122' title='bbox 921 1816 1129 1882; x_wconf 76' lang='lat' dir='ltr'>mandetur,</span> <span class='ocrx_word' id='word_1_123' title='bbox 1166 1833 1223 1870; x_wconf 87' lang='lat' dir='ltr'>non</span> <span class='ocrx_word' id='word_1_124' title='bbox 1247 1815 1332 1872; x_wconf 84' lang='lat' dir='ltr'>intel·</span> 
     </span>
     <span class='ocr_line' id='line_1_16' title="bbox 265 1917 1331 1994; baseline -0.007 -13"><span class='ocrx_word' id='word_1_125' title='bbox 265 1926 340 1980; x_wconf 84' lang='lat' dir='ltr'>lecto</span> <span class='ocrx_word' id='word_1_126' title='bbox 365 1920 485 1979; x_wconf 80' lang='lat' dir='ltr'>ablativi</span> <span class='ocrx_word' id='word_1_127' title='bbox 506 1919 581 1976; x_wconf 93' lang='lat' dir='ltr'>illius</span> <span class='ocrx_word' id='word_1_128' title='bbox 604 1937 658 1994; x_wconf 92' lang='lat' dir='ltr'>pro</span> <span class='ocrx_word' id='word_1_129' title='bbox 679 1919 818 1976; x_wconf 84' lang='lat' dir='ltr'>adverbio</span> <span class='ocrx_word' id='word_1_130' title='bbox 834 1937 887 1976; x_wconf 90' lang='lat' dir='ltr'>usu</span> <span class='ocrx_word' id='word_1_131' title='bbox 907 1917 1052 1992; x_wconf 84' lang='lat' dir='ltr'>genitivus</span> <span class='ocrx_word' id='word_1_132' title='bbox 1072 1919 1189 1975; x_wconf 78' lang='lat' dir='ltr'>additus</span> <span class='ocrx_word' id='word_1_133' title='bbox 1213 1929 1266 1988; x_wconf 80' lang='lat' dir='ltr'>est,</span> <span class='ocrx_word' id='word_1_134' title='bbox 1279 1929 1331 1976; x_wconf 87' lang='grc' dir='ltr'><strong>ιιιιι</strong></span> 
     </span>
     <span class='ocr_line' id='line_1_17' title="bbox 265 2023 1332 2100; baseline -0.002 -16"><span class='ocrx_word' id='word_1_135' title='bbox 265 2029 389 2086; x_wconf 77' lang='lat' dir='ltr'>fortasse</span> <span class='ocrx_word' id='word_1_136' title='bbox 410 2027 466 2082; x_wconf 90' lang='lat' dir='ltr'>hoc</span> <span class='ocrx_word' id='word_1_137' title='bbox 487 2027 592 2100; x_wconf 83' lang='lat' dir='ltr'>ipsum,</span> <span class='ocrx_word' id='word_1_138' title='bbox 612 2024 661 2099; x_wconf 87' lang='lat' dir='ltr'>qui</span> <span class='ocrx_word' id='word_1_139' title='bbox 683 2025 841 2100; x_wconf 85' lang='lat' dir='ltr'>genitivum</span> <span class='ocrx_word' id='word_1_140' title='bbox 865 2023 989 2090; x_wconf 83' lang='lat' dir='ltr'>eddidit,</span> <span class='ocrx_word' id='word_1_141' title='bbox 1012 2023 1160 2082; x_wconf 84' lang='lat' dir='ltr'>declursre</span> <span class='ocrx_word' id='word_1_142' title='bbox 1182 2025 1291 2098; x_wconf 79' lang='lat' dir='ltr'>voluit,</span> <span class='ocrx_word' id='word_1_143' title='bbox 1314 2047 1332 2082; x_wconf 82' lang='lat' dir='ltr'>a</span> 
     </span>
     <span class='ocr_line' id='line_1_18' title="bbox 265 2130 1332 2210; baseline 0 -21"><span class='ocrx_word' id='word_1_144' title='bbox 265 2133 370 2210; x_wconf 89' lang='lat' dir='ltr'>plebe</span> <span class='ocrx_word' id='word_1_145' title='bbox 397 2149 574 2188; x_wconf 91' lang='lat' dir='ltr'>consensu</span> <span class='ocrx_word' id='word_1_146' title='bbox 603 2149 666 2187; x_wconf 85' lang='lat' dir='ltr'>csse</span> <span class='ocrx_word' id='word_1_147' title='bbox 688 2149 870 2188; x_wconf 89' lang='lat' dir='ltr'>consensu</span> <span class='ocrx_word' id='word_1_148' title='bbox 893 2130 1029 2205; x_wconf 78' lang='lat' dir='ltr'>plebis,</span> <span class='ocrx_word' id='word_1_149' title='bbox 1065 2132 1245 2206; x_wconf 84' lang='lat' dir='ltr'>negligenter</span> <span class='ocrx_word' id='word_1_150' title='bbox 1265 2151 1332 2208; x_wconf 91' lang='lat' dir='ltr'>po-</span> 
     </span>
     <span class='ocr_line' id='line_1_19' title="bbox 264 2236 1332 2316; baseline 0.001 -21"><span class='ocrx_word' id='word_1_151' title='bbox 264 2239 340 2316; x_wconf 89' lang='lat' dir='ltr'>puli</span> <span class='ocrx_word' id='word_1_152' title='bbox 372 2257 426 2313; x_wconf 88' lang='lat' dir='ltr'>pro</span> <span class='ocrx_word' id='word_1_153' title='bbox 455 2236 573 2312; x_wconf 89' lang='lat' dir='ltr'>plebis</span> <span class='ocrx_word' id='word_1_154' title='bbox 595 2237 701 2312; x_wconf 89' lang='lat' dir='ltr'>posito.</span> <span class='ocrx_word' id='word_1_155' title='bbox 766 2236 860 2294; x_wconf 85' lang='lat' dir='ltr'>Paulo</span> <span class='ocrx_word' id='word_1_156' title='bbox 883 2245 949 2311; x_wconf 91' lang='lat' dir='ltr'>post</span> <span class='ocrx_word' id='word_1_157' title='bbox 972 2239 999 2310; x_wconf 67' lang='grc' dir='ltr'>(ξ</span> <span class='ocrx_word' id='word_1_158' title='bbox 1023 2240 1054 2304; x_wconf 78' lang='lat'>5)</span> <span class='ocrx_word' id='word_1_159' title='bbox 1078 2238 1155 2311; x_wconf 90' lang='lat' dir='ltr'>quod</span> <span class='ocrx_word' id='word_1_160' title='bbox 1177 2238 1332 2296; x_wconf 83' lang='lat' dir='ltr'>scribitur:</span> 
     </span>
     <span class='ocr_line' id='line_1_20' title="bbox 265 2340 1332 2420; baseline -0.002 -18"><span class='ocrx_word' id='word_1_161' title='bbox 265 2343 503 2420; x_wconf 88' lang='lat' dir='ltr'>Aptissimum</span> <span class='ocrx_word' id='word_1_162' title='bbox 529 2353 669 2418; x_wconf 90' lang='lat' dir='ltr'>tempus</span> <span class='ocrx_word' id='word_1_163' title='bbox 693 2340 822 2413; x_wconf 79' lang='lat' dir='ltr'>lueret,</span> <span class='ocrx_word' id='word_1_164' title='bbox 844 2341 1045 2399; x_wconf 86' lang='lat' dir='ltr'>vindicetis</span> <span class='ocrx_word' id='word_1_165' title='bbox 1067 2343 1332 2408; x_wconf 69' lang='lat' dir='ltr'>seditionibus</span> 
     </span>
     <span class='ocr_line' id='line_1_21' title="bbox 265 2447 1332 2521; baseline 0 -15"><span class='ocrx_word' id='word_1_166' title='bbox 265 2449 546 2506; x_wconf 87' lang='lat' dir='ltr'>delenimentum</span> <span class='ocrx_word' id='word_1_167' title='bbox 570 2447 701 2506; x_wconf 80' lang='lat' dir='ltr'>animis</span> <span class='ocrx_word' id='word_1_168' title='bbox 723 2447 854 2504; x_wconf 82' lang='lat' dir='ltr'>Bolani</span> <span class='ocrx_word' id='word_1_169' title='bbox 877 2447 956 2521; x_wconf 85' lang='lat' dir='ltr'>egri</span> <span class='ocrx_word' id='word_1_170' title='bbox 989 2447 1209 2505; x_wconf 88' lang='lat' dir='ltr'>divisionem</span> <span class='ocrx_word' id='word_1_171' title='bbox 1230 2450 1332 2506; x_wconf 88' lang='lat' dir='ltr'>obii-</span> 
     </span>
     <span class='ocr_line' id='line_1_22' title="bbox 264 2552 1331 2627; baseline -0.003 -14"><span class='ocrx_word' id='word_1_172' title='bbox 264 2557 310 2624; x_wconf 82' lang='lat' dir='ltr'>ei,</span> <span class='ocrx_word' id='word_1_173' title='bbox 336 2555 436 2612; x_wconf 87' lang='lat' dir='ltr'>dubito</span> <span class='ocrx_word' id='word_1_174' title='bbox 459 2554 602 2622; x_wconf 74' lang='lat' dir='ltr'>nonnihil,</span> <span class='ocrx_word' id='word_1_175' title='bbox 625 2563 739 2611; x_wconf 84' lang='lat' dir='ltr'>rectene</span> <span class='ocrx_word' id='word_1_176' title='bbox 760 2554 882 2620; x_wconf 79' lang='lat' dir='ltr'>dicutur,</span> <span class='ocrx_word' id='word_1_177' title='bbox 904 2552 1003 2608; x_wconf 85' lang='lat' dir='ltr'>addito</span> <span class='ocrx_word' id='word_1_178' title='bbox 1027 2553 1185 2618; x_wconf 75' lang='lat' dir='ltr'>adiectivo,</span> <span class='ocrx_word' id='word_1_179' title='bbox 1207 2563 1331 2627; x_wconf 82' lang='lat' dir='ltr'>aptum</span> 
     </span>
     <span class='ocr_line' id='line_1_23' title="bbox 265 2657 1333 2735; baseline -0.002 -17"><span class='ocrx_word' id='word_1_180' title='bbox 265 2671 320 2718; x_wconf 86' lang='lat' dir='ltr'>est</span> <span class='ocrx_word' id='word_1_181' title='bbox 341 2670 481 2735; x_wconf 89' lang='lat' dir='ltr'>tempus</span> <span class='ocrx_word' id='word_1_182' title='bbox 503 2660 569 2716; x_wconf 93' lang='lat' dir='ltr'>hoc</span> <span class='ocrx_word' id='word_1_183' title='bbox 590 2657 676 2714; x_wconf 80' lang='lat' dir='ltr'>fieri</span> <span class='ocrx_word' id='word_1_184' title='bbox 698 2679 751 2733; x_wconf 89' lang='lat' dir='ltr'>pro</span> <span class='ocrx_word' id='word_1_185' title='bbox 774 2679 818 2728; x_wconf 76' lang='lat' dir='ltr'>eo,</span> <span class='ocrx_word' id='word_1_186' title='bbox 841 2658 920 2733; x_wconf 87' lang='lat' dir='ltr'>quod</span> <span class='ocrx_word' id='word_1_187' title='bbox 940 2669 996 2714; x_wconf 85' lang='lat' dir='ltr'>est:</span> <span class='ocrx_word' id='word_1_188' title='bbox 1019 2667 1159 2734; x_wconf 87' lang='lat' dir='ltr'>tempus</span> <span class='ocrx_word' id='word_1_189' title='bbox 1184 2669 1240 2716; x_wconf 88' lang='lat' dir='ltr'>est</span> <span class='ocrx_word' id='word_1_190' title='bbox 1260 2659 1333 2723; x_wconf 65' lang='lat' dir='ltr'>lul„</span> 
     </span>
     <span class='ocr_line' id='line_1_24' title="bbox 264 2764 1332 2840; baseline -0.002 -16"><span class='ocrx_word' id='word_1_191' title='bbox 264 2786 358 2840; x_wconf 90' lang='lat' dir='ltr'>neque</span> <span class='ocrx_word' id='word_1_192' title='bbox 381 2765 469 2822; x_wconf 89' lang='lat' dir='ltr'>ullum</span> <span class='ocrx_word' id='word_1_193' title='bbox 491 2765 552 2820; x_wconf 88' lang='lat' dir='ltr'>eius</span> <span class='ocrx_word' id='word_1_194' title='bbox 576 2782 644 2820; x_wconf 88' lang='lat' dir='ltr'>usus</span> <span class='ocrx_word' id='word_1_195' title='bbox 667 2764 829 2840; x_wconf 87' lang='lat' dir='ltr'>exemplum</span> <span class='ocrx_word' id='word_1_196' title='bbox 859 2764 936 2838; x_wconf 86' lang='lat' dir='ltr'>npnd</span> <span class='ocrx_word' id='word_1_197' title='bbox 959 2765 1066 2821; x_wconf 91' lang='lat' dir='ltr'>bonum</span> <span class='ocrx_word' id='word_1_198' title='bbox 1089 2765 1260 2838; x_wconf 82' lang='lat' dir='ltr'>scriptorem</span> <span class='ocrx_word' id='word_1_199' title='bbox 1285 2785 1332 2822; x_wconf 90' lang='lat' dir='ltr'>re·</span> 
     </span>
     <span class='ocr_line' id='line_1_25' title="bbox 265 2869 1332 2946; baseline -0.001 -19"><span class='ocrx_word' id='word_1_200' title='bbox 265 2871 352 2946; x_wconf 84' lang='lat' dir='ltr'>periri</span> <span class='ocrx_word' id='word_1_201' title='bbox 375 2879 459 2945; x_wconf 89' lang='lat' dir='ltr'>put0;</span> <span class='ocrx_word' id='word_1_202' title='bbox 482 2869 532 2925; x_wconf 90' lang='lat' dir='ltr'>sed</span> <span class='ocrx_word' id='word_1_203' title='bbox 556 2879 587 2925; x_wconf 91' lang='lat' dir='ltr'>nt</span> <span class='ocrx_word' id='word_1_204' title='bbox 608 2869 736 2937; x_wconf 78' lang='lat' dir='ltr'>dicutur,</span> <span class='ocrx_word' id='word_1_205' title='bbox 766 2889 824 2927; x_wconf 92' lang='lat' dir='ltr'>non</span> <span class='ocrx_word' id='word_1_206' title='bbox 846 2871 906 2926; x_wconf 82' lang='lat' dir='ltr'>baec</span> <span class='ocrx_word' id='word_1_207' title='bbox 930 2871 1006 2926; x_wconf 87' lang='lat' dir='ltr'>Livii</span> <span class='ocrx_word' id='word_1_208' title='bbox 1030 2871 1172 2927; x_wconf 80' lang='lat' dir='ltr'>sententis</span> <span class='ocrx_word' id='word_1_209' title='bbox 1195 2881 1254 2940; x_wconf 79' lang='lat' dir='ltr'>cst,</span> <span class='ocrx_word' id='word_1_210' title='bbox 1277 2889 1332 2946; x_wconf 87' lang='lat' dir='ltr'>sp·</span> 
     </span>
     <span class='ocr_line' id='line_1_26' title="bbox 263 2973 1333 3050; baseline 0 -17"><span class='ocrx_word' id='word_1_211' title='bbox 263 2977 404 3033; x_wconf 87' lang='lat' dir='ltr'>tissimum</span> <span class='ocrx_word' id='word_1_212' title='bbox 432 2975 502 3032; x_wconf 89' lang='lat' dir='ltr'>illud</span> <span class='ocrx_word' id='word_1_213' title='bbox 526 2973 615 3032; x_wconf 89' lang='lat' dir='ltr'>fuisse</span> <span class='ocrx_word' id='word_1_214' title='bbox 644 2985 758 3049; x_wconf 89' lang='lat' dir='ltr'>tempus</span> <span class='ocrx_word' id='word_1_215' title='bbox 791 2975 940 3031; x_wconf 86' lang='lat' dir='ltr'>divisionis</span> <span class='ocrx_word' id='word_1_216' title='bbox 971 2975 1033 3049; x_wconf 81' lang='lat' dir='ltr'>egri</span> <span class='ocrx_word' id='word_1_217' title='bbox 1055 2975 1132 3050; x_wconf 91' lang='lat' dir='ltr'>plebi</span> <span class='ocrx_word' id='word_1_218' title='bbox 1161 2973 1333 3034; x_wconf 79' lang='lat' dir='ltr'>obiiciendae</span> 
     </span>
     <span class='ocr_line' id='line_1_27' title="bbox 266 3079 1331 3158; baseline 0.001 -21"><span class='ocrx_word' id='word_1_219' title='bbox 266 3081 365 3156; x_wconf 82' lang='lat' dir='ltr'>(quusi</span> <span class='ocrx_word' id='word_1_220' title='bbox 393 3099 429 3136; x_wconf 82' lang='lat' dir='ltr'>cs</span> <span class='ocrx_word' id='word_1_221' title='bbox 460 3099 506 3137; x_wconf 85' lang='lat' dir='ltr'>res</span> <span class='ocrx_word' id='word_1_222' title='bbox 536 3100 589 3158; x_wconf 88' lang='lat' dir='ltr'>per</span> <span class='ocrx_word' id='word_1_223' title='bbox 616 3099 647 3137; x_wconf 89' lang='lat' dir='ltr'>se</span> <span class='ocrx_word' id='word_1_224' title='bbox 677 3079 839 3154; x_wconf 83' lang='lat' dir='ltr'>expetenda</span> <span class='ocrx_word' id='word_1_225' title='bbox 866 3091 1037 3153; x_wconf 86' lang='lat' dir='ltr'>tempusque</span> <span class='ocrx_word' id='word_1_226' title='bbox 1060 3079 1120 3138; x_wconf 88' lang='lat' dir='ltr'>eius</span> <span class='ocrx_word' id='word_1_227' title='bbox 1143 3082 1331 3156; x_wconf 67' lang='lat' dir='ltr'>quaerendum</span> 
     </span>
     <span class='ocr_line' id='line_1_28' title="bbox 263 3185 1331 3261; baseline -0.001 -18"><span class='ocrx_word' id='word_1_228' title='bbox 263 3185 373 3257; x_wconf 81' lang='lat' dir='ltr'>fuerit),</span> <span class='ocrx_word' id='word_1_229' title='bbox 394 3185 444 3242; x_wconf 89' lang='lat' dir='ltr'>sed</span> <span class='ocrx_word' id='word_1_230' title='bbox 470 3186 648 3261; x_wconf 80' lang='lat' dir='ltr'>aptissimum</span> <span class='ocrx_word' id='word_1_231' title='bbox 671 3206 736 3244; x_wconf 85' lang='lat' dir='ltr'>enm</span> <span class='ocrx_word' id='word_1_232' title='bbox 758 3185 847 3244; x_wconf 88' lang='lat' dir='ltr'>fuisse</span> <span class='ocrx_word' id='word_1_233' title='bbox 876 3196 972 3244; x_wconf 85' lang='lat' dir='ltr'>motus</span> <span class='ocrx_word' id='word_1_234' title='bbox 994 3185 1085 3242; x_wconf 88' lang='lat' dir='ltr'>civilis</span> <span class='ocrx_word' id='word_1_235' title='bbox 1108 3186 1228 3244; x_wconf 86' lang='lat' dir='ltr'>sedendi</span> <span class='ocrx_word' id='word_1_236' title='bbox 1250 3187 1331 3244; x_wconf 82' lang='lat' dir='ltr'>viem</span> 
     </span>
     <span class='ocr_line' id='line_1_29' title="bbox 265 3291 1332 3366; baseline 0.001 -17"><span class='ocrx_word' id='word_1_237' title='bbox 265 3301 294 3350; x_wconf 84' lang='lat' dir='ltr'>et</span> <span class='ocrx_word' id='word_1_238' title='bbox 317 3291 441 3366; x_wconf 87' lang='lat' dir='ltr'>tempori</span> <span class='ocrx_word' id='word_1_239' title='bbox 463 3293 690 3352; x_wconf 89' lang='lat' dir='ltr'>convenientem.</span> <span class='ocrx_word' id='word_1_240' title='bbox 739 3293 843 3366; x_wconf 79' lang='lat' dir='ltr'>Itaque</span> <span class='ocrx_word' id='word_1_241' title='bbox 864 3292 979 3349; x_wconf 87' lang='lat' dir='ltr'>videtur</span> <span class='ocrx_word' id='word_1_242' title='bbox 1000 3292 1069 3348; x_wconf 91' lang='lat' dir='ltr'>mihi</span> <span class='ocrx_word' id='word_1_243' title='bbox 1092 3293 1192 3350; x_wconf 88' lang='lat' dir='ltr'>Livius</span> <span class='ocrx_word' id='word_1_244' title='bbox 1215 3293 1332 3350; x_wconf 80' lang='lat' dir='ltr'>duabus</span> 
     </span>
     <span class='ocr_line' id='line_1_30' title="bbox 264 3397 1331 3474; baseline -0.001 -19"><span class='ocrx_word' id='word_1_245' title='bbox 264 3397 365 3455; x_wconf 87' lang='lat' dir='ltr'>litteris</span> <span class='ocrx_word' id='word_1_246' title='bbox 387 3398 452 3473; x_wconf 87' lang='lat' dir='ltr'>plns</span> <span class='ocrx_word' id='word_1_247' title='bbox 474 3399 636 3474; x_wconf 83' lang='lat' dir='ltr'>scripsisse:</span> <span class='ocrx_word' id='word_1_248' title='bbox 670 3398 908 3473; x_wconf 87' lang='lat' dir='ltr'>Aptissimum</span> <span class='ocrx_word' id='word_1_249' title='bbox 945 3398 988 3454; x_wconf 86' lang='lat' dir='ltr'>ed</span> <span class='ocrx_word' id='word_1_250' title='bbox 1022 3409 1170 3474; x_wconf 90' lang='lat' dir='ltr'>tempus</span> <span class='ocrx_word' id='word_1_251' title='bbox 1206 3397 1331 3456; x_wconf 83' lang='lat' dir='ltr'>lueret</span> 
     </span>
     <span class='ocr_line' id='line_1_31' title="bbox 265 3499 875 3580; baseline 0.007 -22"><span class='ocrx_word' id='word_1_252' title='bbox 265 3499 314 3580; x_wconf 87' lang='lat' dir='ltr'>(es</span> <span class='ocrx_word' id='word_1_253' title='bbox 337 3511 416 3559; x_wconf 71' lang='lat' dir='ltr'>wilre</span> <span class='ocrx_word' id='word_1_254' title='bbox 437 3504 505 3560; x_wconf 87' lang='lat' dir='ltr'>sehr</span> <span class='ocrx_word' id='word_1_255' title='bbox 526 3505 697 3579; x_wconf 83' lang='lat' dir='ltr'>zeitgemttss</span> <span class='ocrx_word' id='word_1_256' title='bbox 718 3505 875 3579; x_wconf 75' lang='lat' dir='ltr'>genesen).</span> 
     </span>
    </p>

    <p class='ocr_par' dir='ltr' id='par_1_5' title="bbox 348 3605 1331 3684">
     <span class='ocr_line' id='line_1_32' title="bbox 348 3605 1331 3684; baseline 0.001 -19"><span class='ocrx_word' id='word_1_257' title='bbox 348 3607 421 3684; x_wconf 83' lang='lat' dir='ltr'>Cep.</span> <span class='ocrx_word' id='word_1_258' title='bbox 452 3612 505 3678; x_wconf 73' lang='lat'>56,</span> <span class='ocrx_word' id='word_1_259' title='bbox 545 3605 610 3680; x_wconf 83' lang='lat'><strong>13¹)</strong></span> <span class='ocrx_word' id='word_1_260' title='bbox 641 3609 702 3680; x_wconf 84' lang='lat' dir='ltr'>(nbi</span> <span class='ocrx_word' id='word_1_261' title='bbox 732 3609 828 3684; x_wconf 84' lang='lat' dir='ltr'>agitur</span> <span class='ocrx_word' id='word_1_262' title='bbox 856 3611 892 3666; x_wconf 90' lang='lat' dir='ltr'>de</span> <span class='ocrx_word' id='word_1_263' title='bbox 920 3610 1041 3667; x_wconf 79' lang='lat' dir='ltr'>tribunis</span> <span class='ocrx_word' id='word_1_264' title='bbox 1071 3628 1154 3667; x_wconf 89' lang='lat' dir='ltr'>suum</span> <span class='ocrx_word' id='word_1_265' title='bbox 1188 3610 1331 3667; x_wconf 81' lang='lat' dir='ltr'>auxilium</span> 
     </span>
    </p>
   </div>
   <div class='ocr_carea' id='block_1_5' title="bbox 283 3853 1332 4104">
    <p class='ocr_par' dir='ltr' id='par_1_6' title="bbox 283 3853 1332 4104">
     <span class='ocr_line' id='line_1_33' title="bbox 283 3853 1330 3922; baseline 0 -14"><span class='ocrx_word' id='word_1_266' title='bbox 283 3853 306 3920; x_wconf 86' lang='lat'>¹)</span> <span class='ocrx_word' id='word_1_267' title='bbox 336 3859 350 3920; x_wconf 72' lang='grc' dir='ltr'><strong>ξ</strong></span> <span class='ocrx_word' id='word_1_268' title='bbox 374 3864 401 3908; x_wconf 91' lang='lat' dir='ltr'>tt</span> <span class='ocrx_word' id='word_1_269' title='bbox 424 3859 528 3916; x_wconf 85' lang='lat' dir='ltr'>omitto,</span> <span class='ocrx_word' id='word_1_270' title='bbox 556 3859 675 3922; x_wconf 84' lang='lat' dir='ltr'>quonium</span> <span class='ocrx_word' id='word_1_271' title='bbox 696 3859 868 3910; x_wconf 79' lang='lat' dir='ltr'>Gronoviunae</span> <span class='ocrx_word' id='word_1_272' title='bbox 887 3861 1071 3910; x_wconf 74' lang='lat' dir='ltr'>emendationis</span> <span class='ocrx_word' id='word_1_273' title='bbox 1093 3860 1187 3922; x_wconf 90' lang='lat' dir='ltr'>(nibil</span> <span class='ocrx_word' id='word_1_274' title='bbox 1207 3875 1278 3910; x_wconf 86' lang='lat' dir='ltr'>esse</span> <span class='ocrx_word' id='word_1_275' title='bbox 1298 3861 1330 3909; x_wconf 90' lang='lat' dir='ltr'>in</span> 
     </span>
     <span class='ocr_line' id='line_1_34' title="bbox 335 3950 1332 4015; baseline 0.002 -17"><span class='ocrx_word' id='word_1_276' title='bbox 335 3965 367 3999; x_wconf 87' lang='lat' dir='ltr'>se</span> <span class='ocrx_word' id='word_1_277' title='bbox 393 3950 509 4000; x_wconf 85' lang='lat' dir='ltr'>euxilii</span> <span class='ocrx_word' id='word_1_278' title='bbox 536 3950 576 4000; x_wconf 89' lang='lat' dir='ltr'>iis</span> <span class='ocrx_word' id='word_1_279' title='bbox 596 3977 643 4007; x_wconf 88' lang='grc'>-,</span> <span class='ocrx_word' id='word_1_280' title='bbox 674 3953 806 4015; x_wconf 86' lang='lat' dir='ltr'>quibus)</span> <span class='ocrx_word' id='word_1_281' title='bbox 836 3953 1012 4002; x_wconf 78' lang='lat' dir='ltr'>necessitatem</span> <span class='ocrx_word' id='word_1_282' title='bbox 1038 3953 1265 4004; x_wconf 85' lang='lat' dir='ltr'>Weissenbornius</span> <span class='ocrx_word' id='word_1_283' title='bbox 1292 3955 1332 4015; x_wconf 90' lang='lat' dir='ltr'>(in</span> 
     </span>
     <span class='ocr_line' id='line_1_35' title="bbox 335 4041 1022 4104; baseline 0.009 -14"><span class='ocrx_word' id='word_1_284' title='bbox 335 4043 395 4092; x_wconf 89' lang='lat' dir='ltr'>edit.</span> <span class='ocrx_word' id='word_1_285' title='bbox 414 4041 642 4104; x_wconf 81' lang='lat' dir='ltr'>Weidmsnniunu)</span> <span class='ocrx_word' id='word_1_286' title='bbox 663 4044 790 4093; x_wconf 83' lang='lat' dir='ltr'>intellexit</span> <span class='ocrx_word' id='word_1_287' title='bbox 807 4055 832 4094; x_wconf 79' lang='lat' dir='ltr'>et</span> <span class='ocrx_word' id='word_1_288' title='bbox 851 4054 953 4094; x_wconf 84' lang='lat' dir='ltr'>secutus</span> <span class='ocrx_word' id='word_1_289' title='bbox 974 4053 1022 4097; x_wconf 86' lang='lat' dir='ltr'>est.</span> 
     </span>
    </p>
   </div>
   <div class='ocr_carea' id='block_1_6' title="bbox 0 0 1416 4648">
    <p class='ocr_par' dir='ltr' id='par_1_7' title="bbox 0 0 1416 4648">
     <span class='ocr_line' id='line_1_36' title="bbox 0 0 1416 4648; baseline 0 0"><span class='ocrx_word' id='word_1_290' title='bbox 0 0 1416 4648; x_wconf 95' lang='lat' dir='ltr'> </span> 
     </span>
    </p>
   </div>
  </div>
 </body>
</html>
