2800 4646
283 263 341 312 Lib.
360 261 447 312 xxn.
751 266 810 323 248

248 446 352 502 missi
373 447 416 502 cd
449 445 691 520 stipendium,
718 447 821 504 cuiue
852 447 930 504 dieo
966 447 1124 518 exierat,
1157 467 1311 524 poscen-

247 552 326 608 durn
349 561 425 616 out,
447 551 476 607 ei
499 550 590 607 diem
612 550 785 626 proferre
806 549 927 616 vellet
950 553 1102 610 obsides
1124 552 1311 627 accipien-

249 657 330 725 ἀοι,
354 656 539 714 menifestum
569 665 627 724 est,
657 656 839 714 scribendum
862 673 925 712 esse
946 655 1115 730 proferri.
1159 658 1238 714 Nom
1266 659 1312 732 ip·

249 779 280 818 ee
305 761 419 818 debitor
439 761 515 818 diem
538 760 671 835 proferre
708 781 766 818 non
801 768 937 837 poteret,
970 761 1021 816 sed
1057 779 1161 836 rogere
1182 771 1314 826 tontum,
1373 833 1374 838 ἵ

248 875 282 923 ut
302 886 321 922 a
342 867 485 923 creditore
505 865 696 940 proferretur.
766 867 866 924 Mendi
886 883 977 942 genus
1007 866 1133 924 breviter
1154 867 1255 923 notavi
1283 886 1314 941 p.
1374 838 1375 922 i

251 973 289 1028 38
312 983 372 1031 not.
396 973 424 1028 2.
473 971 533 1030 Sed
554 971 640 1028 simul
660 971 690 1030 in
712 972 763 1038 iis,
792 991 856 1046 quae
884 980 1044 1044 sequuntur
1073 970 1224 1044 (nullius
1252 991 1315 1028 us·

250 1095 353 1150 quern
386 1087 570 1134 terrerum
594 1077 648 1135 rei
678 1095 769 1134 eure
802 1078 1001 1144 Romanos,
1035 1095 1076 1132 ne
1108 1076 1317 1151 longinqua

251 1181 410 1255 quidem,
443 1181 680 1258 effugiebat),
713 1181 877 1238 necessario
900 1182 1082 1240 scribendum
1104 1181 1317 1256 longinqua

250 1295 278 1342 et
299 1295 419 1362 propter
447 1287 619 1344 sententiam
642 1297 670 1343 et
693 1287 772 1361 quod
793 1287 849 1342 hoc
871 1305 913 1343 ne
938 1287 1080 1361 quidem
1103 1287 1316 1387 superadditur
1379 1326 1380 1394 1

250 1390 324 1448 illis:
345 1391 484 1448 nulline
507 1410 656 1466 usquam
678 1401 862 1448 terrorum
884 1392 946 1448 rei.
1380 1424 1381 1472 t

334 1495 432 1573 *Can
457 1501 513 1565 34,
546 1503 575 1554 tt
616 1498 662 1568 (in
687 1495 723 1568 Q.
748 1497 840 1554 Baebii
862 1497 1001 1554 Herenuii
1028 1506 1065 1556 tr.
1094 1498 1133 1572 pl.
1155 1497 1317 1570 oratioue):

252 1603 481 1660 consulatum
588 1601 766 1678 populum
874 1603 1041 1658 daturum
1061 1602 1175 1677 eiqui
1199 1603 1316 1676 tnagis
1382 1620 1383 1644 t

251 1726 336 1763 vere
359 1709 506 1766 vincere
528 1726 630 1781 quarn
654 1707 715 1764 diu
737 1707 923 1782 imperare
951 1707 1062 1763 malit.
1106 1706 1244 1763 Mendum
1267 1725 1317 1764 er-

252 1813 314 1887 guit
334 1831 391 1868 non
413 1812 507 1868 solum
530 1813 645 1886 magis
683 1813 808 1880 malle,
832 1819 881 1880 (-
900 1811 1004 1870 dicitur
1025 1812 1166 1868 interdurn
1189 1813 1317 1887 potius

253 1916 379 1981 molle,
408 1935 460 1972 nec
495 1926 592 1972 temen
625 1925 732 1974 temere
761 1917 790 1974 in
816 1927 875 1974 tout
897 1918 979 1976 brevi
1001 1936 1035 1974 ac
1057 1915 1137 1974 taciti
1158 1917 1316 1974 verborum

253 2005 422 2095 complexu}
448 2022 497 2094 -J
520 2021 571 2077 eed
599 2022 688 2078 multo
713 2021 806 2096 magis
838 2041 921 2080 vere
943 2023 1094 2080 vincere
1116 2021 1157 2077 eie
1177 2021 1318 2094 positum,

254 2126 338 2200 quasi
358 2145 395 2183 ex
417 2127 542 2183 adverso
564 2127 709 2202 cogitetur
729 2127 858 2184 victoriae
881 2128 1000 2203 species,
1022 2147 1074 2184 nec
1095 2125 1154 2182 ullo
1177 2126 1265 2182 modo
1279 2127 1317 2194 ei,

256 2232 335 2306 quod
357 2233 496 2306 sequitur,
530 2231 589 2288 diu
615 2233 805 2308 imperare
827 2233 1013 2290 contrarium.
1068 2233 1210 2288 Poterant
1240 2230 1318 2286 inter

257 2355 288 2393 oe
312 2339 485 2413 comparari,
509 2337 587 2396 nullo
603 2339 728 2404 adiecto,
749 2339 895 2395 vincere
917 2348 946 2394 et
960 2339 1154 2412 imperere3
1177 2337 1316 2410 quoniam

260 2442 476 2500 diuturnitatem
511 2443 623 2518 imperii
654 2443 748 2500 Fabio
780 2452 808 2498 et
830 2443 958 2517 patriciis
987 2443 1165 2518 propositam
1198 2441 1318 2498 Baebius

255 2547 448 2621 significavit,
478 2550 564 2606 etiarn
603 2549 731 2606 victoriae
763 2548 870 2622 aliquid
903 2549 933 2606 in
960 2549 1060 2606 eodem
1091 2565 1196 2622 genere
1228 2553 1318 2615 (teni-

254 2654 353 2728 porie)
390 2651 567 2710 contrarium
592 2655 805 2728 adiungendum
834 2662 909 2722 erat3
941 2654 969 2710 id
1005 2653 1047 2710 eie
1069 2652 1221 2710 efficietur:
1258 2652 1318 2725 qui

255 2767 396 2826 mature
418 2760 566 2816 vincere
592 2779 695 2836 quarn
721 2760 780 2816 diu
806 2759 989 2832 imperare
1011 2758 1123 2815 malit.
1165 2758 1213 2815 Ex
1234 2766 1320 2814 ture

256 2862 364 2919 iactum
387 2883 480 2930 vere,
503 2866 605 2923 deinde
630 2865 747 2938 magis
767 2883 804 2920 ex
825 2883 888 2930 ma,
908 2863 1055 2936 quomodo
1076 2861 1320 2937 fortunoe(mi-

256 2947 336 3035 noe)
360 2987 396 3024 ex
421 2969 493 3027 For
517 2971 679 3044 (miano),
701 2971 737 3026 dc
761 2989 819 3043 quo
843 2987 948 3043 genere
978 2968 1038 3024 dixi
1062 2987 1091 3044 p.
1116 2962 1216 3030 207¹).

285 3118 453 3126 0-—

275 3199 299 3263 ¹)
330 3205 405 3253 Hanc
423 3203 732 3266 emendationem‚quour
753 3201 821 3265 opud
840 3202 1023 3262 Ingerelerium
1048 3201 1155 3264 prodidi,
1188 3199 1322 3248 Weissen-

327 3297 432 3345 borniue
451 3298 476 3344 in
495 3295 579 3344 attere
597 3295 708 3344 editione
729 3303 850 3358 tanquam
870 3293 998 3342 eKiehlio
1017 3302 1142 3355 cumptum
1161 3291 1255 3354 posuit.
1275 3269 1320 3353 itui

327 3390 371 3438 ubi
389 3398 414 3438 et
434 3389 537 3452 quondo
558 3403 614 3436 cetu
638 3387 756 3448 vulgarit,
776 3388 871 3438 nescio.
911 3386 939 3434 C.
959 3391 1001 3445 36,
1020 3391 1036 3434 4
1055 3381 1200 3432 necessario
1224 3380 1320 3442 requiri

327 3482 478 3531 infinitivum
496 3480 611 3537 fuisse,
631 3479 712 3528 sensit
730 3479 783 3526 Iec.
803 3479 966 3538 Perizoniue;
986 3478 1062 3526 huius
1081 3475 1147 3523 enim
1169 3472 1255 3529 verbi,
1274 3472 1321 3520 ubi

327 3589 373 3638 pro
404 3574 543 3638 praedieeto
570 3571 777 3635 praepooitioncm
817 3571 962 3618 adiunctum
987 3569 1082 3624 hebet,
1111 3577 1193 3626 neque
1221 3564 1322 3612 indicn-

327 3667 393 3713 tivue
422 3679 504 3728 nequo
535 3663 673 3712 infinitivus
712 3663 840 3725 (praeteriti
865 3661 1017 3724 proerortim)
1049 3657 1130 3708 omitti
1159 3655 1213 3704 utto
1242 3657 1322 3704 modo

328 3763 421 3820 potent.
459 3757 510 3805 Sed
530 3757 597 3819 quod
617 3754 844 3803 Weissenborniuu
870 3765 976 3802 eummae
1003 3751 1127 3798 universe
1151 3763 1183 3796 ex
1203 3749 1322 3810 singulo·

327 3863 382 3896 rum
400 3862 520 3909 generum
539 3848 651 3896 numerio
679 3845 857 3894 collectionem
885 3853 952 3894 recte
980 3851 1006 3891 et
1031 3842 1120 3891 ordine
1150 3840 1321 3902 significatam

328 3941 382 3988 tolli
408 3949 488 3989 toturn
516 3938 585 3994 vult.
610 3939 686 3998 longe
710 3953 740 3986 co
769 3939 881 4003 euspicio
899 3937 999 3985 oberrat
1026 3935 1059 3983 eb
1077 3934 1323 3992 additamentum,

328 4045 385 4094 qun
404 4032 430 4080 in
448 4030 514 4080 Livii
534 4031 667 4078 codicibus
686 4029 919 4092 deprehenduntur,
938 4043 1040 4088 genere.
1061 4015 1064 4022 ¹
