2826 4650
289 265 344 350 bib.
364 265 399 315 11,
763 270 801 324 56

253 469 310 508 una
331 469 363 506 re
385 469 449 507 oum
466 447 626 506 offensione
648 447 727 506 lacta
748 467 800 506 nec
820 468 924 524 quum
947 449 996 506 illo
1012 451 1098 507 modo
1112 451 1180 526 poni
1191 461 1308 526 poterat

252 576 304 614 nec
325 555 494 632 perfectum,
515 555 565 612 sed
586 553 910 630 plusquamperfectum.

335 661 408 738 Cap.
434 665 480 733 12,
506 665 541 719 16
571 662 612 734 (iu
643 661 732 718 Mucii
763 660 900 719 Snaevolae
932 663 1009 737 apud
1030 663 1209 720 Porsennam
1241 681 1310 718 ora-

252 769 359 845 tione):
392 789 467 826 mea
496 768 611 842 prima
635 785 714 825 sors
741 759 824 837 init3
851 769 978 838 ceteri,
1014 777 1192 843 utcunque
1213 770 1309 826 ceci·

253 875 347 932 derit
366 875 489 951 primi,
519 873 637 948 quoad
660 883 692 930 te
714 885 955 950 opportunum
978 872 1126 930 fortuna
1152 873 1311 942 dederit,

225 981 227 986 ’
254 997 318 1038 suo
341 982 493 1056 quisque
512 991 674 1056 tempore
691 979 854 1036 aderunt.
887 980 1311 1038 Siouuncedituranctoritate

253 1086 427 1162 optimorum
451 1086 581 1144 codicum
604 1086 814 1157 (llRPHlLl)
837 1085 1048 1159 multorumque
1076 1084 1161 1142 etiam
1185 1087 1312 1143 deterio-

253 1211 331 1260 rum,
358 1211 446 1266 quum
469 1192 536 1248 olim
559 1211 575 1249 e
597 1191 743 1248 codicibus
766 1191 938 1266 quibusdam
960 1189 1140 1266 interpolatis
1161 1192 1311 1250 ederetur:

255 1307 290 1354 nt
312 1298 441 1372 cuique
463 1297 638 1356 ceciderit
659 1298 790 1373 primo;
823 1298 874 1354 sed
897 1296 1039 1353 sententia
1059 1297 1138 1354 nulla
1158 1309 1214 1368 est;
1241 1317 1310 1355 nam

254 1403 331 1478 quod
361 1402 562 1462 Alschefskius
589 1404 808 1479 interpretatur:
844 1403 954 1471 „welch
979 1402 1026 1458 ein
1055 1403 1203 1462 Schicksal
1235 1406 1311 1461 auch

239 1507 355 1566 'immer
384 1510 436 1566 der
455 1509 542 1566 Erote
570 1511 678 1584 gehabt
707 1511 803 1568 haben
830 1514 945 1584 moge“,
980 1509 1038 1564 iam
1059 1509 1314 1567 Weissenbornius

254 1615 377 1672 sensisse
398 1614 524 1683 videtur,
547 1635 604 1672 non
627 1616 722 1686 licere,
756 1636 843 1692 quum
861 1625 933 1684 ⁴ante
954 1633 1034 1671 sors
1055 1615 1091 1670 de
1112 1615 1261 1672 sortitione
1284 1625 1313 1672 at

255 1721 354 1777 ordine
374 1729 451 1776 sorte
467 1720 536 1776 dato
553 1733 716 1795 poneretur,
739 1723 839 1798 paucis
859 1721 954 1779 verbis
976 1730 1042 1796 post
1063 1720 1092 1776 in
1113 1731 1214 1796 aperta
1235 1721 1313 1777 eins·

255 1827 319 1882 dam
351 1826 497 1882 sententiaa
531 1827 747 1886 continuatione
777 1847 894 1903 prorsus
927 1827 1010 1883 aliter
1033 1845 1134 1882 vocem
1167 1827 1313 1902 accipere;

253 1951 346 2006 neque
368 1932 484 1988 omnino
512 1951 590 1989 sors
618 1933 775 1990 alicuius
807 1933 984 1990 cecidisse
1007 1933 1110 1990 Latine
1137 1933 1178 1988 ita
1198 1933 1312 1990 dicitur.

255 2050 286 2094 ut
306 2037 429 2095 fortunae
451 2048 569 2095 eventus
591 2039 774 2114 intelligatur.
824 2039 895 2112 Quae
914 2049 989 2096 esset
1009 2039 1159 2106 sententia,
1180 2039 1313 2097 intellex-

257 2155 347 2212 erant,
369 2144 418 2218 qui
439 2143 642 2220 interpolatam
664 2146 836 2220 scripturam
855 2143 1025 2214 effecerunt3
1046 2147 1095 2202 sed
1117 2145 1142 2200 ei
1165 2146 1314 2202 sententiae

255 2251 404 2307 meliorum
427 2250 556 2306 codicum
580 2251 703 2325 vestigia
724 2253 799 2308 hanc
821 2251 891 2307 dant
912 2250 1052 2309 formam:
1079 2261 1115 2307 ut
1136 2251 1313 2325 cuiusque

255 2356 430 2414 ceciderit
450 2355 570 2430 primi,
601 2357 655 2412 hoc
677 2367 734 2427 est,
764 2367 795 2413 ut
826 2356 948 2430 quisque
979 2357 1088 2431 primus
1109 2365 1187 2412 sorte
1210 2356 1313 2412 ductus

257 2461 341 2518 inerit
363 2462 430 2534 (wie
451 2461 527 2518 eines
547 2461 635 2536 jeden
648 2464 726 2520 Loos
748 2464 799 2520 der
813 2463 905 2521 Reihe
926 2464 1000 2520 nach
1023 2461 1263 2533 hernuskommt).

339 2567 411 2643 Cap.
438 2572 484 2636 16,
507 2573 539 2624 5:
561 2569 590 2625 Η
597 2569 626 2624 is
648 2569 786 2642 (Sabinis.
806 2571 855 2644 qui
877 2587 941 2626 oum
964 2569 1047 2626 Attio
1067 2567 1174 2625 Clauso
1187 2569 1312 2625 Romam

256 2671 481 2748 transfugerant)
515 2675 649 2732 civitas
684 2676 769 2733 data
800 2695 959 2752 agerque
992 2685 1093 2732 trans
1122 2673 1312 2734 Anienem.

256 2780 369 2836 Vetus
398 2779 552 2836 Claudia
581 2781 713 2850 tribus,
746 2783 881 2839 additis
908 2790 1036 2857 postea
1063 2779 1166 2836 noris
1196 2779 1313 2836 tribu·

256 2883 365 2955 libus,
395 2885 454 2958 qui
476 2904 517 2942 ex
540 2905 579 2942 eo
602 2905 689 2961 agro
710 2888 891 2956 venirent,
913 2887 1108 2962 appellata.
1162 2886 1196 2942 In
1218 2885 1263 2942 his
1285 2896 1314 2942 et

257 2990 305 3047 alii
327 2991 468 3047 haeserunt
490 3003 518 3048 et
538 2992 724 3063 Niebuhrius,
747 2994 824 3068 quod
846 2993 915 3050 alibi
936 3001 1018 3049 vetus
1040 3002 1068 3048 et
1089 3011 1166 3048 nova
1189 2989 1315 3048 Claudia

256 3097 347 3154 tribus
373 3115 430 3153 non
457 3109 738 3156 commemoraretur.
797 3101 937 3158 Poterant
969 3097 1065 3154 verius
1096 3096 1315 3172 reprehendere,

257 3203 359 3260 miram
391 3203 482 3260 videri
507 3222 624 3261 causam
647 3205 782 3262 veteris
812 3206 928 3262 tribus
951 3204 1143 3280 appellandae,
1177 3203 1255 3277 quod
1287 3203 1315 3259 ei

256 3309 312 3384 ipsi
334 3311 403 3366 novi
425 3311 542 3367 tribules
569 3310 765 3379 accessissent,
796 3320 856 3367 tum
881 3329 1017 3385 quarere,
1045 3309 1161 3384 quinam
1183 3309 1224 3365 illi
1245 3309 1315 3366 novi

256 3415 376 3472 tribules
402 3425 496 3473 essent
526 3436 561 3472 ex
588 3435 622 3473 eo
650 3435 721 3492 agro
751 3416 912 3486 venientes,
937 3417 985 3492 qui
1009 3416 1125 3476 Sabinis
1149 3415 1207 3471 iam
1228 3414 1315 3470 datus

258 3533 340 3578 esset.
384 3521 559 3580 Obscuravit
577 3542 637 3579 rem
659 3522 772 3580 facilem
795 3523 937 3580 intellectu
961 3543 1019 3582 una
1038 3522 1134 3578 littera
1155 3529 1266 3577 mutata
1287 3531 1316 3577 et

257 3629 347 3685 verba
359 3629 436 3684 mala
448 3628 607 3686 coniuncta.
642 3629 763 3704 Scripsit
779 3629 891 3686 Livius:
914 3629 1028 3685 Vetus
1046 3628 1167 3702 Appia
1182 3627 1315 3689 tribus,

258 3733 393 3790 additis
415 3745 543 3810 postea
564 3735 667 3792 novis
689 3735 903 3804 tribulibus,
936 3734 997 3808 qui
1025 3734 1090 3800 (hoc
1114 3743 1157 3790 est
1177 3732 1231 3802 illi,
1254 3731 1315 3806 qui)

259 3859 300 3896 ex
322 3860 361 3897 eo
384 3859 470 3916 agro
493 3841 673 3910 venirent,
701 3840 894 3916 appellati,
927 3842 982 3897 hac
1006 3839 1160 3896 sententia:
1201 3838 1249 3894 Ex
1270 3836 1315 3892 his

258 3947 373 4004 Sabinis
389 3967 453 4004 cum
468 3947 550 4003 Attio
569 3945 675 4004 Clauso
690 3945 856 4021 transfugis,
877 3945 980 4020 quibus
996 3963 1066 4019 ager
1081 3955 1160 4000 trans
1173 3943 1314 4000 Anienem

258 4053 342 4109 datus
370 4063 427 4122 est,
456 4051 524 4108 solis
550 4052 632 4108 initio
657 4043 784 4108 Claudia
811 4052 902 4108 tribus
930 4051 1085 4107 constituta
1112 4058 1168 4116 est;
1203 4057 1315 4124 postea,
