2822 4648
304 251 360 301 trs.
381 251 443 304 vn.
738 269 740 276 ,
776 257 832 314 ¹42

269 436 487 505 cousuetudine,
509 435 681 506 iudicamus,
701 445 734 492 ut
755 437 816 493 haec
837 437 875 494 sit
902 436 1061 493 sententia:
1096 437 1192 511 quod
1212 438 1336 496 crede·

270 551 352 598 rent
373 541 484 598 ullum
509 549 575 611 ete,
587 541 697 600 ullum
721 541 835 614 quidem
847 561 1008 618 pronomen
1020 549 1231 612 excusatum,
1254 544 1338 616 qnod

272 647 412 725 praecedit
432 647 616 723 improbandi
637 647 808 722 significatio
834 645 980 720 (Gramm.
1004 648 1069 704 Lat.
1095 653 1110 717 §
1133 649 1191 704 tat
1213 649 1261 718 b),
1282 649 1338 706 sed

272 755 383 810 haereas
411 771 469 808 uon
496 751 640 808 immerito
671 752 700 808 in
722 753 778 810 hae
799 752 863 827 ipse
885 751 1029 826 opinionis
1051 762 1079 810 et
1100 753 1271 828 suspicionis
1290 754 1338 810 in-

270 867 356 916 certas
379 856 589 931 significatione
613 867 642 913 et
664 857 897 932 reprehensione.
946 858 1051 932 Neque
1072 867 1169 915 tamen
1186 858 1270 914 aliter
1290 859 1337 915 in-

270 962 422 1038 terpreteri
445 961 536 1017 verba
559 961 635 1022 lieet.
682 963 762 1018 Nam
784 963 862 1036 quod
884 962 1156 1033 Weissenbornius‚
1185 964 1235 1037 qui
1257 961 1336 1020 diffi-

269 1069 407 1126 cultatem
429 1065 553 1122 sensisse
585 1067 716 1136 videtur‚
745 1075 839 1124 totum
860 1068 930 1125 hoc:
960 1087 1003 1124 au
1034 1067 1148 1124 ullum
1174 1099 1209 1110 -
1234 1079 1338 1126 esset

270 1173 383 1247 seiungi
409 1171 472 1228 vult
493 1189 512 1227 a
530 1172 683 1248 participio
705 1172 922 1230 dubitantes
948 1183 977 1230 et
997 1192 1052 1248 pro
1075 1174 1140 1248 ipsa
1163 1172 1255 1231 Curtii
1279 1176 1337 1232 ob-

271 1278 412 1356 iurgantis
440 1276 667 1350 interrogatione
697 1277 808 1352 accipi,
844 1278 873 1336 id
896 1279 1012 1353 quidem
1041 1279 1104 1336 fleri
1135 1279 1214 1336 nullo
1243 1291 1335 1355 pacto

270 1393 367 1461 potest
387 1383 417 1439 in
438 1383 494 1438 hac
515 1386 728 1445 structuratau
744 1413 784 1425 —
807 1387 918 1458 esset)
940 1383 1094 1459 participio
1116 1384 1336 1442 dubitantes

271 1492 414 1558 subiecta;
440 1485 592 1544 dicendum
622 1497 684 1544 erat
706 1488 809 1546 saltem
831 1489 959 1564 legitima
982 1488 1107 1563 oblique
1128 1489 1337 1564 interrogatio-

270 1597 314 1652 nis
336 1593 502 1651 sormatan
525 1590 634 1648 ullum
657 1611 816 1666 -qnam
839 1613 939 1652 arma
960 1595 1211 1668 virtutemque
1233 1595 1336 1652 esse?

271 1701 354 1772 (oder
390 1699 431 1754 sei
453 1695 556 1766 wohl);
587 1697 638 1753 sed
673 1717 710 1754 ne
740 1699 815 1754 hanc
844 1699 959 1773 quidem
989 1700 1186 1775 interrogandi
1207 1699 1337 1757 formem

274 1813 334 1860 tam
358 1802 480 1874 abrupte
501 1799 542 1856 illi
564 1800 778 1860 dubitantes
800 1805 980 1861 subiecturus
1003 1804 1104 1862 Livius
1122 1813 1197 1873 arat3
1212 1805 1337 1862 saltem:

269 1927 314 1965 an
336 1907 429 1964 enirn
452 1904 557 1961 ullum
579 1914 633 1964 cet.
656 1907 827 1982 scripsisset.
836 1905 861 1980 ¹)

289 2287 313 2355 ¹)
339 2291 476 2354 Exponers
493 2287 563 2347 libet,
584 2301 635 2349 quo
654 2289 853 2351 perveniendum
872 2289 905 2338 sit
924 2289 963 2348 ei,
992 2289 1034 2351 qui
1064 2288 1134 2336 illam
1161 2290 1337 2352 suspicionem

341 2383 372 2430 de
391 2382 447 2444 ipsa
467 2377 547 2428 Curtii
567 2379 768 2440 interrogatione
791 2380 925 2431 interiecta
943 2382 1060 2446 persequi
1079 2381 1147 2429 velit.
1184 2379 1251 2429 Nam
1270 2396 1338 2444 qno·

341 2474 410 2522 niem
434 2471 559 2520 infinitam
584 2470 692 2520 formam
720 2474 864 2522 necessario
893 2482 978 2522 tenere
1003 2473 1107 2521 debebit
1136 2485 1219 2534 neque
1247 2479 1338 2522 tamen

340 2568 444 2615 virtus
461 2565 488 2611 in
507 2565 662 2611 virtutem
682 2565 737 2612 sine
745 2579 847 2614 summa
856 2570 999 2616 temeritate
1008 2573 1107 2614 mutare
1121 2565 1223 2628 poterit,
1242 2564 1339 2613 redibit

340 2661 372 2708 ad
391 2673 446 2706 eum
465 2654 572 2704 sormam
591 2656 772 2719 interpretandi
785 2657 874 2706 moniti
884 2659 937 2708 sive
946 2657 1071 2706 librorum
1080 2656 1264 2720 Sibyllinorum
1272 2656 1337 2712 sire,

339 2759 369 2800 ut
386 2749 471 2798 Varro
491 2747 576 2806 trudit,
594 2747 767 2811 haruspicum,
788 2763 844 2811 quat
863 2751 916 2800 sina
938 2751 1016 2800 dubio
1034 2750 1116 2814 prima
1135 2749 1227 2798 tradita
1245 2749 1272 2796 in
1284 2748 1337 2796 huo

343 2842 489 2892 narratione
508 2848 554 2888 ert.
591 2839 681 2901 Neque
699 2841 765 2888 enim
784 2855 837 2890 reru
865 2843 987 2906 optimam
1013 2841 1101 2906 populi
1128 2841 1251 2900 Romani,
1276 2855 1337 2904 quaa

344 2934 453 2983 dicanda
472 2941 552 2991 essct,
580 2929 684 2980 Curtius
703 2931 884 2996 interpretatus
902 2934 1055 2982 narrabatur
1072 2947 1163 2981 arma
1180 2939 1212 2980 e't
1228 2933 1337 2980 virtu·

338 3037 419 3082 teur3
437 3038 496 3071 uum
517 3023 596 3072 virtus
614 3037 673 3071 cnm
691 3025 769 3072 armis
787 3025 814 3072 ia
833 3024 876 3072 tali
897 3039 923 3072 re
942 3025 1062 3086 coniungi
1083 3033 1108 3072 ct
1125 3025 1165 3073 dis
1184 3023 1264 3073 dicari
1278 3029 1337 3084 (au-

343 3119 471 3179 tiquorum
490 3119 579 3174 seusu)
597 3117 699 3178 nequit;
736 3116 842 3163 virum
867 3115 957 3178 (viros)
988 3124 1033 3164 aut
1062 3131 1152 3164 arma
1179 3123 1208 3164 et
1226 3117 1335 3165 virum

341 3209 433 3270 (virum
453 3213 590 3261 armatum)
617 3209 798 3270 interpretatus
816 3217 884 3266 erst3
917 3210 994 3271 idque
1024 3209 1156 3273 perspicue
1186 3215 1338 3254 narraverat

340 3301 391 3349 Dio
410 3298 528 3360 Cassius,
556 3301 670 3364 quirem
690 3299 809 3349 Gracuia
835 3307 889 3348 arta
908 3315 1036 3350 exornans
1056 3299 1172 3348 Curtium
1198 3298 1337 3346 induxerat

340 3393 467 3443 rhetorice
485 3392 665 3455 explicantem,
685 3399 780 3456 quauta
799 3401 865 3440 esset
882 3393 928 3440 viri
948 3393 1075 3454 dignitas3
1095 3393 1155 3452 (vid.
1176 3389 1268 3452 fragm.
1288 3389 1335 3438 lib.

340 3484 406 3534 XIV
424 3499 448 3548 p.
469 3489 502 3533 26
522 3485 619 3544 Beirk..
639 3485 732 3534 Zouar.
750 3483 817 3542 VII,
842 3489 884 3533 25.
931 3485 1010 3548 Apud
1035 3485 1179 3533 Varronem
1199 3483 1290 3532 L.L.V
1309 3499 1336 3546 p.

341 3584 372 3626 tt
394 3577 450 3640 Bip.
480 3577 542 3626 civis
565 3576 720 3627 fortissimus
747 3584 776 3625 ut
792 3577 818 3624 in
843 3577 940 3628 hiatum
960 3579 1150 3636 demitteretur,
1174 3576 1335 3640 postulatum

341 3677 466 3720 narratur.
485 3669 597 3718 Procilio
617 3669 741 3732 auctore).
785 3669 862 3730 Quid,
886 3669 984 3733 quode
1006 3669 1120 3723 Suidav.
1132 3667 1267 3738 Λίβερνος
1290 3683 1337 3732 ap·

341 3759 511 3824 perminima,
531 3762 574 3823 qui
582 3761 684 3824 Virgilii
703 3763 820 3812 AEncidis
832 3762 930 3812 initium
951 3762 1051 3824 (arma
1066 3761 1248 3824 virumque)
1273 3761 1335 3810 hinc

341 3863 429 3902 natum
442 3853 584 3916 fingerent?
611 3853 743 3902 Scribetur
753 3853 842 3916 igitur:
861 3867 901 3901 an
917 3853 1021 3900 ullum
1040 3853 1334 3914 magisRomnnum

341 3947 459 3994 bonum
479 3959 571 4008 quarn
590 3960 678 3994 arma
701 3946 870 4010 virumque
889 3947 978 3994 ease?
1009 3947 1062 3994 Hac
1077 3955 1163 3995 utatur
1179 3947 1335 4006 eouieatura¹

341 4037 384 4100 qui
403 4037 487 4098 volet3
507 4051 556 4100 ego
574 4053 625 4086 non
642 4045 706 4086 utor.
