2822 4648
586 265 623 322 9⁵
974 267 1031 316 Lib.
1050 267 1098 320 IV.

163 445 344 523 captas:
366 445 459 503 Dedi
479 446 750 522 imperatorem,
774 467 872 504 arma
893 452 978 524 poni
1000 452 1060 526 (M.
1073 453 1133 513 Ge·

72 553 176 628 ganins
199 551 317 624 consul)
342 551 458 622 iubet,
484 550 646 610 fatentes
667 554 788 610 victos
812 573 849 611 se
870 574 950 614 esse
972 568 1005 616 et
1027 559 1132 636 impe·

73 660 128 717 rio
149 679 290 735 perere.
337 659 409 716 Haec
438 658 546 716 nullam
575 658 662 715 aliern
691 661 798 717 habere
821 663 990 722 sententiam
1012 677 1134 740 possunt

73 767 127 824 nisi
155 768 245 823 hanc:
281 766 382 822 iubet
412 783 489 834 eos,
512 765 590 821 dum
613 764 802 824 fateantur
831 768 949 825 victos
980 789 1132 842 ecesse,

73 873 183 930 etiam
205 871 357 946 imperio
379 889 522 946 parers;
544 873 624 957 tuam
652 871 757 928 iubeo
781 872 951 945 fatentes,
982 877 1119 953 impera

72 989 188 1036 torem
219 978 318 1046 dedi,
355 979 511 1034 barbarum
536 987 581 1033 est
605 985 637 1032 ut
663 977 741 1050 quod
764 978 910 1055 maxime).
964 981 1022 1041 Sed
1044 993 1073 1040 et
1094 985 1132 1041 ad

72 1084 244 1142 sementiam
267 1082 447 1159 perineptum
476 1093 520 1141 est
550 1083 658 1140 etiam
690 1092 718 1138 et
738 1083 932 1144 incredibilem
962 1090 1051 1146 habet
1070 1109 1132 1147 am·

73 1191 243 1266 biguitatem
266 1199 300 1245 et
322 1209 376 1264 pro
399 1189 506 1246 etiam
531 1191 605 1246 inter
627 1191 699 1245 duos
710 1189 867 1248 infinitivos
878 1193 1013 1268 positum.
1051 1196 1132 1253 Hac·
1176 1203 1184 1217 ¹

73 1305 156 1352 tenus
177 1296 266 1370 igitur
290 1303 368 1352 recte
391 1295 542 1353 Bekkerus
565 1305 599 1353 et
620 1295 734 1352 delevit.
788 1296 847 1354 Sed
868 1300 909 1356 sic
937 1317 1053 1374 quoque
1078 1302 1132 1358 ad·

74 1403 192 1458 modum
217 1401 288 1458 dure
315 1401 375 1458 haec
397 1403 623 1478 coniunguntur:
651 1419 750 1458 arma
773 1405 860 1478 poni
881 1405 996 1482 iubet,
1018 1405 1131 1464 faten-

73 1521 126 1566 tes
149 1508 328 1566 sanictos
354 1527 452 1578 esse,
473 1527 620 1585 parere,
653 1516 683 1562 ut
705 1507 755 1564 sit:
788 1519 821 1566 et
852 1529 983 1586 parere
1010 1513 1131 1584 (iubet),

72 1613 235 1670 fatentes
257 1615 376 1670 victos
400 1633 546 1684 ecesse,
571 1614 666 1670 activo
688 1613 830 1672 infinitivo
852 1619 976 1692 passivis
1000 1619 1062 1676 sine
1083 1638 1131 1677 oo·

72 1722 141 1796 pule
163 1721 300 1776 adiuncto
322 1729 350 1776 et
373 1721 531 1796 praemisso,
555 1719 675 1794 quodsi
693 1721 876 1796 adiungatur,
897 1725 1131 1800 participiorum

71 1826 215 1884 sententia
230 1825 340 1882 infinita
362 1825 533 1900 (fetentes
556 1827 674 1884 victos
696 1845 732 1883 se
755 1830 857 1902 esse).
891 1831 1058 1890 Admodum
1081 1851 1131 1889 ve·

71 1951 146 2002 reor,
167 1951 205 1988 nc
227 1932 346 1988 verbum
370 1932 518 2002 exciderit,
534 1933 694 2008 quumhaec
717 1931 898 1991 fuissetolirn
912 1937 1050 1994 orationis
1072 1937 1132 1996 for·

71 2057 133 2094 rna:
165 2037 259 2094 Dedi
286 2037 562 2112 imperatorem,
592 2057 692 2095 arma
721 2040 807 2114 poni
828 2041 945 2111 iubct3
972 2041 1132 2101 fatentes

71 2145 194 2200 victos
222 2161 259 2200 se
285 2162 364 2200 esse
391 2153 425 2200 et
461 2143 615 2220 imperio
645 2164 778 2220 parere
810 2144 1053 2219 [dimissurum
1081 2159 1131 2208 aut

72 2251 241 2307 emissum
264 2249 337 2326 iri3]
367 2250 478 2307 aliter
504 2261 575 2307 tam
604 2251 825 2308 abeuntibus
857 2269 962 2326 quem
993 2274 1131 2313 menen·

73 2357 171 2414 tibus
193 2375 230 2413 se
250 2358 388 2413 hostem
409 2355 583 2414 infestum
605 2357 798 2415 victoriam
824 2391 862 2402 -
886 2357 1095 2419 relaturum.

161 2459 235 2538 Cap.
262 2463 308 2532 12,
331 2467 362 2518 7:
383 2464 498 2521 Unum
520 2462 618 2519 afuit
636 2464 770 2520 bellurn
793 2475 988 2534 externum,
1011 2483 1079 2538 quo
1101 2464 1130 2520 si

73 2578 284 2643 aggravatae
313 2587 369 2625 res
391 2577 528 2637 esseut,
558 2569 618 2626 vix
641 2587 707 2645 ope
728 2569 873 2626 deorum
897 2569 1050 2626 omnium
1073 2589 1130 2626 ro-

72 2675 155 2731 sisti
176 2675 370 2750 potuisset.
419 2675 509 2732 Recte
532 2675 701 2734 Gronovius
730 2675 815 2732 sisti
842 2676 1020 2750 requirebat;
1049 2676 1131 2734 aliter

72 2780 148 2837 enim
171 2799 196 2836 e.
221 2782 274 2850 43,
302 2783 318 2836 t
343 2779 447 2837 dicitnr
467 2780 528 2839 vix
550 2782 698 2838 deorum
721 2782 865 2856 opibus,
889 2782 974 2856 quin
997 2782 1129 2839 obrua-

71 2898 128 2943 tur
147 2888 311 2944 Romana
330 2903 397 2954 ros,
419 2886 545 2944 resisti
567 2906 685 2963 posse.
735 2885 793 2944 Sed
809 2885 887 2942 aliud
901 2886 1130 2958 latetmendum;

70 2992 249 3068 ineptissime
273 2991 347 3048 enim
369 2992 413 3064 (in
435 2993 535 3051 auxilii
555 2991 712 3065 mentione)
735 2991 851 3048 additur
872 2993 1033 3064 omnium,
1047 2994 1130 3069 quasi

70 3099 106 3154 de
128 3114 272 3156 concursu
294 3097 421 3154 omnium
439 3099 581 3174 cogitetur
600 3099 638 3156 ad
660 3099 689 3155 id
711 3096 907 3166 efficiendum,
930 3099 1007 3172 quod
1028 3099 1129 3175 pauci-

71 3223 137 3261 ores
162 3211 316 3276 nequeant
360 3203 460 3278 Longo
481 3205 566 3262 aliter
595 3205 625 3262 in
647 3204 824 3262 exsecrando
847 3223 912 3261 cum
939 3205 1059 3264 ridicula
1080 3225 1130 3263 ex-

71 3309 262 3386 aggeratione
286 3307 332 3364 dei
352 3327 451 3366 omnes
473 3311 597 3385 aliquem
620 3311 740 3386 perdere
761 3310 896 3368 iubentur
916 3319 945 3368 et
959 3311 996 3368 ad
1008 3312 1129 3369 eundem

72 3417 190 3472 modum
214 3413 272 3470 alie
294 3413 435 3472 dicuntur.
484 3415 594 3487 Livius,
616 3417 645 3473 ni
667 3414 762 3483 fallor,
784 3416 952 3492 scripserat:
974 3416 1042 3474 vix
1063 3437 1129 3493 ope

71 3523 219 3578 deorum
242 3521 489 3600 tentansque
514 3523 598 3583 sisti
621 3521 814 3597 potuisset
866 3522 923 3578 Vix
945 3521 1033 3578 ullam
1056 3521 1129 3579 divi·

72 3647 139 3686 nem
168 3629 363 3684 humanamve
396 3645 480 3701 opem
511 3623 695 3686 suffecturam
728 3627 818 3686 fuisse
839 3628 916 3686 dicit.
969 3629 1015 3685 De
1050 3645 1128 3684 com·

73 3733 189 3790 mutatis
213 3729 310 3788 uerbis
332 3731 493 3788 homines
523 3743 552 3788 et
578 3751 699 3790 omnes
721 3733 791 3790 nihil
813 3753 886 3811 opus
909 3743 952 3791 est
973 3733 1037 3791 dici.

142 3978 316 4028 certamine
341 3980 482 4029 dormitans
504 3989 531 4029 et
555 3981 698 4044 proximum
719 3983 858 4044 genitivum
879 3995 989 4047 sequens
1009 3989 1040 4030 et
1058 3995 1130 4031 eer-

141 4071 296 4120 teminnm
311 4071 451 4135 scripserit!
