2826 4640
245 227 407 280 unm
751 231 811 288 528

246 413 343 490 pilos
362 413 565 480 duxerant,
586 412 696 468 eitsti
722 413 892 470 tribunos
911 411 1035 486 plebis
1060 410 1319 485 appellarunt.

246 531 325 578 reete
345 517 500 576 creverint
521 515 743 584 παίωνα-ἀι,
773 517 924 591 porticulae
951 517 1016 573 sed
1035 515 1134 572 lom
1152 535 1212 572 u
1233 535 1318 590 ne,

247 625 303 684 boc
331 625 396 700 ipso
425 623 558 681 bomine
587 621 827 690 offendebantur,
867 623 948 696 quod
983 621 1168 680 aarum
1201 623 1318 696 primus

240 731 371 807 ,quisque
392 729 564 798 citarentur,
590 730 648 786 boc
669 739 732 795 est,
762 727 902 784 contines
921 729 1007 798 serie,
1037 728 1118 784 nullo
1139 727 1319 793 Μῶα,

247 853 321 910 quos
343 835 572 909 qnisqueantea
596 833 714 890 ordines
742 833 874 889 desinet
903 835 992 902 (vid,
1022 851 1089 908 spa
1108 833 1147 889 tlc
1166 833 1319 906 n'grn'fira·

247 941 326 999 tione
347 941 501 996 verborum
533 939 674 1014 primns
695 938 857 1014 quisque
884 940 1009 1014 exposui
1032 940 1072 996 ad
1094 936 1157 996 Cic.
1178 937 1246 994 Pin.
1271 938 1318 1006 11,

248 1049 286 1104 52
308 1065 337 1122 p.
359 1047 430 1110 ³21,
451 1044 501 1102 nbi
522 1043 665 1120 exemplis
684 1043 754 1101 addi
774 1054 873 1118 petest
894 1043 1099 1114 lir.XXX1,
1123 1047 1150 1112 l,
1171 1047 1202 1112 5,
1224 1044 1317 1100 Vm.

248 1153 283 1210 ll-
304 1151 341 1209 ll.
368 1155 394 1218 l,
417 1153 466 1220 55,
489 1155 528 1218 5).
577 1147 682 1206 Codex
703 1149 807 1206 babet:
835 1167 913 1204 eum
942 1161 985 1205 tr.
1007 1149 1077 1206 mil.
1105 1149 1167 1222 qni
1189 1161 1318 1205 centn-

248 1255 369 1313 riones
390 1255 455 1312 sed
474 1255 626 1330 primum
649 1271 839 1330 quemque.
896 1253 1090 1312 Sciendum
1118 1267 1177 1310 est:
1206 1273 1315 1328 quum

248 1361 386 1418 tribuni
408 1359 495 1430 mit,
521 1359 582 1434 qni
603 1359 842 1416 centuriones
862 1371 1001 1428 essent,
1021 1358 1173 1434 primum
1195 1379 1316 1434 qnem-

248 1485 314 1540 qne
343 1465 515 1529 citarent
570 1465 689 1522 Erroris
718 1465 802 1540 origo
829 1483 868 1520 ex
894 1483 931 1520 es
961 1463 1052 1520 semel
1080 1466 1190 1540 scripto
1219 1466 1315 1522 mani·

248 1571 325 1630 leste
345 1582 399 1631 est.

331 1675 406 1753 Cap.
426 1679 477 1744 33,
503 1677 533 1732 l:
556 1675 608 1732 Eo
631 1674 682 1744 (ad
699 1673 838 1731 subsellia
851 1675 1045 1748 tribunorum)
1056 1677 1100 1734 ll.
1122 1677 1315 1751 Popillius

248 1781 457 1842 consularis
478 1779 700 1850 advocatus,
721 1779 961 1836 centuriones
988 1791 1023 1837 et
1048 1781 1177 1838 consul
1208 1799 1313 1838 vene-

248 1904 340 1948 runt.
390 1885 647 1946 Enumerationem
676 1883 707 1940 in
728 1885 925 1942 membrorum
952 1887 1155 1944 coniunctione
1175 1886 1313 1944 vitiosam

249 1995 320 2068 (rid.
342 1993 380 2052 ad
401 1993 459 2062 111,
486 1995 511 2062 l,
543 1993 581 2064 5)
605 1989 862 2048 Weissenbornius
881 1992 1037 2049 emendare
1057 1993 1160 2062 voluit,
1182 1993 1313 2050 scribam

249 2097 456 2156 advocatus
478 2109 513 2156 et
537 2095 787 2154 centuriones.
842 2095 902 2154 Sed
923 2096 1009 2152 nimis
1029 2098 1108 2154 nude
1127 2099 1234 2156 dicitur
1255 2100 1312 2156 sd·

249 2213 403 2261 vocatus
435 2213 465 2259 et
492 2219 585 2278 preve
614 2211 682 2258 ante
712 2200 793 2276 ipsos
815 2201 998 2259 centuriones
1028 2203 1191 2260 advocatus
1213 2221 1314 2260 eornm

248 2307 423 2366 nominatur.
468 2307 573 2380 Itaque
595 2305 766 2364 Gronovius
796 2307 999 2365 advocatus
1029 2308 1314 2365 centurionibus

248 2413 334 2471 scribi
361 2412 469 2482 voluit3
499 2411 552 2468 sed
576 2411 619 2468 sic
648 2411 706 2486 ipsi
733 2412 915 2470 centuriones
946 2431 1067 2488 prorsus
1093 2414 1311 2470 submoventur.

249 2517 372 2576 Accedit
392 2517 431 2574 ad
452 2525 558 2586 cetera,
589 2533 655 2590 que
677 2518 887 2576 dubitationem
908 2518 1033 2588 babent,
1065 2519 1143 2592 quod
1175 2519 1248 2576 satis
1269 2521 1311 2576 in·

249 2623 401 2682 commode
421 2621 547 2698 primum
576 2622 619 2678 M.
643 2622 787 2698 Popillius
809 2623 970 2680 advocatus
1001 2623 1168 2682 nominatur
1194 2637 1223 2681 et
1249 2625 1312 2682 uni·

249 2745 332 2785 verse
355 2727 515 2784 consularis
538 2726 712 2802 appelletur,
742 2727 847 2784 deinde
875 2739 944 2804 post
972 2728 1046 2786 duos
1075 2747 1196 2799 versus,
1228 2730 1312 2804 qnasi

249 2833 375 2890 nondum
391 2833 569 2908 significatus
584 2831 631 2902 sit,
649 2833 692 2889 sic
702 2833 861 2890 inducitur:
882 2835 955 2892 Pro
974 2835 1257 2892 centurionibus
1270 2835 1311 2892 tt.

250 2937 449 3013 Popillius,
471 2939 532 3014 qui
553 2937 704 2995 biennio
726 2949 811 2996 ante
835 2941 964 2998 consul
984 2940 1311 3010 fueratitaverba

248 3042 345 3100 iecit.
397 3043 469 3102 llaec
490 3043 559 3100 mihi
581 3043 777 3101 consideranti
791 3045 1019 3104 Livinevidetur
1038 3045 1163 3120 primum
1185 3055 1310 3103 tantum·

249 3149 335 3206 modo
358 3167 408 3205 eos
429 3149 604 3218 nominasse,
635 3167 709 3224 quos
727 3150 809 3208 'inter
836 3153 1017 3209 certabatur:
1049 3152 1101 3209 Eo
1128 3150 1309 3208 centurio-

248 3271 310 3310 nes
335 3265 369 3310 et
393 3254 523 3312 consul
552 3266 750 3326 venerunt,
778 3255 896 3325 deinde,
927 3257 1103 3332 procedente
1134 3255 1309 3325 narratione,

248 3377 336 3433 quum
349 3359 492 3418 contionis
507 3361 659 3418 advocatae
674 3359 782 3416 mentio
797 3359 878 3418 iacta
898 3371 984 3433 meet
1004 3361 1163 3437 Popillium
1185 3379 1308 3417 comme·

248 3481 387 3531 morasse,
408 3464 544 3526 librarius
566 3475 665 3522 autern
688 3463 803 3539 uliquis,
825 3465 875 3540 qui
895 3483 996 3524 omnes
1016 3466 1112 3542 primo
1132 3465 1231 3522 statim
1246 3465 1308 3522 loeo

247 3568 390 3626 nominari
414 3569 509 3641 vellet,
531 3569 694 3627 addidisse:
727 3569 770 3626 M.
802 3571 890 3646 Pop.
914 3571 1125 3629 consularis
1159 3570 1307 3627 advoca-

247 3683 314 3734 tus.
364 3674 396 3734 Si
417 3673 447 3731 in
468 3675 564 3752 prima
586 3675 696 3733 decade
717 3693 860 3746 versarer,
891 3675 954 3732 sine
976 3675 1156 3734 dubitatione
1177 3673 1308 3744 dicerem,

248 3777 464 3837 adnotationem
497 3781 660 3856 argumenti
692 3800 708 3838 e
739 3779 870 3856 margine
901 3780 1067 3856 irrepsisse3
1100 3781 1152 3838 sed
1173 3779 1235 3836 eius
1268 3779 1308 3835 rei

247 3881 329 3940 nulla'
358 3883 387 3940 in
419 3883 518 3942 codiee
540 3885 762 3942 Vindobonensi
783 3885 908 3962 vestigia
927 3897 1002 3943 sunt
