2826 4640
603 287 661 344 487

101 466 174 524 luero
197 477 226 524 et
248 465 420 542 Kreyssigio
448 467 557 544 pendet
581 468 853 536 Weissenbornius,
878 468 928 542 qui
953 467 1096 526 interdum
1128 489 1165 526 ex

101 573 154 640 iis,
185 591 250 647 quas
272 573 461 644 adnotarunt,
498 593 598 632 verum
620 573 743 633 feliciter
765 574 881 633 invenit.
938 574 1003 649 Ego
1025 591 1112 648 quum
1135 575 1164 632 in

101 678 158 734 bac
179 677 296 734 Liviani
332 679 429 754 operis
454 687 539 756 parte
562 680 648 755 pleno
672 689 702 736 et
723 691 802 738 certo
824 680 1017 737 instrumento
1040 680 1081 737 uti
1103 681 1164 738 vel-

100 782 168 852 lem,
193 801 219 839 a
247 785 322 840 1853
346 785 522 842 Ioannem
544 786 920 854 Forchhammerum,
940 785 1073 844 iuvenem
1096 787 1164 845 doc·

101 888 244 946 tissimum
267 898 296 946 et
317 890 387 946 mihi
410 909 446 948 ex
469 890 610 966 discipulo
633 891 850 958 amicissimum,
873 909 961 965 quum
975 890 1092 950 ltaliam
1114 912 1164 969 pe-

101 1003 164 1051 tens
187 995 370 1052 Vindobonae
392 996 602 1072 aliquantisper
623 995 780 1054 consistere
801 996 830 1054 iu
852 996 951 1054 animo
972 997 1102 1067 haberet,
1116 1017 1164 1055 ro·

100 1100 189 1174 gavi,
224 1111 255 1157 ut
284 1119 350 1158 maa
373 1119 462 1159 causa
484 1102 613 1160 codicem
634 1101 891 1160 vindobonensem
915 1111 1007 1158 totum
1030 1113 1164 1160 accurate

101 1203 246 1262 conferret
255 1205 498 1265 conferendumve
510 1218 632 1264 curaret.
680 1207 710 1264 Is
732 1207 833 1282 ipsein
854 1205 929 1264 libro
951 1207 1036 1277 XLI,
1046 1209 1165 1277 XLIII,

101 1309 206 1368 XLIV
229 1313 267 1368 ab
289 1312 372 1370 initio
396 1332 489 1388 usque
513 1313 659 1371 adfinem
684 1312 787 1389 capitis
811 1314 849 1369 ³5
872 1311 1022 1386 scripturae
1044 1313 1082 1369 ab
1104 1313 1164 1370 edi-

100 1415 179 1473 tione
201 1417 432 1475 Tauchnitziana
470 1437 496 1476 a.
535 1419 609 1476 1848
643 1417 867 1493 discrepantiam
894 1417 937 1474 ita
958 1418 1096 1488 enotavit,
1132 1435 1164 1476 ut

100 1521 188 1579 etiam
220 1523 339 1580 minima
368 1542 489 1599 quaeque
526 1542 641 1582 summa
674 1543 739 1581 cum
770 1541 840 1580 cura
862 1541 897 1579 ac
919 1521 1068 1597 diligentia
1097 1543 1162 1599 per·

99 1638 285 1702 sequeretur3
328 1629 441 1704 reliqua
486 1629 564 1700 (libr.
598 1631 710 1699 XLII,
747 1629 853 1687 XLIV
882 1648 900 1685 a
925 1647 950 1685 c.
982 1630 1020 1686 ³6
1054 1629 1091 1685 ad
1130 1629 1163 1686 fl·

99 1752 176 1803 nem,
198 1733 312 1808 XLV),
333 1732 800 1794 Forcbhsmmero'intercedente
823 1734 897 1791 alius
919 1734 965 1790 vir
987 1734 1089 1790 doctus
1121 1733 1165 1790 ita

98 1857 164 1896 curn
188 1850 324 1898 contextu
346 1839 627 1900 Drakenborchiano
649 1839 779 1908 eontulit,
802 1849 833 1896 ut
863 1840 934 1897 fides
966 1839 1027 1896 eius
1049 1849 1078 1895 et
1099 1839 1163 1896 dili·

98 1943 195 2020 gentio
229 1963 287 2002 nou
320 1945 432 2003 levibus
464 1947 576 2005 indiciis
608 1947 679 2004 mihi
703 1947 843 2022 probetur
875 1953 923 2012 (ex
948 1945 1053 2019 quibus
1074 1963 1162 2004 unum

99 2058 153 2118 est,
176 2051 264 2124 quod,
290 2069 354 2125 qna
384 2052 557 2127 Kopitarius
579 2054 625 2111 bis
646 2051 773 2128 inspexit
795 2061 823 2107 et
845 2051 985 2120 enotavit,
1007 2071 1043 2108 ea
1065 2053 1163 2108 omnia

98 2163 150 2210 aut
172 2173 264 2231 prope
286 2157 384 2214 omnia
407 2157 475 2214 milri
497 2159 538 2216 sic
551 2169 669 2216 enotata
689 2167 765 2224 sunt,
788 2156 1032 2230 quemadmodum
1055 2157 1163 2232 scripta

98 2261 233 2317 secundis
257 2261 333 2319 curis
355 2263 528 2339 Kopitarius
549 2264 700 2340 repperit).
748 2263 795 2320 Ex
820 2263 875 2320 hac
897 2261 1052 2318 collatione
1074 2278 1162 2335 quum

98 2384 170 2423 casu
192 2366 419 2438 intercidissent,
442 2389 505 2444 quae
528 2368 565 2426 ad
588 2369 653 2428 libri
678 2369 770 2426 XLII
792 2369 889 2444 capite
918 2369 950 2426 21
978 2368 1074 2443 prima
1096 2385 1162 2442 per-

99 2473 240 2543 tinebant,
264 2493 327 2532 eam
354 2484 475 2548 purtem,
500 2475 641 2532 benevole
663 2473 835 2531 conciliante
857 2475 1028 2531 Hermanno
1061 2472 1162 2528 Bonit-

100 2575 156 2646 zio,
184 2577 246 2634 viro
277 2578 456 2651 clarissimo,
493 2581 638 2657 supplevit
665 2579 776 2637 iuvenis
809 2579 976 2655 philologiae
1007 2577 1162 2646 studiosus,

99 2679 160 2740 Gu.
191 2683 216 2740 F
219 2684 367 2752 austkanr,
407 2703 475 2743 usus
505 2687 534 2742 in
562 2685 738 2743 conferendo
766 2683 996 2742 Weissenbornii
1028 2683 1162 2740 editione.

100 2787 168 2844 Hoc
189 2806 243 2863 ego
266 2789 395 2848 subsidio
418 2810 486 2848 usus
509 2792 550 2848 ita
571 2792 683 2849 intenta
699 2809 769 2847 cura
791 2791 845 2847 hos
870 2790 960 2848 libros
976 2789 1162 2866 pertractavi,

100 2893 186 2968 quusi
208 2913 283 2952 nunc
304 2895 428 2971 primurn
452 2896 614 2967 ederentur,
637 2895 771 2971 sepositis
794 2895 918 2972 primurn
933 2896 1067 2954 omnibus
1089 2895 1163 2952 alio-

100 3017 183 3056 orum
206 3000 330 3058 inventis
353 3011 381 3058 et
393 3001 590 3077 opinionibus,
610 3019 675 3076 quae
695 3002 794 3058 nonin
806 3001 1041 3060 Drakenborchii
1053 3003 1163 3078 Kreys-

99 3103 224 3180 sigiique
243 3115 380 3165 contextu
400 3115 511 3176 essent3
535 3107 633 3182 itaque
656 3115 684 3162 et
705 3106 735 3164 in
759 3108 846 3184 longa
867 3107 1003 3184 plurima,
1025 3126 1089 3183 quae
1109 3125 1162 3183 po·

99 3213 163 3262 stes
187 3207 224 3263 ab
247 3207 311 3266 aliis
333 3221 477 3286 occupata
498 3211 576 3280 vidi,
605 3211 692 3270 incidi
715 3223 744 3271 at
765 3231 907 3272 novarum
930 3213 1162 3272 emendationum

99 3327 222 3368 messem
245 3313 309 3386 feci,
332 3325 364 3373 ut
379 3317 492 3392 opinor,
504 3336 562 3375 nou
578 3319 832 3388 contemnendam
851 3339 916 3378 eam
932 3321 978 3378 hio
993 3319 1161 3394 explicabo;

99 3433 200 3474 omnes
222 3419 329 3477 codicis
348 3422 517 3498 scripturas,
542 3432 574 3480 ut
596 3421 646 3480 alii
667 3423 836 3481 examinare
848 3425 971 3499 possint,
993 3425 1161 3501 propediem

99 3657 205 3664 ------
216 3659 296 3668 -a—

167 3789 267 3839 duabus
284 3791 392 3841 vocibus
419 3792 633 3851 (moderatior
656 3791 782 3855 oratio)
802 3793 935 3854 condetis,
953 3793 1073 3844 scribitur
1098 3808 1162 3843 mo·

166 3881 311 3944 dernier
327 3897 350 3938 c.
372 3886 419 3942 ll,
440 3887 454 3931 5
474 3897 526 3933 nou
546 3883 673 3934 omittitur
690 3897 761 3948 par,
787 3887 831 3936 ssd
850 3901 897 3950 pro
915 3901 947 3936 eo
965 3887 1068 3952 ponitur
1093 3899 1162 3951 per3

167 3987 190 4022 c.
219 3979 301 4033 sm
333 3991 384 4025 non
418 3975 544 4026 omittitur
573 3975 774 4042 aliquando,
802 3979 847 4029 sad
875 3979 1007 4029 scribitur:
1040 3987 1070 4028 et
1099 3978 1161 4028 ali·

166 4067 304 4130 quondo.
