2822 4648
589 289 625 346 89
978 287 1035 336 Lib.
1054 278 1100 335 N.

68 470 191 545 scripsit
211 469 328 529 Livius:
356 471 698 530 Reminiscerentur
718 470 768 544 (ex
790 470 881 527 ultera
904 469 1010 546 purte),
1033 490 1136 545 quum

68 575 305 634 maiestatem
343 586 489 634 senatus
528 576 601 652 ipsi
638 597 656 632 a
687 577 856 653 patribus
892 575 1138 651 accepissent,

68 701 180 756 qnam
205 683 335 740 liberis
357 682 534 740 tradituri
558 693 693 752 essent3
717 681 767 756 (ex
789 681 882 738 altera
902 680 998 758 purte)
1024 701 1138 757 quem·

70 787 267 846 admodum
302 790 406 865 plebs
435 789 592 864 gloriari
622 797 748 865 posset
780 788 979 846 auctiorem
1010 789 1139 866 empli-

70 914 248 970 oremque
279 915 317 959 se
350 915 437 954 esse
491 897 613 953 Finem
636 913 722 970 ergo
746 913 815 950 non
838 893 932 950 lieri.
990 895 1139 953 Neomaa

70 1003 138 1058 haec
161 1011 205 1058 est
226 1004 399 1074 emendatio,
426 1004 476 1060 sed
499 1002 536 1059 ab
560 1001 623 1059 aliia
644 1001 703 1058 ism
727 1007 847 1068 tentata,
871 999 920 1074 qui
943 1009 971 1057 et
991 1001 1020 1057 in
1041 1000 1139 1058 codiee

72 1127 135 1164 uno
159 1117 187 1163 et
211 1108 302 1165 altero
331 1109 465 1167 deteriori
500 1127 536 1166 re
568 1107 638 1181 (alio
673 1104 751 1181 loco)
785 1105 958 1163 addiderunt
978 1116 1007 1163 et
1027 1125 1081 1182 pro
1103 1116 1141 1164 ut

72 1215 170 1288 {qnod
198 1231 252 1288 ego
285 1215 387 1284 delevi,
421 1227 520 1274 natum
553 1235 589 1274 ex
621 1214 734 1273 duabus
764 1211 900 1270 extremis
931 1211 1033 1269 litteris
1059 1212 1140 1269 verbi

73 1321 213 1392 essent)
244 1330 277 1376 et
307 1323 497 1396 scripserunt,
532 1323 609 1398 quod
644 1322 730 1379 etiem
760 1321 835 1379 Tan.
867 1319 966 1376 Faber
997 1317 1081 1373 alicui
1110 1317 1140 1374 in

72 1437 202 1483 mentem
229 1427 342 1483 venisse
363 1439 472 1488 narrat.
529 1429 587 1500 (De
609 1435 646 1485 ut
667 1445 703 1484 ex
724 1436 762 1484 nt
791 1423 963 1500 praeecdenti
990 1432 1054 1480 orto
1087 1422 1140 1480 cfr.

73 1533 166 1602 vm,
188 1534 238 1600 28,
262 1535 302 1607 3.)

162 1639 302 1714 Sequitur
321 1641 351 1697 in
374 1641 474 1697 eodem
507 1640 600 1715 capite
625 1639 652 1714 (ξ
679 1639 729 1702 13)
752 1637 911 1710 eademque
942 1635 1073 1692 oratione
1096 1635 1142 1692 hic

72 1744 173 1800 locus:
216 1745 309 1817 Quid
342 1763 416 1802 eam
448 1764 571 1803 vocem
606 1744 805 1802 animorum
844 1759 913 1796 non
945 1740 1043 1814 plebi
1072 1741 1142 1799 Ro·

74 1869 203 1916 manae,
240 1851 302 1908 sed
333 1852 481 1909 Volscis
522 1857 557 1908 et
585 1849 714 1924 AEquis
746 1857 779 1904 et·
804 1847 1022 1904 Veientibus
1050 1847 1142 1904 alla·

73 1955 216 2012 turam?
249 1976 365 2014 nonne
386 1956 563 2014 Canuleio
586 1957 674 2013 duce
697 1973 734 2012 sc
756 1965 970 2029 speraturos
992 1952 1142 2029 Cupito-

74 2062 163 2117 lium
187 2073 298 2138 atque
321 2081 438 2120 urcem
468 2063 643 2120 scandere
672 2079 796 2140 posse,
825 2060 854 2116 si
881 2059 1050 2134 patribus
1076 2060 1142 2116 tri-

75 2167 162 2224 buni
188 2187 265 2226 eum
286 2169 365 2226 iure
386 2188 426 2226 ac
455 2169 649 2226 maiestate
678 2167 848 2242 adempta
874 2166 1012 2223 animoa
1035 2166 1142 2222 etiarn

77 2273 305 2348 eripuerint?
354 2273 532 2332 Consules
554 2283 705 2350 puratos
729 2291 808 2330 esse
830 2273 938 2330 duces
958 2275 1059 2349 prius
1082 2274 1144 2330 ad·

77 2397 208 2436 versus
231 2381 351 2438 scelus
373 2381 504 2438 civium
529 2399 631 2455 quum
657 2379 835 2436 adversus
857 2381 1012 2437 hostium
1039 2399 1144 2437 arnna.

78 2491 229 2561 Apparet,
262 2485 479 2560 languidissime
506 2487 585 2543 illem
608 2485 822 2543 condicionem:
856 2485 886 2542 si
914 2486 1083 2561 patribus
1105 2517 1142 2528 —

79 2594 189 2649 etiam
227 2593 432 2666 eripuerint
470 2593 617 2649 adhaerere
652 2592 815 2648 vehementi
850 2591 1068 2667 interrogationi
1107 2609 1143 2646 ex

79 2698 279 2774 superioribus
301 2708 385 2772 aptae.
428 2699 537 2754 Varum
561 2717 618 2754 non
641 2697 732 2754 solum
756 2699 894 2773 languide
915 2699 975 2754 haee
995 2705 1070 2760 sunt.
1092 2696 1142 2753 sed

78 2823 201 2880 prorsus
222 2822 369 2880 perversu.
411 2805 546 2862 Hostium
571 2804 645 2860 enim
668 2822 749 2878 apem
772 2803 912 2860 incitabat
933 2801 1063 2859 Canuleii
1085 2821 1143 2859 vox

79 2921 194 2967 tanturn
218 2929 277 2968 non
299 2911 400 2967 ducem
423 2930 454 2967 se
474 2911 509 2967 iis
531 2909 700 2986 profitentis,
721 2907 774 2968 nec'
797 2929 832 2965 ea
854 2927 919 2984 spes
941 2909 969 2966 in
994 2928 1029 2966 eo
1051 2919 1144 2966 verte·

79 3019 182 3088 batur,
214 3017 251 3073 de
273 3035 330 3091 quo
352 3018 449 3073 hostes
470 3015 540 3072 nihil
563 3015 688 3073 audituri
712 3027 808 3085 erant,
837 3025 932 3073 utrum
955 3015 1060 3073 tribuni
1083 3015 1145 3072 ani·

80 3141 145 3180 mos
174 3123 306 3198 patribus
342 3122 512 3197 eripuissent
539 3140 635 3180 necne.
696 3123 764 3180 Non
795 3122 887 3178 miuus
915 3139 1050 3196 perverse
1079 3121 1145 3178 huic

82 3229 302 3304 interrogationi
324 3239 352 3285 et
373 3227 534 3285 condicioni
557 3228 706 3286 subiicitur
727 3238 867 3303 tunquam
880 3245 1059 3301 consequens
1074 3245 1145 3284 con-

82 3336 177 3393 sulum
207 3334 380 3412 promissum
408 3332 569 3391 condicioni
601 3333 642 3390 illi
675 3352 794 3410 prorsus
816 3334 1007 3392 eontrarium:
1051 3331 1144 3391 Con·

82 3443 183 3498 aulea
206 3451 359 3516 paratos
381 3457 461 3496 esse
483 3449 536 3498 ete.
579 3441 714 3498 Debebut
736 3441 838 3497 saltem
861 3439 931 3496 dici:
967 3439 1034 3498 Sed
1061 3457 1144 3496 eon·

83 3549 183 3604 eules
209 3559 263 3606 etc.
315 3545 421 3603 Omnia
449 3545 510 3602 luec
537 3547 608 3603 vitia
640 3565 697 3602 iuna
727 3547 824 3603 littere
855 3555 966 3603 mutata
996 3556 1024 3602 et
1052 3545 1145 3603 oratio

83 3655 187 3711 melius
210 3653 344 3710 distincta
366 3651 494 3708 sanabit:
516 3671 632 3708 nonne
652 3650 829 3709 Canuleio
852 3653 939 3709 duee
960 3671 997 3708 se
1019 3669 1145 3726 spera-

83 3771 191 3818 turos
209 3757 433 3836 Capitolium
458 3767 569 3833 atque
591 3776 706 3814 arcem
729 3759 906 3815 scandere
926 3757 1054 3834 posse?
1108 3755 1144 3820 lll

84 3867 257 3942 patribus
279 3865 421 3922 tribuni
443 3896 483 3907 -
505 3864 643 3921 animos
674 3863 782 3920 etiam
812 3863 1030 3941 eripuerint,
1062 3882 1146 3920 eon·

83 3974 183 4030 sulas
212 3983 363 4047 paretes
394 3989 473 4028 esse
501 3972 610 4029 duces
643 3979 696 4026 ete.
755 3970 844 4028 Recte
876 3989 894 4027 a
924 3969 1147 4046 reprehensione

83 4079 263 4137 detestabilis
295 4078 443 4135 consulum
476 4075 618 4132 sententis
654 4075 735 4132 noeis
768 4075 862 4134 cretio
898 4075 1074 4132 convertitur
1109 4073 1147 4132 ad
