2800 4646
249 245 306 296 Lib.
319 243 472 294 xxxvm
755 247 816 302 440

249 439 309 489 not
336 435 347 488 l
373 428 565 504 exemplsque
586 447 604 485 s
626 427 865 486 Weissenbornio
886 428 925 485 sd
946 427 1100 489 XXVIII.
1126 431 1172 494 lli,
1197 431 1231 484 to
1252 425 1307 484 col·

249 536 338 609 lschs3
360 535 429 596 sdd.
449 535 587 606 XXVII,
611 537 660 604 ³9,
683 535 728 602 t.)

334 639 407 717 Cap.
432 643 488 708 17,
511 643 530 698 6
560 640 601 708 (in
623 639 678 700 Cn.
701 639 806 698 Manlii
827 639 968 710 oratione,
1002 639 1050 696 ubi
1072 649 1198 696 terrores
1219 636 1310 696 Gelli·

250 767 300 807 cos
322 748 443 817 clevat):
475 745 546 805 Sed
566 747 659 816 hese,
686 746 819 820 quibus
845 745 1000 803 insolite
1031 755 1143 820 utque
1167 745 1311 801 insuets

250 864 343 925 sunt,
365 852 482 910 Graeei
504 862 542 909 et
563 853 730 928 Phryges
751 862 785 908 et
806 849 923 909 Cures
945 851 1114 921 timesnt;
1132 849 1311 910 Romanis.

250 958 392 1018 Gallici
425 958 605 1016 tumultus
641 957 831 1028 adsuetis,
865 957 973 1014 etiam
1008 957 1193 1013 vanitates
1223 965 1312 1012 notu

250 1073 344 1123 sunt.
390 1063 477 1138 Quod
497 1063 673 1134 insolens,
695 1063 1060 1132 insuetnainsolitus
1080 1061 1242 1119 alicuius
1260 1059 1312 1116 rei

250 1169 364 1240 dicitur,
391 1169 458 1228 iude
488 1190 526 1228 ne
547 1170 577 1228 id
599 1169 715 1245 quidem
737 1169 883 1244 sequitur,
905 1177 1045 1226 suetum
1075 1167 1240 1225 slicuius
1262 1167 1312 1222 rci

250 1285 328 1334 recte
348 1275 405 1333 dici
438 1275 495 1352 (est
522 1276 598 1334 enim
627 1275 657 1332 in
678 1275 735 1330 hee
756 1293 788 1330 re
810 1274 897 1332 etiem
920 1273 1019 1348 eliqua
1039 1273 1084 1330 vis
1107 1273 1234 1330 notionis
1255 1273 1312 1348 pri-

250 1382 365 1454 vendi);
404 1383 581 1440 sdsuetus
612 1382 728 1458 quidem
763 1389 884 1456 propter
912 1379 1124 1455 propositionis
1157 1379 1227 1454 (sd)
1256 1379 1311 1436 rim

251 1488 417 1564 longissime
439 1488 477 1545 sb
500 1487 557 1546 illis
578 1486 729 1545 adiectivis
757 1486 846 1543 distet
865 1504 919 1544 nec
939 1485 1096 1562 genitivum
1119 1485 1174 1542 eibi
1196 1484 1313 1560 adiungi

251 1593 311 1652 nllo
334 1595 422 1652 modo
444 1589 556 1670 sinis1).
615 1595 679 1653 Nec
706 1601 785 1650 recte
811 1591 938 1650 Romani
969 1591 1121 1650 Gallico
1143 1591 1312 1647 tumultui

252 1699 396 1757 adsueti
424 1699 587 1758 dicerentur
613 1709 754 1774 tanquam
791 1699 840 1756 uni
868 1715 904 1756 ac
934 1707 1090 1773 perpetum
1120 1707 1231 1754 rectum
1253 1709 1313 1754 erat

252 1802 410 1862 Gallicis
432 1805 659 1862 tumultibus.
708 1805 780 1861 Huic
808 1804 948 1862 orationis
969 1803 1040 1860 vitis
1064 1802 1139 1860 tollit
1160 1805 1186 1860 B
1208 1804 1261 1881 (de
1282 1805 1311 1860 bl

251 1913 384 1984 tacetur),
407 1929 465 1966 une
489 1909 609 1967 excluse
629 1909 739 1967 litters:
773 1911 948 1968 Romanis
973 1908 1115 1969 Gallici
1135 1909 1311 1968 tumultus

252 2015 404 2086 adsueti,
429 2015 536 2073 etiam
559 2017 746 2074 venitates
768 2025 860 2074 notae
881 2027 973 2074 sunt.
1023 2017 1092 2074 Non
1121 2016 1217 2072 minus
1238 2016 1309 2072 euim

207 2177 211 2184 ,
252 2139 308 2178 res
329 2120 439 2178 elicui
469 2122 623 2206 adsueta
654 2139 742 2196 quum
766 2121 903 2197 aliquis
929 2120 982 2178 rei
1003 2120 1177 2178 adsuetus
1200 2121 1310 2181 dicitur.

252 2234 352 2300 astque
374 2228 451 2303 epud
473 2227 568 2303 ipsum
588 2228 703 2285 Livium
728 2229 851 2304 (XXV,
878 2225 943 2304 ll.):
979 2237 1096 2284 motus
1120 2245 1309 2302 corporum

251 2333 475 2408 unucuique
496 2332 596 2408 genti
612 2328 802 2400 adsueti.³)

254 2585 297 2594 un·—
320 2585 450 2594 -.ι-.-

273 2736 296 2802 ¹)
328 2738 403 2800 Quod
424 2740 483 2788 olim
503 2753 548 2804 per
567 2739 651 2788 lexiea
669 2740 860 2804 propagabatur
878 2751 1001 2804 tanquam
1025 2739 1133 2790 Lucilii:
1158 2739 1310 2804 publice-

323 2849 389 2882 rnm
416 2847 518 2880 rerum
552 2833 742 2890 sdsuelinm,
770 2833 822 2882 ism
840 2833 972 2880 omittitur.
1013 2832 1093 2882 Recte
1117 2833 1212 2896 scriptu
1238 2831 1309 2880 verbs

322 2933 424 2974 exstant
441 2926 508 2987 spud
527 2924 640 2975 Nonium
658 2941 683 2990 p.
703 2931 736 2975 ³8
755 2933 782 2974 ct
799 2930 848 2974 sot
869 2925 949 2974 Merc.

270 3010 293 3074 ³)
323 3017 337 3078 5
363 3016 623 3067 tweissenbornim
652 3032 739 3067 errans
766 3035 812 3083 pro
838 3018 1026 3066 ineuntium
1053 3018 1217 3080 proelium
1236 3017 1309 3080 scrip·

323 3109 356 3157 sit
374 3107 597 3158 inchoantium
617 3109 782 3173 proelium
802 3119 923 3172 tunquam
942 3125 976 3160 ex
995 3109 1031 3159 M.
1045 3107 1216 3170 carbasinus,
1235 3123 1308 3173 quum

324 3203 442 3251 ederetur
460 3201 700 3260 inchoantium,
731 3203 838 3252 sltsrum
864 3203 956 3257 cond,
982 3204 1101 3253 enotavit.
1142 3203 1254 3260 Medius,
1272 3201 1309 3263 qui

324 3295 435 3344 codicem
455 3296 508 3359 ipse
528 3309 580 3344 non
598 3295 714 3356 viderat,
741 3298 867 3348 ”veterem
888 3297 993 3346 cusum”
1012 3296 1074 3358 (hoo
1093 3305 1146 3354 est,
1165 3294 1310 3348 editionem)

323 3388 416 3438 hsberc
436 3388 666 3438 inchoantium
686 3390 782 3442 scribit.
827 3388 890 3454 Gap.
913 3394 959 3452 1⁸,
987 3395 1002 3438 ³
1034 3388 1074 3438 W.
1095 3387 1228 3436 mirificum
1253 3385 1309 3434 illud

325 3480 494 3545 Compulsi
526 3480 632 3542 reguli
660 3483 739 3543 (quod
772 3497 785 3530 c
812 3481 1061 3532 Drakenborchiseis
1097 3479 1229 3528 codicibus
1252 3492 1310 3526 unns

325 3574 421 3631 tuetur)
439 3574 464 3622 in
484 3573 648 3622 Frobeniena
675 3573 701 3620 11
720 3575 894 3639 comperuisse
912 3583 1000 3639 punt,
1021 3581 1149 3637 sumptum
1169 3569 1267 3618 scilicet
1283 3583 1310 3616 cx

327 3665 363 3718 II.
402 3663 452 3714 Sed
468 3666 562 3729 legitur
580 3666 648 3729 spud
671 3666 775 3727 Aldum,
794 3667 837 3732 qui
857 3668 889 3716 de
908 3665 937 3716 ld
956 3667 1021 3715 nihil
1038 3667 1136 3715 sciebat
1155 3664 1201 3714 nisi
1221 3660 1310 3712 Carbu-

325 3757 375 3806 chii
395 3757 504 3818 indioi03
523 3756 684 3808 Carbsohius
704 3767 779 3809 tecet.
800 3745 892 3820 'Quod
911 3759 953 3810 W.
972 3757 1108 3823 pmbabile
1129 3763 1216 3822 putat,
1235 3753 1309 3817 reguli

326 3863 420 3900 nomeu
438 3865 453 3900 s
471 3850 544 3900 Livio
560 3851 671 3915 positum
691 3864 757 3910 esse,
773 3853 801 3900 id
820 3866 882 3901 vero
897 3851 1033 3915 aliquoties
1046 3851 1156 3915 positum
1171 3857 1221 3909 est3
1234 3841 1312 3912 ipsum

326 3944 393 3990 enim
409 3943 607 4007 Eposognatum
625 3943 766 4006 signiflcsri
791 3953 817 3994 et
841 3945 907 3994 Livii
925 3945 1039 3994 nsrrstIc
1058 3941 1195 3992 manifesto
1211 3941 1309 3991 denos«

324 4041 388 4082 stret
405 4043 430 4082 ct
448 4032 570 4096 Polybius
589 4033 689 4096 (XXII,
708 4042 751 4096 20,
770 4037 809 4100 ἱ).
