2800 4646
598 279 658 336 425
961 279 1021 328 Lib.
1034 279 1161 332 XXXVI.

99 456 199 514 Livius
230 459 405 535 scripsisset:
445 461 630 519 reservari
653 459 827 540 [exulum]
848 479 990 526 cusu
1020 465 1162 534 Achaei,

97 560 185 618 Elei
214 560 306 635 etc.¹)

183 667 257 746 Cep.
282 674 331 740 44,
358 675 385 732 5.
437 672 613 729 Eumenes
648 672 967 749 agmeucogebat;
997 681 1161 742 ceterum,

98 783 136 831 ut
158 775 342 834 demendis
365 778 600 835 armamentis
626 777 844 836 tumultuari
872 777 1024 852 primum
1058 799 1162 856 coep·

99 887 173 938 tum
196 888 258 951 est,
282 883 431 959 etipse,
455 892 592 959 quanta
610 883 766 940 maxime
802 883 996 940 celeritate
1028 893 1163 960 potest,

97 986 264 1043 concitat
289 1005 410 1048 naves.
463 989 538 1046 Iam
570 988 735 1045 omnibus
764 988 799 1044 in
832 997 1029 1064 conspectu
1051 999 1162 1047 erent.

99 1091 186 1149 Duae
217 1092 360 1150 Punice
389 1112 501 1152 naves
535 1093 803 1151 antecedebant
837 1093 1034 1152 Romanam
1070 1095 1164 1154 clas·

99 1214 186 1268 sem,
229 1197 362 1271 quibus
395 1199 512 1256 obviae
543 1206 619 1255 tres
651 1196 799 1255 luerunt
830 1197 938 1273 regiae
969 1217 1080 1256 naves
1110 1209 1163 1258 etc.

99 1302 206 1376 Neque
228 1303 265 1359 sd
286 1321 347 1360 rem
370 1303 491 1362 multum
512 1303 647 1380 pertinet,
669 1303 835 1361 omnibns
858 1305 887 1361 in
910 1302 1165 1380 eonspectufuisse

101 1407 240 1466 Eumenis
262 1427 361 1479 naves,
383 1427 478 1484 neque
488 1417 600 1467 tantum
623 1428 665 1466 eae
689 1418 776 1466 antea
799 1407 967 1478 abfuerant,
988 1416 1020 1466 ut
1039 1408 1165 1484 conspici

100 1531 160 1570 non
182 1521 314 1587 possent,
336 1514 474 1589 quoniam
497 1535 534 1572 ex
554 1515 590 1572 iis
617 1514 764 1572 Eumenes
789 1514 1009 1584 animadvertit,
1044 1514 1112 1589 quid
1135 1515 1164 1572 in

99 1617 196 1693 primo
221 1619 336 1694 agmine
357 1628 501 1694 ageretur,
523 1638 626 1695 neque,
650 1619 728 1694 quod
743 1628 903 1696 exspectes,
916 1619 983 1676 hnic
1008 1619 1076 1676 iam
1099 1638 1165 1676 om·

101 1721 211 1780 nibus
233 1732 298 1794 ete,
320 1725 475 1800 quicquam
498 1725 659 1783 adnectitur
689 1724 755 1781 inde
778 1733 887 1801 aptum.
938 1725 1010 1782 Haeo
1041 1724 1166 1782 movisse

101 1827 238 1884 videntur
264 1835 293 1884 et
321 1829 393 1888 elios
423 1837 452 1887 et
472 1829 657 1888 Perizonium
685 1839 715 1886 et
740 1828 956 1904 Kreyssigium‚
988 1839 1021 1886 ut
1046 1849 1166 1888 omnes

101 1933 264 2016 scriberent,
282 1942 383 1992 contra
404 1935 528 1996 codices.
583 1934 642 1993 Sed
671 1935 701 1992 in
734 1935 760 1992 B
783 1935 866 1992 abest
898 1934 967 1991 iam
990 1935 1039 2009 (de
1066 1936 1168 1994 ceteris

102 2038 175 2095 nihil
189 2041 332 2114 notatur);
344 2039 499 2098 videndum
515 2041 612 2116 igitur,
622 2059 658 2098 ne
670 2040 711 2097 sic
722 2041 808 2098 scribi
825 2049 854 2098 et
875 2040 990 2116 disponi
1000 2041 1094 2098 oratio
1116 2039 1168 2097 de·

102 2144 186 2200 beat:
208 2143 384 2202 Omnibus
413 2147 450 2202 in
485 2155 682 2221 conspectu
705 2154 809 2202 erant
839 2145 918 2202 dum
939 2145 1084 2202 Punicas
1103 2163 1168 2201 ne·

101 2267 181 2320 ves,
208 2281 237 2291 -—
268 2251 536 2309 antecedebant
557 2253 753 2310 Romanam
785 2251 953 2318 classem,
985 2281 1010 2290 -
1038 2249 1166 2324 quibus

101 2354 219 2411 obvies
248 2364 324 2412 tres
356 2354 508 2413 fuerunt
533 2357 645 2433 regise
675 2374 794 2414 neves.
843 2352 1028 2414 Convertitur
1055 2352 1167 2409 animus

102 2460 141 2516 ad
162 2461 273 2518 initium
295 2461 443 2537 pugnandi
465 2461 495 2517 in
517 2470 672 2537 conspectu
695 2462 822 2519 omnium
845 2469 945 2536 aperto
963 2459 1038 2516 inter
1059 2467 1167 2514 utram·

105 2581 162 2639 que
183 2565 305 2624 classem
326 2567 421 2642 spatio
436 2565 555 2626 factum.

188 2669 261 2747 Cap.
295 2677 353 2742 lb,
385 2674 418 2728 9:
450 2669 574 2729 Crasti
595 2681 680 2730 sunt
701 2669 873 2728 consules
906 2669 939 2726 L.
974 2665 1168 2726 Cornelius

104 2775 232 2851 Scipio
256 2787 290 2834 et
320 2775 353 2837 Ο.
378 2776 528 2847 belias,
547 2776 775 2834 intuentibus
798 2775 940 2832 cunctis
969 2773 1012 2830 ad
1033 2771 1170 2830 finien-

104 2882 184 2938 dum
221 2901 296 2940 cum
324 2881 508 2940 Antiocho
537 2880 680 2939 bellum.
738 2883 865 2938 Prorsus
899 2880 1034 2937 inusitate
1067 2877 1172 2936 dicitur

104 2987 245 3044 intueri
268 2987 310 3044 sd
334 2987 475 3062 aliquid
497 2985 703 3044 faciendum
726 3005 780 3061 pro
804 3005 857 3057 eo,
879 2985 958 3060 quod
987 2993 1031 3041 est
1055 2983 1170 3040 inten-

105 3101 178 3148 tum
201 3109 298 3160 esse;
320 3111 414 3167 neque
439 3092 468 3148 in
490 3092 525 3148 L.
552 3089 686 3166 Scipione
710 3091 813 3148 saltem
831 3091 967 3160 creando,
991 3088 1072 3146 cuius
1093 3086 1172 3144 nulle

105 3215 284 3272 magnopere
305 3197 386 3256 ieme
407 3207 458 3256 aut
479 3196 658 3272 exspectatio
680 3206 758 3268 erat,
789 3197 841 3254 illa
869 3215 940 3254 cura
960 3195 1027 3253 belli
1054 3191 1172 3252 finiendi

105 3320 161 3378 per
188 3321 219 3359 se
253 3311 388 3379 appetem
425 3305 506 3377 (nam
528 3301 636 3358 Lselius
658 3303 693 3359 P.
717 3298 883 3375 Scipionem
920 3299 949 3356 in
972 3297 1116 3374 Hispania
1145 3304 1174 3353 et

106 3369 365 3485 Affics'egregie
390 3409 524 3478 iuverat).
584 3407 619 3464 In
653 3406 800 3464 codicibus
831 3403 998 3479 vulgaribus
1029 3403 1174 3478 plerisque

106 3514 243 3572 scribitur
267 3513 300 3571 O.
325 3513 460 3572 Laelius
482 3511 690 3583 Africanus,
704 3511 781 3586 quod
810 3527 971 3584 cognomen
994 3506 1099 3566 Laelius
1121 3523 1174 3562 ne-

108 3639 167 3695 que
188 3619 259 3676 alibi
279 3619 368 3677 babet
389 3637 483 3694 neque
504 3635 609 3694 parare
636 3616 692 3674 sibi
714 3623 841 3692 quoester
862 3621 1011 3690 potuerat,
1044 3610 1174 3686 aequipa-

109 3829 166 3837 ’.υ-
177 3829 309 3837 --.--

129 3956 154 4025 ¹)
186 3959 250 4028 Cap.
269 3968 311 4025 4ο,
331 3969 346 4010 4
366 3963 421 4012 sine
440 3962 494 4010 ulla
512 3961 671 4012 dubitatione
691 3959 837 4024 recipienda
855 3965 911 4008 erat
927 3955 1039 4008 Rubenii
1057 3952 1176 4003 emenda·

182 4055 220 4103 tio
238 4051 371 4104 Gronovio
389 4061 415 4104 et
433 4051 551 4103 Creverio
569 4053 691 4118 probata:
710 4060 788 4115 quot
807 4066 874 4102 eum
894 4048 1051 4101 millibus.
