2810 4644
590 280 646 336 dil
895 281 900 290 '
952 275 1009 326 Lib.
1018 274 1119 326 XXVI.

87 467 248 541 quiaque
269 464 442 540 patriam,
467 460 530 520 sed
551 469 665 518 totam
688 458 854 518 Siciliam
877 459 1078 518 relicturos
1101 469 1154 518 cet.

87 573 150 630 Pro
172 569 328 646 quisque
351 587 440 644 quum
464 565 563 635 Valla,
583 565 771 637 Gronovius,
793 563 948 623 Creverius
980 583 1155 639 quemque

87 677 177 736 scribi
199 675 366 744 voluissent,
388 671 482 731 exorti
503 690 596 747 nuper
604 681 680 742 sunt,
703 672 752 747 qui
761 671 942 728 nominativo
957 667 1153 727 defensionem

88 791 229 861 pararent
258 801 296 839 ex
322 780 393 839 locis
420 795 541 856 prorsus
573 777 779 847 dissimilibus,
808 777 838 834 iu
868 776 972 852 quibus
993 791 1154 850 pronomen

89 893 156 963 (aut
176 886 376 964 participium)
405 883 548 942 sententie
575 893 603 942 et
633 882 699 941 loco
725 883 764 940 ad
784 882 955 958 gerundium
978 891 1029 939 aut
1049 879 1154 937 ablati-

89 1005 152 1054 vos*
164 993 314 1051 absolutos
335 991 481 1067 pertinens
502 999 608 1058 temen,
631 988 770 1063 quoniam
790 988 835 1046 his
856 987 1046 1064 grammatice
1061 984 1154 1060 appli-

89 1102 151 1160 cari
172 1098 282 1174 nequit,
305 1115 374 1156 casu
396 1094 636 1154 accommodetur
658 1094 695 1151 ad
717 1094 756 1164 id,
779 1095 817 1152 ad
840 1093 919 1168 quod
940 1111 1027 1150 unum
1049 1099 1154 1167 potest,

89 1206 239 1266 sententie
260 1203 347 1260 finitae
358 1202 519 1260 subiectum
542 1205 588 1270 (ut
604 1201 666 1270 Ν,
689 1203 739 1269 31,
761 1203 794 1258 2:
816 1198 999 1256 tendendo
1021 1197 1065 1254 ad
1086 1215 1154 1254 sua

91 1313 248 1389 quicque
269 1309 431 1368 consilia
537 1315 764 1382 aperuerunt
780 1315 810 1362 et
831 1305 887 1374 IV,
903 1308 955 1374 44,
974 1307 1024 1360 1οε
1042 1319 1154 1360 cause

90 1419 170 1494 ipse
191 1435 259 1492 pro
287 1432 324 1472 se
345 1416 443 1474 dicta
471 1457 498 1472 ..
531 1413 740 1483 damnatur,
764 1414 821 1470 hoc
843 1421 900 1468 est-r
923 1428 1012 1484 quum
1035 1421 1153 1466 causam

92 1525 155 1600 ipse
176 1541 231 1600 pro
260 1539 291 1578 se
321 1519 454 1588 dixissen
487 1517 635 1594 exemplu·
648 1517 750 1576 formae
780 1537 799 1574 a
822 1537 869 1574 me
891 1515 945 1576 Gr.
968 1516 1033 1574 Lat.
1055 1519 1070 1584 5
1093 1515 1152 1572 428

90 1633 150 1685 not
172 1629 189 1681 4
222 1623 393 1684 brevissime
419 1623 587 1698 significatae
617 1623 734 1699 collegit
762 1621 1016 1680 Weissenbomius
1037 1619 1076 1676 ad
1098 1620 1153 1688 lv,

90 1734 140 1800 44,
168 1733 214 1798 10,
236 1729 340 1804 quibus
361 1727 430 1784 eddi
450 1729 667 1804 hoecpoasunt:
703 1729 770 1790 Liv.
791 1729 884 1796 XLI,
911 1732 961 1798 10,
989 1729 1037 1786 13:
1060 1725 1153 1784 Con-

90 1837 196 1893 tione
218 1834 424 1892 advauieus
452 1877 481 1895 ..
508 1835 645 1904 habita,
669 1833 729 1897 Cio.
753 1853 807 1910 pro
832 1834 915 1894 Sulla
943 1838 987 1903 10,
1007 1835 1056 1902 30,
1078 1833 1153 1893 Tac.

89 1941 169 2000 Hist.
189 1941 233 2018 11,
253 1945 301 2010 7);
322 1940 369 1998 bic
394 1940 546 2016 quisque
568 1941 665 2012 habet,
678 1959 736 2016 quo
750 1941 914 1998 necessario
937 1938 1154 2008 referamne,

90 2047 184 2104 tribue
204 2055 272 2102 ante
293 2047 390 2104 verbis
410 2046 584 2122 praecedens.
617 2047 696 2104 Nam
708 2046 912 2122 quodquidam
927 2045 1080 2120 quisque
1100 2061 1154 2119 pro

90 2151 286 2210 indeclinabili
300 2152 436 2210 ablativis
457 2150 598 2210 absolutis
618 2151 763 2227 interponi
784 2170 870 2228 posse
892 2159 1032 2227 putarunt
1054 2150 1153 2223 (debe-

91 2260 162 2316 bant
183 2257 263 2333 ipse
285 2257 472 2332 adiungere),
494 2267 632 2333 apparet,
660 2275 747 2331 quam
777 2257 960 2333 perspicuam
983 2255 1154 2312 nominativi

90 2363 234 2421 rationem
256 2362 285 2419 in
307 2361 357 2432 iis,
379 2380 453 2436 quos
475 2361 554 2431 dixi,
582 2361 653 2420 locis
680 2381 739 2420 non
761 2363 967 2431 intellexerint;
988 2361 1088 2435 itaque
1108 2379 1153 2416 re-

90 2469 239 2543 linquitur,
262 2487 319 2543 quo
343 2467 481 2525 mirabilis
502 2468 553 2525 ille
574 2467 707 2526 doctrina
728 2469 846 2538 nitetur,
867 2485 941 2525 uuus
957 2467 1005 2524 ille
1025 2466 1115 2536 locus,
1138 2486 1154 2522 e

91 2593 150 2648 quo
172 2583 243 2631 nata
265 2583 294 2630 et
315 2573 352 2631 ad
377 2593 461 2648 quem
485 2575 618 2649 exposita
630 2584 673 2631 est
686 2572 833 2640 (traducta
848 2572 962 2630 etiamn
976 2570 1112 2645 Zumptio
1125 2571 1153 2626 in

90 2677 337 2756 grammaticum),
361 2680 492 2738 Sallustii
501 2679 530 2736 in
540 2679 609 2754 Jug.
627 2681 671 2749 18,
685 2677 1057 2752 3,ubiautquisquepro
1080 2675 1153 2750 qui·

92 2789 231 2860 busque
254 2785 380 2860 positum
406 2785 536 2843 ablativo
557 2803 626 2842 casu
645 2784 844 2860 accipiendum
872 2794 924 2841 eut
947 2782 1155 2857 quibusque

92 2890 274 2950 scribendum
287 2907 362 2961 esse,
377 2890 516 2948 vidissent
527 2901 720 2958 enarratores,
731 2890 756 2946 si
775 2890 973 2972 attendissent,
985 2907 1042 2945 non
1053 2887 1154 2962 singu·

90 2997 135 3054 los
156 2997 197 3054 ibi
219 2995 375 3070 significari
397 2996 528 3054 homines
550 2996 586 3052 de
607 2995 729 3070 imperio
745 2995 961 3064 contendentes,
982 2994 1033 3052 sed
1053 3003 1153 3068 gentes

90 3113 119 3160 et
139 3101 281 3178 populos,
309 3119 345 3158 ex
370 3102 474 3176 quibus
496 3102 674 3177 compositus
698 3099 835 3158 Herculis
866 3101 1010 3158 exercitus
1039 3099 1153 3167 firieset3

90 3209 190 3282 itaque
204 3206 311 3282 plurali
332 3225 452 3264 numero
474 3207 547 3264 sibi
572 3207 712 3282 quique
724 3205 875 3281 imperium
887 3206 995 3280 petisse
1012 3205 1153 3264 dicuutur.

91 3311 209 3390 (luatini
231 3313 312 3371 locus
337 3313 460 3384 XXIX,
487 3317 512 3382 1,
535 3315 553 3371 8
575 3313 605 3370 in
626 3313 793 3370 melioribus
815 3311 962 3368 codicibus
977 3309 1062 3368 aliter
1084 3311 1153 3367 scri·

91 3420 169 3478 bitur
190 3419 268 3495 apud
289 3419 445 3494 Ieepium.)
504 3421 606 3494 Atque
627 3419 729 3476 eadem
759 3435 878 3494 prorsus
901 3426 945 3472 est
967 3415 1101 3485 Liviani,
1124 3415 1153 3472 in

91 3543 148 3600 quo
159 3542 319 3594 versamur,
333 3523 390 3581 loci
404 3524 498 3594 ratio;
519 3543 613 3600 neque
628 3525 703 3583 enim
719 3523 824 3600 singuli
837 3521 1016 3597 singularum
1039 3519 1153 3577 urbium

93 3631 181 3706 legati
196 3630 263 3704 (etsi
284 3629 381 3706 plures
403 3629 583 3704 singularum
599 3630 711 3688 urbium
734 3629 861 3686 fortasse
882 3625 1021 3700 fuerunt),
1032 3644 1064 3682 sa
1075 3625 1154 3682 solos

91 3736 221 3796 abituros
242 3755 280 3794 ex
305 3736 405 3796 Sicilia
426 3736 569 3805 dicebaut,
590 3734 642 3793 sed
663 3735 770 3794 civium
795 3753 913 3794 suorum
936 3731 1033 3790 verbis
1053 3731 1153 3806 loque·

90 3843 205 3911 bantur,
228 3853 260 3900 ut
280 3861 327 3916 se,
348 3842 591 3918 quemadmodum
616 3842 774 3917 sepissime
791 3841 869 3917 apud
879 3839 996 3898 Livium
1005 3839 1034 3895 in
1042 3837 1154 3914 legato·

90 3967 153 4008 rum
175 3949 309 4008 oratione
329 3948 536 4018 reddenda‚ad
559 3949 637 4006 cives
659 3947 802 4006 referatur
823 3943 913 4026 (uos,
925 3945 954 4003 id
966 3955 1046 4018 est‚e
1053 3963 1097 4020 go
1121 3954 1155 4001 et

89 4055 190 4114 cives
209 4055 286 4115 mei.
316 4054 427 4112 Eodem
444 4055 531 4112 modo
546 4055 655 4124 XXX,
665 4055 714 4124 40,
725 4056 742 4111 3
755 4054 831 4112 sein
847 4051 1154 4129 legatorumMaeedo-

91 4179 157 4220 num
172 4160 305 4219 oratione
318 4161 356 4218 ad
370 4160 537 4236 Philippum
554 4159 700 4234 refertur).
740 4159 845 4234 ltaque
856 4159 893 4216 ad
905 4159 959 4216 hos
975 4157 1154 4234 singularum
