2810 4644
759 275 817 332 stt

261 457 414 533 permulta.
457 457 566 516 Nescio
581 465 678 515 tamen
700 477 738 516 an
759 459 830 516 nihil
850 459 888 515 ad
909 467 1001 516 totam
1029 477 1089 516 rem
1112 455 1311 514 declarandam

260 574 289 622 et
310 565 348 621 ad
369 563 593 632 ostendendum,
625 583 713 640 quem
744 583 782 622 ox
812 564 918 640 pusilla
947 563 1057 638 origine
1086 581 1167 620 error
1185 579 1262 636 sape
1284 561 1313 617 in

261 671 418 746 archetypo
441 670 664 746 Bambergeueis
686 681 715 728 et
734 671 896 747 vulgarium
918 679 998 728 ortus
1019 677 1202 745 pervagetur,
1223 667 1314 741 magis

260 776 443 852 perspicuum
467 776 505 833 sit
526 795 614 851 quam
635 778 713 852 qnod
734 778 764 834 in
785 777 938 846 XXXIV,
969 779 1016 846 57,
1040 777 1057 832 8
1080 775 1194 832 eccidit.
1237 776 1315 833 Nem

260 901 350 956 quum
372 882 472 939 Livius
494 884 663 959 scripsisset,
686 884 813 960 quadiu
835 882 1007 958 Mogontino
1026 889 1173 938 servatum
1196 891 1253 938 est:
1274 899 1316 938 ex

260 987 495 1047 FORMULA
518 989 624 1058 iurIs,
647 1009 684 1047 ex
708 991 734 1048 F
755 1001 854 1048 natum
877 999 930 1058 est,
951 999 984 1045 nt
1003 987 1169 1062 saepissime,
1190 987 1218 1045 Ε
1240 987 1317 1043 duae·

259 1111 317 1168 qus
351 1093 454 1150 littera
483 1095 639 1170 separatim
669 1105 803 1172 accepite,
831 1113 885 1165 eo,
916 1105 976 1151 tum
1008 1111 1045 1149 ex
1075 1092 1205 1162 rmula,
1239 1091 1317 1167 quod

260 1199 399 1268 restabat,
421 1197 530 1256 factum
547 1209 591 1256 est
612 1200 716 1258 simul
739 1219 766 1270 ι,
783 1202 862 1276 quod
884 1203 938 1274 (ex
959 1219 1001 1256 eo
1022 1198 1128 1256 simul
1150 1197 1181 1274 a)
1203 1199 1319 1256 codices

260 1305 388 1364 Palatini
418 1314 447 1362 et
479 1305 605 1381 quinque
633 1307 864 1365 Drakenborehii
899 1307 1023 1374 habeut·;
1062 1304 1183 1362 accessit
1214 1305 1319 1362 deinde

260 1411 432 1468 emendandi
454 1421 584 1482 conatus,
613 1432 655 1469 ex
676 1431 775 1488 aequo
805 1421 862 1476 tex
884 1411 999 1486 equo),
1036 1409 1129 1467 deleto
1152 1427 1183 1479 a;
1210 1409 1319 1466 codicis

262 1517 483 1591 Bambergensis
505 1518 655 1590 librarius,
685 1531 718 1576 ut
744 1519 813 1576 alibi
843 1535 958 1594 quoque
988 1515 1059 1574 lacit
1081 1515 1235 1586 interdum,
1264 1535 1318 1591 pro

260 1623 403 1697 corruptis
433 1641 556 1681 vacuum
588 1626 712 1700 spatium
741 1625 864 1700 reliquit.
922 1627 1022 1698 Atque
1050 1621 1097 1680 bic
1118 1622 1198 1678 locus
1221 1631 1319 1679 tumen

259 1727 346 1785 simul
379 1728 427 1786 vel
461 1747 534 1786 uuus
566 1731 637 1787 satis
668 1731 845 1800 declararet,
877 1731 1014 1806 vulgares
1045 1727 1158 1786 codices
1190 1747 1251 1785 non
1284 1747 1319 1785 ex

260 1833 470 1908 Bambergensi
499 1835 563 1910 ipso
593 1845 673 1893 ortos
707 1838 910 1912 degenerasse3
952 1853 1046 1909 neque
1068 1833 1143 1891 enim
1165 1853 1202 1891 ex
1224 1853 1319 1892 vacuo

259 1940 356 2016 spatio
380 1940 431 1997 illa
455 1959 497 1998 ex
519 1959 559 1997 eo
581 1942 688 1999 slmul
718 1963 736 2000 a
757 1952 807 1999 aut
828 1961 872 1999 ex
894 1961 985 2017 equo
1007 1940 1111 1998 simul
1132 1940 1213 1997 nasci
1234 1948 1319 2016 potu·

260 2057 357 2114 erunt;
379 2047 430 2104 sed
452 2047 528 2104 idem
550 2047 698 2104 declarent
725 2055 843 2123 (preter
864 2046 1048 2104 omissionem
1070 2047 1133 2104 libri
1156 2045 1317 2121 XXXIII)

262 2152 441 2227 apertissime
473 2171 529 2210 non
560 2153 645 2228 plura
672 2154 703 2210 in
733 2153 899 2228 vulgaribus
934 2171 1022 2227 quam
1050 2152 1079 2209 in
1106 2153 1318 2229 Bambergensi

262 2258 370 2316 omissa
404 2264 486 2328 (nam
516 2277 552 2316 ec
578 2269 646 2335 post
666 2259 798 2317 excidere
818 2255 989 2335 potuerunt)
1016 2265 1067 2315 cut
1093 2258 1206 2314 adiecta
1231 2258 1320 2314 inter·

261 2363 372 2440 polatio
396 2377 442 2435 (ut
464 2365 617 2436 XXXIV,
640 2367 689 2435 22,
712 2367 728 2421 2
752 2383 805 2439 pro
827 2365 940 2422 ceteri
966 2364 1100 2421 omisso
1122 2363 1219 2422 bello
1242 2364 1272 2420 in
1295 2363 1320 2420 B

261 2471 396 2528 scribitur
420 2471 532 2528 ceteri
560 2472 684 2542 misso,
715 2472 744 2528 in
767 2471 936 2546 vulgaribus
958 2469 1071 2527 ceteri
1092 2467 1237 2542 omues),
1260 2470 1320 2535 sed,

263 2595 299 2633 ne
321 2577 379 2634 elia
400 2577 551 2634 comedam
573 2577 689 2648 indicia,
709 2577 852 2652 permulta
866 2577 895 2634 iu
910 2575 936 2632 B
951 2575 997 2632 hic
1018 2574 1075 2632 illic
1090 2575 1199 2632 omissa
1219 2577 1320 2644 verbs,

262 2700 327 2755 quse
349 2683 483 2757 vulgares
504 2693 581 2739 recte
611 2692 723 2753 tenent,
744 2693 777 2739 ut
797 2683 950 2750 XXXIV,
987 2686 1032 2752 14,
1067 2683 1083 2738 3
1109 2676 1192 2756 (feci
1224 2682 1322 2738 inter

262 2787 357 2863 spatio
380 2806 474 2845 vacuo
497 2787 626 2862 relicto),
655 2791 703 2857 27,
738 2791 755 2846 8
786 2788 927 2859 (citari,
963 2787 1041 2845 nullo
1065 2787 1190 2864 spatio),
1227 2789 1319 2858 29,v

263 2893 370 2966 (eius,
401 2893 495 2967 spatio
532 2891 654 2966 relicto),
689 2897 737 2962 31,
776 2897 808 2951 17
844 2892 981 2971 (nibil),
1013 2894 1105 2964 32,9
1142 2893 1321 2969 (eduntur,

261 2997 357 3072 spatio
378 2997 503 3066 relicto),
538 3000 591 3067 39,
617 2999 635 3055 2
659 2999 767 3072 (decem
791 3001 890 3068 verba,
913 2998 992 3055 nullo
1014 2998 1132 3074 spatio).
1175 3002 1321 3075 Apparet,

261 3101 369 3160 codicis
392 3103 613 3179 Bambergensis
635 3105 776 3178 scribam,
809 3123 896 3180 quum
919 3105 1046 3162 codicem
1069 3123 1133 3162 cum
1155 3105 1320 3182 vulgarium

262 3205 393 3283 principe
414 3221 569 3284 cognatum
591 3221 642 3270 aut
665 3213 726 3269 eius
752 3229 868 3286 quoqne
890 3220 1037 3286 parentem
1061 3220 1238 3286 sequeretur,
1261 3212 1320 3268 alie

261 3331 347 3388 sape,
371 3331 434 3388 quoe
456 3315 551 3391 legere
572 3335 629 3374 non
651 3329 760 3392 posset,
781 3317 921 3386 omisisse,
943 3325 1044 3373 notata
1065 3316 1229 3383 omissione,
1252 3317 1320 3384 alia,

262 3429 294 3476 ut
321 3421 366 3490 fit,
392 3421 601 3498 imprudentem
634 3425 804 3500 praeterisse,
839 3441 902 3498 quse
934 3423 963 3480 in
995 3422 1156 3497 vulgarium
1190 3421 1320 3497 principe

261 3537 378 3583 servate
400 3528 464 3585 siut.
514 3527 624 3587 Contra
646 3531 675 3586 in
697 3529 860 3605 vulgarium
891 3529 1020 3604 principe
1044 3528 1141 3586 nescio
1169 3545 1227 3602 quo
1249 3545 1319 3584 casu

262 3633 406 3691 intercidit
427 3644 504 3692 totus
526 3635 598 3693 liber
630 3634 787 3694 XXXIII.
845 3632 947 3692 Codex
974 3634 1062 3710 igitur
1094 3633 1319 3708 Bnmbergensis

261 3739 372 3815 origiue
393 3759 412 3798 a
431 3741 603 3817 Mogontino
624 3741 769 3799 seiunctus
798 3750 827 3796 et
856 3759 921 3798 cum
954 3741 1121 3816 vulgaribus
1151 3739 1319 3797 coniunctus

260 3864 315 3902 neo
336 3847 374 3903 ab
394 3847 472 3904 omni
493 3847 567 3904 labis
599 3847 686 3904 etiam
718 3845 816 3920 gravis
850 3863 913 3903 cum
944 3847 988 3904 bis
1015 3846 1216 3904 communione
1238 3845 1318 3908 liber,

261 3969 439 4025 quemquem
460 3952 490 4008 in
513 3953 678 4010 universum
700 3953 872 4030 Moguudno
907 3953 996 4022 cedit,
1027 3962 1141 4022 tamen,
1163 3951 1241 4025 qnod
1274 3967 1318 4006 re·

263 4057 422 4114 centiorum
443 4054 522 4113 illam
545 4057 783 4132 depravationem
804 4058 917 4128 vitavit,
948 4057 1100 4134 locupletis
1121 4058 1202 4116 testis
1222 4058 1317 4116 locum
