<?xml version="1.0" encoding="UTF-8"?>
<!DOCTYPE html PUBLIC "-//W3C//DTD XHTML 1.0 Transitional//EN"
    "http://www.w3.org/TR/xhtml1/DTD/xhtml1-transitional.dtd">
<html xmlns="http://www.w3.org/1999/xhtml" xml:lang="en" lang="en">
 <head>
  <title>
</title>
<meta http-equiv="Content-Type" content="text/html;charset=utf-8" />
  <meta name='ocr-system' content='tesseract 3.04.00' />
  <meta name='ocr-capabilities' content='ocr_page ocr_carea ocr_par ocr_line ocrx_word'/>
</head>
<body>
  <div class='ocr_page' id='page_1' title='image "./emendationesliv02madvgoog_0475.png"; bbox 0 0 2800 4646; ppageno 0'>
   <div class='ocr_carea' id='block_1_1' title="bbox 237 250 801 308">
    <p class='ocr_par' dir='ltr' id='par_1_1' title="bbox 237 250 801 308">
     <span class='ocr_line' id='line_1_1' title="bbox 237 250 801 308; baseline -0.004 -6"><span class='ocrx_word' id='word_1_1' title='bbox 237 253 294 302; x_wconf 85' lang='lat' dir='ltr'>Lib.</span> <span class='ocrx_word' id='word_1_2' title='bbox 311 250 370 302; x_wconf 80' lang='lat' dir='ltr'>XL.</span> <span class='ocrx_word' id='word_1_3' title='bbox 743 253 801 308; x_wconf 67' lang='lat'>460</span> 
     </span>
    </p>
   </div>
   <div class='ocr_carea' id='block_1_2' title="bbox 237 427 1399 2310">
    <p class='ocr_par' dir='ltr' id='par_1_2' title="bbox 237 399 1399 2310">
     <span class='ocr_line' id='line_1_2' title="bbox 321 427 1309 510; baseline -0.003 -17"><span class='ocrx_word' id='word_1_4' title='bbox 321 433 394 510; x_wconf 78' lang='lat' dir='ltr'>Cep.</span> <span class='ocrx_word' id='word_1_5' title='bbox 422 436 467 502; x_wconf 83' lang='lat'>16,</span> <span class='ocrx_word' id='word_1_6' title='bbox 500 436 517 490; x_wconf 83' lang='grc'><strong>6</strong></span> <span class='ocrx_word' id='word_1_7' title='bbox 542 431 605 502; x_wconf 89' lang='lat' dir='ltr'>(ubi</span> <span class='ocrx_word' id='word_1_8' title='bbox 627 431 728 488; x_wconf 88' lang='lat' dir='ltr'>Livius</span> <span class='ocrx_word' id='word_1_9' title='bbox 750 431 891 506; x_wconf 80' lang='lat' dir='ltr'><strong>Ligurum</strong></span> <span class='ocrx_word' id='word_1_10' title='bbox 913 429 971 486; x_wconf 88' lang='lat' dir='ltr'>duo</span> <span class='ocrx_word' id='word_1_11' title='bbox 993 427 1074 486; x_wconf 83' lang='lat' dir='ltr'>rnilie</span> <span class='ocrx_word' id='word_1_12' title='bbox 1094 441 1235 490; x_wconf 81' lang='lat' dir='ltr'>nerrsts</span> <span class='ocrx_word' id='word_1_13' title='bbox 1263 433 1309 490; x_wconf 83' lang='grc' dir='ltr'>Μ.</span> 
     </span>
     <span class='ocr_line' id='line_1_3' title="bbox 238 531 1399 615; baseline -0.008 -15"><span class='ocrx_word' id='word_1_14' title='bbox 238 541 393 610; x_wconf 77' lang='lat' dir='ltr'>Marcello,</span> <span class='ocrx_word' id='word_1_15' title='bbox 425 539 475 615; x_wconf 87' lang='lat' dir='ltr'>qui</span> <span class='ocrx_word' id='word_1_16' title='bbox 505 537 634 596; x_wconf 77' lang='lat' dir='ltr'><strong>Galliam</strong></span> <span class='ocrx_word' id='word_1_17' title='bbox 662 537 827 602; x_wconf 75' lang='lat' dir='ltr'><strong>obtinebat,</strong></span> <span class='ocrx_word' id='word_1_18' title='bbox 854 534 1007 610; x_wconf 74' lang='lat' dir='ltr'>petivisse,</span> <span class='ocrx_word' id='word_1_19' title='bbox 1038 545 1070 591; x_wconf 90' lang='lat' dir='ltr'>ut</span> <span class='ocrx_word' id='word_1_20' title='bbox 1096 537 1311 612; x_wconf 49' lang='lat' dir='ltr'>acciperentur,</span> <span class='ocrx_word' id='word_1_21' title='bbox 1398 531 1399 536; x_wconf 58' lang='lat'>&#39;</span> 
     </span>
     <span class='ocr_line' id='line_1_4' title="bbox 237 635 1312 718; baseline -0.003 -14"><span class='ocrx_word' id='word_1_22' title='bbox 237 645 409 704; x_wconf 82' lang='lat' dir='ltr'>Marcellum</span> <span class='ocrx_word' id='word_1_23' title='bbox 431 653 562 702; x_wconf 78' lang='lat' dir='ltr'>senatum</span> <span class='ocrx_word' id='word_1_24' title='bbox 586 644 622 700; x_wconf 88' lang='lat' dir='ltr'>de</span> <span class='ocrx_word' id='word_1_25' title='bbox 643 662 679 700; x_wconf 84' lang='lat' dir='ltr'>ee</span> <span class='ocrx_word' id='word_1_26' title='bbox 700 661 732 698; x_wconf 90' lang='lat' dir='ltr'>re</span> <span class='ocrx_word' id='word_1_27' title='bbox 754 635 961 718; x_wconf 86' lang='lat' dir='ltr'>consuluisse):</span> <span class='ocrx_word' id='word_1_28' title='bbox 994 639 1152 698; x_wconf 82' lang='lat' dir='ltr'>Senatus</span> <span class='ocrx_word' id='word_1_29' title='bbox 1174 645 1312 702; x_wconf 85' lang='lat' dir='ltr'>rescri-</span> 
     </span>
     <span class='ocr_line' id='line_1_5' title="bbox 237 745 1313 826; baseline -0.002 -18"><span class='ocrx_word' id='word_1_30' title='bbox 237 753 323 809; x_wconf 88' lang='lat' dir='ltr'>bere</span> <span class='ocrx_word' id='word_1_31' title='bbox 344 750 599 826; x_wconf 80' lang='lat' dir='ltr'>M.Ogulniunt</span> <span class='ocrx_word' id='word_1_32' title='bbox 622 745 1005 825; x_wconf 81' lang='lat' dir='ltr'>praetoretnMercello</span> <span class='ocrx_word' id='word_1_33' title='bbox 1026 745 1149 816; x_wconf 88' lang='lat' dir='ltr'>iussit,</span> <span class='ocrx_word' id='word_1_34' title='bbox 1177 749 1313 806; x_wconf 84' lang='lat' dir='ltr'>verius</span> 
     </span>
     <span class='ocr_line' id='line_1_6' title="bbox 237 851 1312 928; baseline -0.004 -14"><span class='ocrx_word' id='word_1_35' title='bbox 237 857 377 926; x_wconf 87' lang='lat' dir='ltr'>fuisse,</span> <span class='ocrx_word' id='word_1_36' title='bbox 413 855 604 925; x_wconf 88' lang='lat' dir='ltr'>consules,</span> <span class='ocrx_word' id='word_1_37' title='bbox 636 872 785 928; x_wconf 88' lang='lat' dir='ltr'>quorum</span> <span class='ocrx_word' id='word_1_38' title='bbox 808 851 1001 928; x_wconf 80' lang='lat' dir='ltr'>provincie</span> <span class='ocrx_word' id='word_1_39' title='bbox 1023 863 1120 909; x_wconf 90' lang='lat' dir='ltr'>esset</span> <span class='ocrx_word' id='word_1_40' title='bbox 1142 854 1312 928; x_wconf 77' lang='lat' dir='ltr'>(Liguria),</span> 
     </span>
     <span class='ocr_line' id='line_1_7' title="bbox 238 957 1310 1035; baseline 0 -18"><span class='ocrx_word' id='word_1_41' title='bbox 238 978 400 1034; x_wconf 78' lang='lat' dir='ltr'>quamne,</span> <span class='ocrx_word' id='word_1_42' title='bbox 416 960 533 1035; x_wconf 82' lang='lat' dir='ltr'>quide</span> <span class='ocrx_word' id='word_1_43' title='bbox 554 957 966 1034; x_wconf 84' lang='lat' dir='ltr'>rep.esset,deccrnere;</span> <span class='ocrx_word' id='word_1_44' title='bbox 981 967 1212 1033; x_wconf 88' lang='lat' dir='ltr'>tumquoque</span> <span class='ocrx_word' id='word_1_45' title='bbox 1232 979 1310 1017; x_wconf 92' lang='lat' dir='ltr'>non</span> 
     </span>
     <span class='ocr_line' id='line_1_8' title="bbox 237 1063 1312 1141; baseline 0.002 -21"><span class='ocrx_word' id='word_1_46' title='bbox 237 1064 402 1140; x_wconf 81' lang='lat' dir='ltr'>placere,</span> <span class='ocrx_word' id='word_1_47' title='bbox 424 1063 454 1122; x_wconf 87' lang='lat' dir='ltr'>si</span> <span class='ocrx_word' id='word_1_48' title='bbox 474 1082 539 1138; x_wconf 92' lang='lat' dir='ltr'>per</span> <span class='ocrx_word' id='word_1_49' title='bbox 554 1063 784 1126; x_wconf 59' lang='lat' dir='ltr'>,deditionem</span> <span class='ocrx_word' id='word_1_50' title='bbox 815 1063 968 1138; x_wconf 78' lang='lat' dir='ltr'><strong>Ligures</strong></span> <span class='ocrx_word' id='word_1_51' title='bbox 990 1063 1161 1138; x_wconf 79' lang='lat' dir='ltr'>recipiet,</span> <span class='ocrx_word' id='word_1_52' title='bbox 1183 1083 1312 1141; x_wconf 88' lang='lat' dir='ltr'>recep·</span> 
     </span>
     <span class='ocr_line' id='line_1_9' title="bbox 238 1149 1399 1245; baseline 0.002 -19"><span class='ocrx_word' id='word_1_53' title='bbox 238 1170 287 1227; x_wconf 87' lang='lat' dir='ltr'>tis</span> <span class='ocrx_word' id='word_1_54' title='bbox 311 1189 409 1228; x_wconf 76' lang='lat' dir='ltr'>orme</span> <span class='ocrx_word' id='word_1_55' title='bbox 431 1151 558 1238; x_wconf 79' lang='lat' dir='ltr'>adiuti,</span> <span class='ocrx_word' id='word_1_56' title='bbox 581 1178 689 1245; x_wconf 85' lang='lat' dir='ltr'>etque</span> <span class='ocrx_word' id='word_1_57' title='bbox 712 1189 773 1228; x_wconf 91' lang='lat' dir='ltr'>eos</span> <span class='ocrx_word' id='word_1_58' title='bbox 799 1169 842 1226; x_wconf 85' lang='lat' dir='ltr'>od</span> <span class='ocrx_word' id='word_1_59' title='bbox 864 1167 1054 1226; x_wconf 87' lang='lat' dir='ltr'>consulem</span> <span class='ocrx_word' id='word_1_60' title='bbox 1076 1169 1174 1224; x_wconf 85' lang='lat' dir='ltr'>mitti</span> <span class='ocrx_word' id='word_1_61' title='bbox 1196 1187 1309 1228; x_wconf 77' lang='lat' dir='ltr'>sena·</span> <span class='ocrx_word' id='word_1_62' title='bbox 1398 1149 1399 1158; x_wconf 25' lang='lat'>¹</span> 
     </span>
     <span class='ocr_line' id='line_1_10' title="bbox 240 1273 1312 1350; baseline 0 -18"><span class='ocrx_word' id='word_1_63' title='bbox 240 1285 311 1334; x_wconf 90' lang='lat' dir='ltr'>turn</span> <span class='ocrx_word' id='word_1_64' title='bbox 331 1273 473 1350; x_wconf 81' lang='lat' dir='ltr'>irquum</span> <span class='ocrx_word' id='word_1_65' title='bbox 497 1293 660 1332; x_wconf 89' lang='lat' dir='ltr'>censere.</span> <span class='ocrx_word' id='word_1_66' title='bbox 716 1275 765 1334; x_wconf 87' lang='lat' dir='ltr'>Sic</span> <span class='ocrx_word' id='word_1_67' title='bbox 795 1274 934 1334; x_wconf 78' lang='lat' dir='ltr'>Gelenius</span> <span class='ocrx_word' id='word_1_68' title='bbox 961 1273 990 1330; x_wconf 92' lang='lat' dir='ltr'>in</span> <span class='ocrx_word' id='word_1_69' title='bbox 1014 1273 1140 1348; x_wconf 81' lang='lat' dir='ltr'>antiquis</span> <span class='ocrx_word' id='word_1_70' title='bbox 1162 1274 1255 1344; x_wconf 82' lang='lat' dir='ltr'>libris,</span> <span class='ocrx_word' id='word_1_71' title='bbox 1281 1277 1312 1334; x_wconf 91' lang='lat' dir='ltr'>id</span> 
     </span>
     <span class='ocr_line' id='line_1_11' title="bbox 238 1379 1399 1455; baseline 0 -15"><span class='ocrx_word' id='word_1_72' title='bbox 238 1392 282 1440; x_wconf 91' lang='lat' dir='ltr'>est</span> <span class='ocrx_word' id='word_1_73' title='bbox 301 1381 343 1450; x_wconf 91' lang='lat' dir='ltr'>M,</span> <span class='ocrx_word' id='word_1_74' title='bbox 366 1379 456 1438; x_wconf 87' lang='lat' dir='ltr'>fuisse</span> <span class='ocrx_word' id='word_1_75' title='bbox 477 1387 599 1438; x_wconf 87' lang='lat' dir='ltr'>testetur</span> <span class='ocrx_word' id='word_1_76' title='bbox 620 1390 649 1438; x_wconf 87' lang='lat' dir='ltr'>et</span> <span class='ocrx_word' id='word_1_77' title='bbox 669 1381 712 1438; x_wconf 84' lang='lat' dir='ltr'>sic</span> <span class='ocrx_word' id='word_1_78' title='bbox 733 1381 827 1442; x_wconf 78' lang='lat' dir='ltr'>editur</span> <span class='ocrx_word' id='word_1_79' title='bbox 847 1381 914 1438; x_wconf 90' lang='lat' dir='ltr'>inde</span> <span class='ocrx_word' id='word_1_80' title='bbox 936 1401 954 1438; x_wconf 84' lang='lat' dir='ltr'>e</span> <span class='ocrx_word' id='word_1_81' title='bbox 976 1379 1152 1450; x_wconf 84' lang='lat' dir='ltr'>Gronovio,</span> <span class='ocrx_word' id='word_1_82' title='bbox 1186 1381 1236 1455; x_wconf 88' lang='lat' dir='ltr'>qui</span> <span class='ocrx_word' id='word_1_83' title='bbox 1263 1393 1315 1440; x_wconf 75' lang='lat' dir='ltr'>to·</span> <span class='ocrx_word' id='word_1_84' title='bbox 1398 1407 1399 1416; x_wconf 51' lang='lat'>¹</span> 
     </span>
     <span class='ocr_line' id='line_1_12' title="bbox 238 1459 1399 1564; baseline 0 -20"><span class='ocrx_word' id='word_1_85' title='bbox 238 1507 302 1546; x_wconf 87' lang='lat' dir='ltr'>rnen</span> <span class='ocrx_word' id='word_1_86' title='bbox 322 1505 376 1564; x_wconf 87' lang='lat' dir='ltr'>pro</span> <span class='ocrx_word' id='word_1_87' title='bbox 403 1485 564 1560; x_wconf 83' lang='lat' dir='ltr'>recipiet</span> <span class='ocrx_word' id='word_1_88' title='bbox 585 1486 672 1544; x_wconf 84' lang='lat' dir='ltr'>scribi</span> <span class='ocrx_word' id='word_1_89' title='bbox 707 1487 825 1544; x_wconf 83' lang='lat' dir='ltr'>volebat</span> <span class='ocrx_word' id='word_1_90' title='bbox 856 1487 1057 1562; x_wconf 88' lang='lat' dir='ltr'>reciperet;</span> <span class='ocrx_word' id='word_1_91' title='bbox 1091 1485 1244 1543; x_wconf 86' lang='lat' dir='ltr'>Belrkorus</span> <span class='ocrx_word' id='word_1_92' title='bbox 1283 1498 1315 1544; x_wconf 86' lang='lat' dir='ltr'>et</span> <span class='ocrx_word' id='word_1_93' title='bbox 1398 1459 1399 1472; x_wconf 26' lang='lat' dir='ltr'>l</span> 
     </span>
     <span class='ocr_line' id='line_1_13' title="bbox 237 1591 1399 1668; baseline 0.002 -19"><span class='ocrx_word' id='word_1_94' title='bbox 237 1592 492 1650; x_wconf 88' lang='lat' dir='ltr'>Weissenbornius</span> <span class='ocrx_word' id='word_1_95' title='bbox 513 1591 674 1666; x_wconf 82' lang='lat' dir='ltr'>recipiat</span> <span class='ocrx_word' id='word_1_96' title='bbox 696 1602 863 1667; x_wconf 85' lang='lat' dir='ltr'>posueruut.</span> <span class='ocrx_word' id='word_1_97' title='bbox 908 1591 967 1650; x_wconf 86' lang='lat' dir='ltr'>Sed</span> <span class='ocrx_word' id='word_1_98' title='bbox 989 1602 1051 1648; x_wconf 82' lang='lat' dir='ltr'>tote</span> <span class='ocrx_word' id='word_1_99' title='bbox 1075 1592 1216 1650; x_wconf 84' lang='lat' dir='ltr'>sententis</span> <span class='ocrx_word' id='word_1_100' title='bbox 1237 1611 1316 1668; x_wconf 90' lang='lat' dir='ltr'>per·</span> <span class='ocrx_word' id='word_1_101' title='bbox 1398 1619 1399 1656; x_wconf 69' lang='grc' dir='ltr'><em>ῑ</em></span> 
     </span>
     <span class='ocr_line' id='line_1_14' title="bbox 237 1697 1399 1780; baseline 0 -25"><span class='ocrx_word' id='word_1_102' title='bbox 237 1717 324 1755; x_wconf 80' lang='lat' dir='ltr'>versa</span> <span class='ocrx_word' id='word_1_103' title='bbox 345 1708 398 1756; x_wconf 90' lang='lat' dir='ltr'>est.</span> <span class='ocrx_word' id='word_1_104' title='bbox 442 1698 489 1754; x_wconf 89' lang='lat' dir='ltr'>De</span> <span class='ocrx_word' id='word_1_105' title='bbox 511 1714 626 1754; x_wconf 85' lang='lat' dir='ltr'>summe</span> <span class='ocrx_word' id='word_1_106' title='bbox 649 1697 724 1754; x_wconf 89' lang='lat' dir='ltr'>cuim</span> <span class='ocrx_word' id='word_1_107' title='bbox 744 1717 785 1766; x_wconf 87' lang='lat' dir='ltr'>re,</span> <span class='ocrx_word' id='word_1_108' title='bbox 798 1697 991 1773; x_wconf 90' lang='lat' dir='ltr'>recipiendine</span> <span class='ocrx_word' id='word_1_109' title='bbox 1001 1697 1058 1754; x_wconf 89' lang='lat' dir='ltr'>sint</span> <span class='ocrx_word' id='word_1_110' title='bbox 1075 1698 1195 1772; x_wconf 89' lang='lat' dir='ltr'>Ligures</span> <span class='ocrx_word' id='word_1_111' title='bbox 1205 1717 1317 1770; x_wconf 80' lang='lat' dir='ltr'>necne,</span> <span class='ocrx_word' id='word_1_112' title='bbox 1398 1723 1399 1780; x_wconf 64' lang='lat' dir='ltr'>j</span> 
     </span>
     <span class='ocr_line' id='line_1_15' title="bbox 240 1802 1319 1880; baseline 0 -20"><span class='ocrx_word' id='word_1_113' title='bbox 240 1803 314 1860; x_wconf 91' lang='lat' dir='ltr'>nihil</span> <span class='ocrx_word' id='word_1_114' title='bbox 336 1811 453 1860; x_wconf 78' lang='lat' dir='ltr'>senatus</span> <span class='ocrx_word' id='word_1_115' title='bbox 477 1802 641 1876; x_wconf 72' lang='lat' dir='ltr'>respondet,</span> <span class='ocrx_word' id='word_1_116' title='bbox 664 1803 732 1872; x_wconf 87' lang='lat' dir='ltr'>sed,</span> <span class='ocrx_word' id='word_1_117' title='bbox 770 1803 793 1860; x_wconf 85' lang='lat' dir='ltr'>si</span> <span class='ocrx_word' id='word_1_118' title='bbox 816 1803 1011 1878; x_wconf 75' lang='lat' dir='ltr'>recipientur,</span> <span class='ocrx_word' id='word_1_119' title='bbox 1033 1813 1114 1860; x_wconf 82' lang='lat' dir='ltr'>vetat</span> <span class='ocrx_word' id='word_1_120' title='bbox 1134 1803 1163 1859; x_wconf 91' lang='lat' dir='ltr'>in</span> <span class='ocrx_word' id='word_1_121' title='bbox 1183 1805 1319 1880; x_wconf 81' lang='lat' dir='ltr'>receptis</span> 
     </span>
     <span class='ocr_line' id='line_1_16' title="bbox 240 1907 1399 1982; baseline 0.003 -18"><span class='ocrx_word' id='word_1_122' title='bbox 240 1909 311 1978; x_wconf 89' lang='lat' dir='ltr'>lieri,</span> <span class='ocrx_word' id='word_1_123' title='bbox 334 1907 580 1982; x_wconf 84' lang='lat' dir='ltr'>quodllleroellus</span> <span class='ocrx_word' id='word_1_124' title='bbox 602 1927 633 1966; x_wconf 88' lang='lat' dir='ltr'>se</span> <span class='ocrx_word' id='word_1_125' title='bbox 655 1907 797 1964; x_wconf 79' lang='lat' dir='ltr'>facturum</span> <span class='ocrx_word' id='word_1_126' title='bbox 820 1927 878 1965; x_wconf 91' lang='lat' dir='ltr'>uon</span> <span class='ocrx_word' id='word_1_127' title='bbox 900 1908 1086 1982; x_wconf 81' lang='lat' dir='ltr'>significaret,</span> <span class='ocrx_word' id='word_1_128' title='bbox 1108 1918 1187 1964; x_wconf 78' lang='lat' dir='ltr'>vetet</span> <span class='ocrx_word' id='word_1_129' title='bbox 1209 1919 1317 1968; x_wconf 89' lang='lat' dir='ltr'>eutern</span> <span class='ocrx_word' id='word_1_130' title='bbox 1398 1927 1399 1940; x_wconf 63' lang='lat'>¹</span> 
     </span>
     <span class='ocr_line' id='line_1_17' title="bbox 240 2012 1316 2088; baseline 0.003 -18"><span class='ocrx_word' id='word_1_131' title='bbox 240 2022 343 2070; x_wconf 86' lang='lat' dir='ltr'>contre</span> <span class='ocrx_word' id='word_1_132' title='bbox 364 2022 543 2071; x_wconf 75' lang='lat' dir='ltr'>constantem</span> <span class='ocrx_word' id='word_1_133' title='bbox 566 2015 766 2071; x_wconf 82' lang='lat' dir='ltr'>Romanorum</span> <span class='ocrx_word' id='word_1_134' title='bbox 788 2013 818 2070; x_wconf 92' lang='lat' dir='ltr'>in</span> <span class='ocrx_word' id='word_1_135' title='bbox 840 2012 980 2070; x_wconf 87' lang='lat' dir='ltr'>dediticiis</span> <span class='ocrx_word' id='word_1_136' title='bbox 992 2013 1171 2088; x_wconf 63' lang='lat' dir='ltr'>recipiendis</span> <span class='ocrx_word' id='word_1_137' title='bbox 1184 2033 1316 2086; x_wconf 85' lang='lat' dir='ltr'>morem,</span> 
     </span>
     <span class='ocr_line' id='line_1_18' title="bbox 239 2117 1316 2196; baseline 0.002 -20"><span class='ocrx_word' id='word_1_138' title='bbox 239 2119 291 2194; x_wconf 92' lang='lat' dir='ltr'>qui</span> <span class='ocrx_word' id='word_1_139' title='bbox 313 2129 445 2196; x_wconf 79' lang='lat' dir='ltr'>apparet,</span> <span class='ocrx_word' id='word_1_140' title='bbox 467 2127 497 2175; x_wconf 90' lang='lat' dir='ltr'>ut</span> <span class='ocrx_word' id='word_1_141' title='bbox 518 2120 574 2176; x_wconf 91' lang='lat' dir='ltr'>hoc</span> <span class='ocrx_word' id='word_1_142' title='bbox 595 2127 670 2184; x_wconf 78' lang='lat' dir='ltr'>uter,</span> <span class='ocrx_word' id='word_1_143' title='bbox 707 2117 757 2175; x_wconf 91' lang='lat' dir='ltr'>lib.</span> <span class='ocrx_word' id='word_1_144' title='bbox 780 2119 947 2190; x_wconf 86' lang='lat' dir='ltr'>XXXIX,</span> <span class='ocrx_word' id='word_1_145' title='bbox 984 2121 1016 2189; x_wconf 77' lang='lat'>2,</span> <span class='ocrx_word' id='word_1_146' title='bbox 1059 2122 1124 2176; x_wconf 90' lang='lat' dir='ltr'>let</span> <span class='ocrx_word' id='word_1_147' title='bbox 1149 2123 1177 2180; x_wconf 83' lang='lat' dir='ltr'>l.</span> <span class='ocrx_word' id='word_1_148' title='bbox 1229 2121 1316 2178; x_wconf 90' lang='lat' dir='ltr'>Mire</span> 
     </span>
     <span class='ocr_line' id='line_1_19' title="bbox 240 2223 1399 2310; baseline 0.001 -29"><span class='ocrx_word' id='word_1_149' title='bbox 240 2224 326 2282; x_wconf 86' lang='lat' dir='ltr'>etism</span> <span class='ocrx_word' id='word_1_150' title='bbox 351 2243 414 2281; x_wconf 91' lang='lat' dir='ltr'>cum</span> <span class='ocrx_word' id='word_1_151' title='bbox 436 2225 493 2281; x_wconf 86' lang='lat' dir='ltr'>hac</span> <span class='ocrx_word' id='word_1_152' title='bbox 515 2225 648 2281; x_wconf 83' lang='lat' dir='ltr'>cautione</span> <span class='ocrx_word' id='word_1_153' title='bbox 671 2223 824 2298; x_wconf 84' lang='lat' dir='ltr'>copuletur</span> <span class='ocrx_word' id='word_1_154' title='bbox 838 2224 973 2299; x_wconf 82' lang='lat' dir='ltr'>(etque)</span> <span class='ocrx_word' id='word_1_155' title='bbox 998 2234 1169 2294; x_wconf 86' lang='lat' dir='ltr'>extremum,</span> <span class='ocrx_word' id='word_1_156' title='bbox 1190 2225 1315 2284; x_wconf 84' lang='lat' dir='ltr'>mitten·</span> <span class='ocrx_word' id='word_1_157' title='bbox 1398 2235 1399 2310; x_wconf 63' lang='lat' dir='ltr'>t</span> 
     </span>
    </p>
   </div>
   <div class='ocr_carea' id='block_1_3' title="bbox 209 2321 1399 3459">
    <p class='ocr_par' dir='ltr' id='par_1_3' title="bbox 209 2321 1399 3459">
     <span class='ocr_line' id='line_1_20' title="bbox 241 2321 1399 2404; baseline 0.003 -18"><span class='ocrx_word' id='word_1_158' title='bbox 241 2331 295 2388; x_wconf 88' lang='lat' dir='ltr'>dos</span> <span class='ocrx_word' id='word_1_159' title='bbox 318 2348 380 2388; x_wconf 87' lang='lat' dir='ltr'>esse</span> <span class='ocrx_word' id='word_1_160' title='bbox 402 2329 525 2404; x_wconf 85' lang='lat' dir='ltr'>Ligures</span> <span class='ocrx_word' id='word_1_161' title='bbox 554 2329 591 2386; x_wconf 87' lang='lat' dir='ltr'>ad</span> <span class='ocrx_word' id='word_1_162' title='bbox 614 2329 764 2397; x_wconf 89' lang='lat' dir='ltr'>consules,</span> <span class='ocrx_word' id='word_1_163' title='bbox 805 2347 878 2403; x_wconf 88' lang='lat' dir='ltr'>quos</span> <span class='ocrx_word' id='word_1_164' title='bbox 900 2329 994 2387; x_wconf 80' lang='lat' dir='ltr'>riture</span> <span class='ocrx_word' id='word_1_165' title='bbox 1015 2328 1185 2398; x_wconf 83' lang='lat' dir='ltr'>voluerant,</span> <span class='ocrx_word' id='word_1_166' title='bbox 1221 2334 1315 2404; x_wconf 82' lang='lat' dir='ltr'>quasi</span> <span class='ocrx_word' id='word_1_167' title='bbox 1398 2321 1399 2330; x_wconf 35' lang='lat'>¹</span> 
     </span>
     <span class='ocr_line' id='line_1_21' title="bbox 237 2433 1314 2510; baseline 0.002 -18"><span class='ocrx_word' id='word_1_168' title='bbox 237 2437 294 2492; x_wconf 93' lang='lat' dir='ltr'>hoc</span> <span class='ocrx_word' id='word_1_169' title='bbox 317 2454 354 2492; x_wconf 81' lang='lat' dir='ltr'>ex</span> <span class='ocrx_word' id='word_1_170' title='bbox 375 2433 477 2492; x_wconf 89' lang='lat' dir='ltr'>eodem</span> <span class='ocrx_word' id='word_1_171' title='bbox 498 2453 603 2510; x_wconf 87' lang='lat' dir='ltr'>genere</span> <span class='ocrx_word' id='word_1_172' title='bbox 625 2435 670 2490; x_wconf 90' lang='lat' dir='ltr'>sit.</span> <span class='ocrx_word' id='word_1_173' title='bbox 728 2435 787 2492; x_wconf 85' lang='lat' dir='ltr'>Res</span> <span class='ocrx_word' id='word_1_174' title='bbox 823 2444 852 2492; x_wconf 90' lang='lat' dir='ltr'>et</span> <span class='ocrx_word' id='word_1_175' title='bbox 883 2435 1025 2492; x_wconf 86' lang='lat' dir='ltr'>sententie</span> <span class='ocrx_word' id='word_1_176' title='bbox 1054 2443 1083 2492; x_wconf 88' lang='lat' dir='ltr'>et</span> <span class='ocrx_word' id='word_1_177' title='bbox 1104 2436 1198 2492; x_wconf 86' lang='lat' dir='ltr'>oratio</span> <span class='ocrx_word' id='word_1_178' title='bbox 1219 2447 1314 2494; x_wconf 75' lang='lat' dir='ltr'>rectus</span> 
     </span>
     <span class='ocr_line' id='line_1_22' title="bbox 209 2540 1315 2616; baseline -0.001 -18"><span class='ocrx_word' id='word_1_179' title='bbox 209 2605 213 2614; x_wconf 48' lang='grc'>,</span> <span class='ocrx_word' id='word_1_180' title='bbox 237 2549 338 2610; x_wconf 90' lang='lat' dir='ltr'>erunt,</span> <span class='ocrx_word' id='word_1_181' title='bbox 382 2541 515 2597; x_wconf 81' lang='lat' dir='ltr'>retractis</span> <span class='ocrx_word' id='word_1_182' title='bbox 539 2561 555 2597; x_wconf 90' lang='lat' dir='ltr'>e</span> <span class='ocrx_word' id='word_1_183' title='bbox 576 2540 648 2616; x_wconf 84' lang='lat' dir='ltr'>fuge</span> <span class='ocrx_word' id='word_1_184' title='bbox 672 2541 785 2598; x_wconf 82' lang='lat' dir='ltr'>duabus</span> <span class='ocrx_word' id='word_1_185' title='bbox 816 2541 933 2612; x_wconf 86' lang='lat' dir='ltr'>litteris,</span> <span class='ocrx_word' id='word_1_186' title='bbox 955 2541 1019 2598; x_wconf 83' lang='lat' dir='ltr'>aliis</span> <span class='ocrx_word' id='word_1_187' title='bbox 1050 2551 1127 2599; x_wconf 87' lang='lat' dir='ltr'>recte</span> <span class='ocrx_word' id='word_1_188' title='bbox 1159 2541 1315 2600; x_wconf 89' lang='lat' dir='ltr'>diiunctis:</span> 
     </span>
     <span class='ocr_line' id='line_1_23' title="bbox 236 2645 1313 2720; baseline 0.003 -17"><span class='ocrx_word' id='word_1_189' title='bbox 236 2656 308 2704; x_wconf 83' lang='lat' dir='ltr'>turn</span> <span class='ocrx_word' id='word_1_190' title='bbox 332 2665 476 2720; x_wconf 90' lang='lat' dir='ltr'>quoque</span> <span class='ocrx_word' id='word_1_191' title='bbox 509 2646 609 2720; x_wconf 86' lang='lat' dir='ltr'>(quoru</span> <span class='ocrx_word' id='word_1_192' title='bbox 639 2645 762 2720; x_wconf 82' lang='lat' dir='ltr'>Ligures</span> <span class='ocrx_word' id='word_1_193' title='bbox 795 2647 832 2704; x_wconf 90' lang='lat' dir='ltr'>ed</span> <span class='ocrx_word' id='word_1_194' title='bbox 865 2647 1034 2704; x_wconf 79' lang='lat' dir='ltr'>Marcellum</span> <span class='ocrx_word' id='word_1_195' title='bbox 1064 2645 1247 2720; x_wconf 84' lang='lat' dir='ltr'>confugerint</span> <span class='ocrx_word' id='word_1_196' title='bbox 1283 2659 1313 2706; x_wconf 89' lang='lat' dir='ltr'>et</span> 
     </span>
     <span class='ocr_line' id='line_1_24' title="bbox 238 2751 1312 2828; baseline 0.004 -20"><span class='ocrx_word' id='word_1_197' title='bbox 238 2769 284 2808; x_wconf 88' lang='lat' dir='ltr'>res</span> <span class='ocrx_word' id='word_1_198' title='bbox 316 2770 369 2826; x_wconf 89' lang='lat' dir='ltr'>per</span> <span class='ocrx_word' id='word_1_199' title='bbox 391 2751 561 2808; x_wconf 79' lang='lat' dir='ltr'>Marcellum</span> <span class='ocrx_word' id='word_1_200' title='bbox 594 2751 633 2807; x_wconf 86' lang='lat' dir='ltr'>sd</span> <span class='ocrx_word' id='word_1_201' title='bbox 665 2761 797 2809; x_wconf 85' lang='lat' dir='ltr'>seneturn</span> <span class='ocrx_word' id='word_1_202' title='bbox 827 2751 935 2809; x_wconf 86' lang='lat' dir='ltr'>reiects</span> <span class='ocrx_word' id='word_1_203' title='bbox 969 2752 1019 2818; x_wconf 89' lang='lat' dir='ltr'>sit)</span> <span class='ocrx_word' id='word_1_204' title='bbox 1052 2771 1121 2810; x_wconf 89' lang='lat' dir='ltr'>non</span> <span class='ocrx_word' id='word_1_205' title='bbox 1154 2753 1312 2828; x_wconf 88' lang='lat' dir='ltr'>plecere</span> 
     </span>
     <span class='ocr_line' id='line_1_25' title="bbox 237 2855 1311 2936; baseline -0.001 -17"><span class='ocrx_word' id='word_1_206' title='bbox 237 2857 316 2919; x_wconf 83' lang='lat' dir='ltr'>ulsl</span> <span class='ocrx_word' id='word_1_207' title='bbox 338 2875 403 2931; x_wconf 91' lang='lat' dir='ltr'>per</span> <span class='ocrx_word' id='word_1_208' title='bbox 426 2855 649 2912; x_wconf 84' lang='lat' dir='ltr'>deditionem</span> <span class='ocrx_word' id='word_1_209' title='bbox 673 2855 825 2931; x_wconf 85' lang='lat' dir='ltr'>Ligures</span> <span class='ocrx_word' id='word_1_210' title='bbox 848 2857 981 2936; x_wconf 69' lang='lat' dir='ltr'>recipit</span> <span class='ocrx_word' id='word_1_211' title='bbox 1012 2865 1047 2921; x_wconf 79' lang='lat' dir='ltr'>ct</span> <span class='ocrx_word' id='word_1_212' title='bbox 1067 2859 1227 2933; x_wconf 85' lang='lat' dir='ltr'>receptis</span> <span class='ocrx_word' id='word_1_213' title='bbox 1253 2879 1311 2918; x_wconf 78' lang='lat' dir='ltr'>er-</span> 
     </span>
     <span class='ocr_line' id='line_1_26' title="bbox 237 2960 1310 3035; baseline 0.004 -17"><span class='ocrx_word' id='word_1_214' title='bbox 237 2981 293 3018; x_wconf 84' lang='lat' dir='ltr'>ma</span> <span class='ocrx_word' id='word_1_215' title='bbox 325 2960 439 3018; x_wconf 84' lang='lat' dir='ltr'>sdimi</span> <span class='ocrx_word' id='word_1_216' title='bbox 472 2970 579 3035; x_wconf 82' lang='lat' dir='ltr'>etque</span> <span class='ocrx_word' id='word_1_217' title='bbox 619 2979 680 3017; x_wconf 90' lang='lat' dir='ltr'>eos</span> <span class='ocrx_word' id='word_1_218' title='bbox 714 2961 757 3017; x_wconf 84' lang='lat' dir='ltr'>ed</span> <span class='ocrx_word' id='word_1_219' title='bbox 790 2960 961 3018; x_wconf 89' lang='lat' dir='ltr'>consules</span> <span class='ocrx_word' id='word_1_220' title='bbox 995 2963 1105 3033; x_wconf 86' lang='lat' dir='ltr'>mitti,</span> <span class='ocrx_word' id='word_1_221' title='bbox 1140 2974 1310 3023; x_wconf 76' lang='lat' dir='ltr'>senatum</span> 
     </span>
     <span class='ocr_line' id='line_1_27' title="bbox 238 3065 1310 3144; baseline 0.004 -21"><span class='ocrx_word' id='word_1_222' title='bbox 238 3084 374 3140; x_wconf 73' lang='lat' dir='ltr'>equum</span> <span class='ocrx_word' id='word_1_223' title='bbox 398 3082 558 3124; x_wconf 88' lang='lat' dir='ltr'>censere.</span> <span class='ocrx_word' id='word_1_224' title='bbox 602 3066 668 3124; x_wconf 83' lang='lat' dir='ltr'>Nisi</span> <span class='ocrx_word' id='word_1_225' title='bbox 694 3065 773 3123; x_wconf 83' lang='lat' dir='ltr'>fecte</span> <span class='ocrx_word' id='word_1_226' title='bbox 800 3075 900 3142; x_wconf 84' lang='lat' dir='ltr'>aperte</span> <span class='ocrx_word' id='word_1_227' title='bbox 922 3077 951 3124; x_wconf 89' lang='lat' dir='ltr'>et</span> <span class='ocrx_word' id='word_1_228' title='bbox 973 3068 1034 3125; x_wconf 87' lang='lat' dir='ltr'>sine</span> <span class='ocrx_word' id='word_1_229' title='bbox 1060 3069 1232 3144; x_wconf 78' lang='lat' dir='ltr'>ambagibus</span> <span class='ocrx_word' id='word_1_230' title='bbox 1257 3071 1310 3127; x_wconf 87' lang='lat' dir='ltr'>de·</span> 
     </span>
     <span class='ocr_line' id='line_1_28' title="bbox 237 3169 1311 3249; baseline 0.003 -21"><span class='ocrx_word' id='word_1_231' title='bbox 237 3173 345 3228; x_wconf 90' lang='lat' dir='ltr'>ditione</span> <span class='ocrx_word' id='word_1_232' title='bbox 373 3169 462 3246; x_wconf 87' lang='lat' dir='ltr'>recipi</span> <span class='ocrx_word' id='word_1_233' title='bbox 494 3170 615 3246; x_wconf 88' lang='lat' dir='ltr'>Ligures</span> <span class='ocrx_word' id='word_1_234' title='bbox 649 3179 766 3226; x_wconf 81' lang='lat' dir='ltr'>senatus</span> <span class='ocrx_word' id='word_1_235' title='bbox 800 3180 893 3240; x_wconf 80' lang='lat' dir='ltr'>vetet3</span> <span class='ocrx_word' id='word_1_236' title='bbox 929 3173 1033 3230; x_wconf 90' lang='lat' dir='ltr'>deinde</span> <span class='ocrx_word' id='word_1_237' title='bbox 1063 3174 1195 3249; x_wconf 80' lang='lat' dir='ltr'>adiungit</span> <span class='ocrx_word' id='word_1_238' title='bbox 1230 3177 1311 3248; x_wconf 82' lang='lat' dir='ltr'>(et),</span> 
     </span>
     <span class='ocr_line' id='line_1_29' title="bbox 238 3275 1309 3354; baseline 0.002 -20"><span class='ocrx_word' id='word_1_239' title='bbox 238 3277 307 3352; x_wconf 89' lang='lat' dir='ltr'>quid</span> <span class='ocrx_word' id='word_1_240' title='bbox 339 3277 480 3334; x_wconf 78' lang='lat' dir='ltr'>Romanus</span> <span class='ocrx_word' id='word_1_241' title='bbox 504 3275 702 3332; x_wconf 89' lang='lat' dir='ltr'>consuetudini</span> <span class='ocrx_word' id='word_1_242' title='bbox 724 3276 926 3334; x_wconf 86' lang='lat' dir='ltr'>convenienter</span> <span class='ocrx_word' id='word_1_243' title='bbox 949 3278 979 3335; x_wconf 91' lang='lat' dir='ltr'>in</span> <span class='ocrx_word' id='word_1_244' title='bbox 994 3279 1117 3354; x_wconf 88' lang='lat' dir='ltr'>receptis</span> <span class='ocrx_word' id='word_1_245' title='bbox 1139 3277 1309 3336; x_wconf 81' lang='lat' dir='ltr'>faciendum</span> 
     </span>
     <span class='ocr_line' id='line_1_30' title="bbox 236 3380 1306 3459; baseline 0 -18"><span class='ocrx_word' id='word_1_246' title='bbox 236 3384 282 3442; x_wconf 84' lang='lat' dir='ltr'>sit</span> <span class='ocrx_word' id='word_1_247' title='bbox 324 3383 364 3440; x_wconf 86' lang='lat' dir='ltr'>Et</span> <span class='ocrx_word' id='word_1_248' title='bbox 382 3381 531 3457; x_wconf 82' lang='lat' dir='ltr'>perticulae</span> <span class='ocrx_word' id='word_1_249' title='bbox 553 3381 717 3438; x_wconf 79' lang='lat' dir='ltr'>nisisdeo</span> <span class='ocrx_word' id='word_1_250' title='bbox 739 3380 982 3439; x_wconf 71' lang='lat' dir='ltr'>manifestarunt</span> <span class='ocrx_word' id='word_1_251' title='bbox 1004 3384 1177 3459; x_wconf 83' lang='lat' dir='ltr'>vestigiain</span> <span class='ocrx_word' id='word_1_252' title='bbox 1200 3385 1306 3442; x_wconf 80' lang='lat' dir='ltr'>Lov.l</span> 
     </span>
    </p>
   </div>
   <div class='ocr_carea' id='block_1_4' title="bbox 241 3509 438 3521">
    <p class='ocr_par' dir='ltr' id='par_1_4' title="bbox 241 3509 438 3521">
     <span class='ocr_line' id='line_1_31' title="bbox 241 3509 438 3521; baseline -0.015 -2"><span class='ocrx_word' id='word_1_253' title='bbox 241 3509 438 3521; x_wconf 75' lang='lat'>.---.=-..-—</span> 
     </span>
    </p>
   </div>
   <div class='ocr_carea' id='block_1_5' title="bbox 307 3562 1309 4095">
    <p class='ocr_par' dir='ltr' id='par_1_5' title="bbox 307 3562 1309 4095">
     <span class='ocr_line' id='line_1_32' title="bbox 308 3562 1309 3629; baseline 0.001 -14"><span class='ocrx_word' id='word_1_254' title='bbox 308 3567 391 3624; x_wconf 79' lang='lat' dir='ltr'>dixit3</span> <span class='ocrx_word' id='word_1_255' title='bbox 410 3565 518 3614; x_wconf 80' lang='lat' dir='ltr'>alterum</span> <span class='ocrx_word' id='word_1_256' title='bbox 538 3562 611 3612; x_wconf 87' lang='lat' dir='ltr'>Livio</span> <span class='ocrx_word' id='word_1_257' title='bbox 631 3577 766 3612; x_wconf 86' lang='lat' dir='ltr'>commone</span> <span class='ocrx_word' id='word_1_258' title='bbox 789 3564 837 3612; x_wconf 86' lang='lat' dir='ltr'>en&#39;t</span> <span class='ocrx_word' id='word_1_259' title='bbox 855 3579 912 3613; x_wconf 88' lang='lat' dir='ltr'>eum</span> <span class='ocrx_word' id='word_1_260' title='bbox 932 3565 1054 3616; x_wconf 78' lang='lat' dir='ltr'>insscutae</span> <span class='ocrx_word' id='word_1_261' title='bbox 1073 3567 1156 3615; x_wconf 73' lang='lat' dir='ltr'>estatis</span> <span class='ocrx_word' id='word_1_262' title='bbox 1174 3566 1309 3629; x_wconf 84' lang='lat' dir='ltr'>scriptori-</span> 
     </span>
     <span class='ocr_line' id='line_1_33' title="bbox 307 3652 1307 3722; baseline -0.001 -15"><span class='ocrx_word' id='word_1_263' title='bbox 307 3659 357 3708; x_wconf 86' lang='lat' dir='ltr'>bus</span> <span class='ocrx_word' id='word_1_264' title='bbox 375 3655 559 3716; x_wconf 73' lang='lat' dir='ltr'>Quinctilium,</span> <span class='ocrx_word' id='word_1_265' title='bbox 582 3653 675 3704; x_wconf 81' lang='lat' dir='ltr'>&#39;l&#39;ecito</span> <span class='ocrx_word' id='word_1_266' title='bbox 696 3653 778 3715; x_wconf 67' lang='lat' dir='ltr'>[Anu.</span> <span class='ocrx_word' id='word_1_267' title='bbox 796 3652 832 3713; x_wconf 82' lang='lat' dir='ltr'>ll,</span> <span class='ocrx_word' id='word_1_268' title='bbox 851 3655 911 3719; x_wconf 80' lang='lat'>38),</span> <span class='ocrx_word' id='word_1_269' title='bbox 930 3655 1068 3716; x_wconf 84' lang='lat' dir='ltr'>Suetonio,</span> <span class='ocrx_word' id='word_1_270' title='bbox 1086 3668 1115 3706; x_wconf 84' lang='lat' dir='ltr'>ut</span> <span class='ocrx_word' id='word_1_271' title='bbox 1133 3658 1215 3706; x_wconf 75' lang='lat' dir='ltr'>multa</span> <span class='ocrx_word' id='word_1_272' title='bbox 1233 3660 1307 3722; x_wconf 69' lang='lat' dir='ltr'>opud</span> 
     </span>
     <span class='ocr_line' id='line_1_34' title="bbox 307 3744 1308 3814; baseline 0 -15"><span class='ocrx_word' id='word_1_273' title='bbox 307 3749 379 3799; x_wconf 86' lang='lat' dir='ltr'>illurn</span> <span class='ocrx_word' id='word_1_274' title='bbox 398 3748 508 3814; x_wconf 86' lang='lat' dir='ltr'>primurn</span> <span class='ocrx_word' id='word_1_275' title='bbox 528 3747 611 3810; x_wconf 82' lang='lat' dir='ltr'>posits</span> <span class='ocrx_word' id='word_1_276' title='bbox 628 3744 707 3794; x_wconf 84' lang='lat' dir='ltr'>semel</span> <span class='ocrx_word' id='word_1_277' title='bbox 723 3753 769 3793; x_wconf 82' lang='lat' dir='ltr'>eut</span> <span class='ocrx_word' id='word_1_278' title='bbox 786 3745 878 3794; x_wconf 85' lang='lat' dir='ltr'>iterum</span> <span class='ocrx_word' id='word_1_279' title='bbox 897 3748 1070 3811; x_wconf 86' lang='lat' dir='ltr'>reperiuntur,</span> <span class='ocrx_word' id='word_1_280' title='bbox 1090 3763 1147 3812; x_wconf 77' lang='lat' dir='ltr'>quse</span> <span class='ocrx_word' id='word_1_281' title='bbox 1168 3749 1237 3812; x_wconf 82' lang='lat' dir='ltr'>epod</span> <span class='ocrx_word' id='word_1_282' title='bbox 1256 3751 1308 3799; x_wconf 82' lang='lat' dir='ltr'>bos</span> 
     </span>
     <span class='ocr_line' id='line_1_35' title="bbox 308 3839 1306 3905; baseline -0.001 -14"><span class='ocrx_word' id='word_1_283' title='bbox 308 3841 410 3905; x_wconf 71' lang='lat' dir='ltr'>sepius.</span> <span class='ocrx_word' id='word_1_284' title='bbox 451 3840 494 3888; x_wconf 78' lang='lat' dir='ltr'>Ex</span> <span class='ocrx_word' id='word_1_285' title='bbox 508 3839 699 3901; x_wconf 71' lang='lat' dir='ltr'>sanguinem</span> <span class='ocrx_word' id='word_1_286' title='bbox 719 3851 818 3886; x_wconf 87' lang='lat' dir='ltr'>meum</span> <span class='ocrx_word' id='word_1_287' title='bbox 837 3844 920 3886; x_wconf 86' lang='lat' dir='ltr'>ortum</span> <span class='ocrx_word' id='word_1_288' title='bbox 937 3841 1100 3902; x_wconf 83' lang='lat' dir='ltr'>sunguine</span> <span class='ocrx_word' id='word_1_289' title='bbox 1119 3855 1230 3900; x_wconf 81' lang='lat' dir='ltr'>meum,</span> <span class='ocrx_word' id='word_1_290' title='bbox 1249 3847 1306 3890; x_wconf 82' lang='lat' dir='ltr'>turn</span> 
     </span>
     <span class='ocr_line' id='line_1_36' title="bbox 309 3927 1308 3992; baseline 0.002 -12"><span class='ocrx_word' id='word_1_291' title='bbox 309 3944 389 3982; x_wconf 82' lang='lat' dir='ltr'>meo.</span> <span class='ocrx_word' id='word_1_292' title='bbox 430 3927 548 3988; x_wconf 83' lang='lat' dir='ltr'>(Poterat</span> <span class='ocrx_word' id='word_1_293' title='bbox 574 3943 636 3978; x_wconf 80' lang='lat' dir='ltr'>eene</span> <span class='ocrx_word' id='word_1_294' title='bbox 660 3930 737 3978; x_wconf 83' lang='lat' dir='ltr'>etiem</span> <span class='ocrx_word' id='word_1_295' title='bbox 761 3931 972 3992; x_wconf 69' lang='lat' dir='ltr'>exstinguine</span> <span class='ocrx_word' id='word_1_296' title='bbox 1005 3947 1086 3992; x_wconf 84' lang='lat' dir='ltr'>meo,</span> <span class='ocrx_word' id='word_1_297' title='bbox 1109 3935 1308 3984; x_wconf 67' lang='lat' dir='ltr'>modernatum</span> 
     </span>
     <span class='ocr_line' id='line_1_37' title="bbox 310 4020 986 4095; baseline 0 -26"><span class='ocrx_word' id='word_1_298' title='bbox 310 4029 387 4080; x_wconf 76' lang='lat' dir='ltr'>erret,</span> <span class='ocrx_word' id='word_1_299' title='bbox 406 4020 465 4069; x_wconf 85' lang='lat' dir='ltr'>oriri</span> <span class='ocrx_word' id='word_1_300' title='bbox 485 4020 679 4095; x_wconf 79' lang='lat' dir='ltr'>sanguinem</span> <span class='ocrx_word' id='word_1_301' title='bbox 698 4034 776 4080; x_wconf 87' lang='lat' dir='ltr'>meo,</span> <span class='ocrx_word' id='word_1_302' title='bbox 793 4031 844 4069; x_wconf 90' lang='lat' dir='ltr'>tum</span> <span class='ocrx_word' id='word_1_303' title='bbox 865 4026 986 4084; x_wconf 89' lang='lat' dir='ltr'>meum.)</span> 
     </span>
    </p>
   </div>
   <div class='ocr_carea' id='block_1_6' title="bbox 0 0 1404 4646">
    <p class='ocr_par' dir='ltr' id='par_1_6' title="bbox 0 0 1404 4646">
     <span class='ocr_line' id='line_1_38' title="bbox 0 0 1404 4646; baseline 0 1"><span class='ocrx_word' id='word_1_304' title='bbox 0 0 1404 4646; x_wconf 95' lang='lat' dir='ltr'> </span> 
     </span>
    </p>
   </div>
  </div>
 </body>
</html>
