2800 4646
567 293 624 350 237
928 290 985 343 Lib.
1005 291 1090 340 XXII.

66 479 107 540 tut
137 493 225 549 quum
256 473 435 548 perditum
466 474 523 530 iem
556 473 660 548 aliquis
690 473 792 530 iterum
822 474 975 548 perdere
1010 475 1127 548 dicitur)

67 591 118 638 eut
139 589 218 638 recte
239 579 348 654 gredm
370 579 491 636 actionis
513 578 728 652 distinguunt-ur
758 583 803 646 (ut
829 597 916 652 quum
944 581 1048 656 uliquis
1067 582 1126 657 pri·

67 705 145 743 mum
169 685 366 761 prolapsus
394 685 497 742 deinde
528 701 647 758 prorsus
681 683 860 740 cecidisse
892 684 1024 762 dicitur);
1057 689 1125 762 quid

67 793 103 848 de
125 811 161 848 eo
184 792 288 860 dicam,
311 792 388 864 quod
411 789 581 849 Gronovius
603 789 723 846 datum
747 789 833 846 dere
861 789 924 846 vult
951 809 1014 848 esee
1035 811 1127 850 nuuc.

66 907 189 954 votum
219 905 350 972 posteo
380 894 485 953 darc?
526 904 576 951 aut
610 895 687 968 quod
717 895 970 953 Weissenboruiue
1005 898 1124 956 dotum

67 1001 227 1076 (donum)
256 1003 345 1059 dere
373 1010 526 1076 comperet
557 1018 621 1056 cum
651 1019 696 1069 eo,
729 1000 807 1074 quod
841 999 944 1056 dicitur
980 1001 1128 1060 fucinus

68 1104 214 1164 iecere?
235 1106 412 1164 eimileenim
429 1115 515 1173 cenet,
539 1104 563 1160 ci
586 1103 728 1160 diceretur
749 1103 885 1162 fectum
908 1105 1053 1164 sueinus
1077 1107 1126 1165 iu·

66 1229 157 1268 cere.
207 1210 265 1268 Sed
287 1231 345 1269 non
373 1211 466 1269 solum
495 1210 617 1267 datum
651 1227 773 1284 pravum
799 1218 856 1280 cet,
888 1211 939 1267 eod
961 1219 990 1268 et
1011 1212 1039 1269 in
1063 1213 1126 1269 vul·

64 1326 137 1390 geta
157 1316 247 1372 totius
267 1315 324 1372 loci
345 1315 537 1390 scripturiret
558 1315 648 1372 multo
670 1315 772 1390 mugio,
806 1316 937 1374 restituto
959 1327 1038 1374 recto
1061 1335 1126 1375 ecn-

66 1421 221 1478 tentierum
244 1421 354 1492 ordine,
375 1422 476 1479 deeesc
503 1420 612 1496 aliquid
635 1420 774 1477 admoniti
796 1421 918 1478 sentient
939 1423 1036 1496 periti3
1058 1443 1125 1481 nunt

64 1527 94 1583 in
126 1526 173 1582 hie
205 1537 355 1596 vot-orum,
388 1526 589 1596 iurisiurandi,
621 1525 819 1600 precationum
853 1525 998 1596 formulis,
1031 1529 1127 1603 posite

64 1631 197 1707 pluribus
219 1634 316 1689 verbis
338 1633 521 1702 condicione,
553 1631 644 1707 ipsius
666 1631 726 1688 voti
748 1649 903 1705 precumve
928 1632 1038 1690 initium
1061 1653 1125 1692 cum

65 1738 212 1812 gravitate
234 1737 361 1812 quodum
387 1747 416 1794 et
437 1738 620 1813 simplicitate
642 1745 760 1794 notetur
780 1737 923 1811 porticula
938 1747 1019 1806 tum,
1042 1749 1074 1796 ut
1096 1740 1125 1796 in

65 1845 121 1902 hoc
143 1844 209 1918 ipso
229 1843 303 1900 libro
327 1861 353 1900 c.
378 1845 427 1913 ⁵³,
454 1848 499 1914 10,
530 1843 584 1900 etei
605 1842 645 1898 ibi
668 1841 817 1916 prebrcvie
841 1850 886 1898 est
906 1843 1052 1914 condicio,
1076 1844 1126 1906 lib.

64 1949 90 2018 Ι,
113 1950 163 2017 24,
189 1949 208 2004 8
230 1958 259 2004 et
281 1949 318 2004 32
344 1953 371 2018 7,
393 1949 551 2017 xxxvl,
575 1949 603 2018 2,
636 1951 670 2018 4,
704 1946 753 2020 qtti
776 1946 856 2004 locus
878 1948 944 2004 huic
966 1949 1128 2008 simillimus

63 2065 117 2111 cet.
167 2053 216 2110 Ex
239 2052 290 2110 ille
314 2054 457 2128 particule
479 2065 579 2110 netum
611 2063 655 2110 cst
682 2051 880 2127 perticipium3
910 2055 1010 2112 Livius
1037 2057 1127 2132 scrip·

65 2167 159 2216 cerel:
185 2187 221 2200 -
246 2157 309 2233 qui
333 2157 384 2213 cis
406 2158 520 2232 Alpes
541 2167 641 2228 eunt,
671 2165 739 2219 tum
767 2155 895 2216 donum
919 2159 1011 2229 duit,
1034 2161 1127 2235 quod

64 2283 129 2320 ver
149 2257 238 2338 cet.¹)

149 2367 224 2444 Cep.
252 2369 296 2436 13,
319 2370 350 2424 6:
378 2386 443 2443 per
464 2367 670 2426 Allifanum
694 2368 975 2442 Caiatinumque
999 2380 1033 2426 et
1055 2369 1129 2428 Ce-

61 2473 188 2531 lcnum
211 2492 334 2549 ugrum
372 2473 543 2546 (Hanniball
577 2474 610 2531 in
646 2493 807 2549 campum
840 2472 1031 2532 Stellatem
1067 2476 1127 2530 dc-

80 2775 106 2842 ¹)
133 2776 200 2842 Cup.
223 2783 262 2830 12.
283 2785 297 2827 o
317 2777 360 2840 (et
379 2781 589 2844 prudentium
611 2784 761 2846 quidem,
780 2799 845 2834 nou
864 2785 926 2832 rim
947 2781 1129 2832 dictatorie

135 2872 301 2935 extemplo
321 2873 445 2932 timuit3
466 2876 692 2924 constentiam
712 2875 872 2926 hauddum
892 2882 1050 2939 expertus
1069 2909 1076 2923 .
1097 2914 1126 2924 ,,

134 2973 300 3027 temptorc
330 2965 467 3022 euimum
504 2969 626 3031 coepit)
660 2975 729 3015 certo
760 2977 798 3017 cst
822 2966 944 3018 Gronovii
977 2967 1126 3015 coniectum

133 3057 212 3106 novi
231 3071 278 3120 pro
297 3071 358 3105 uon
378 3058 445 3107 rim.
493 3055 559 3106 Nem
579 3059 626 3106 viu
645 3057 719 3107 Fabii
740 3059 823 3123 iucptc
842 3059 982 3124 excipitur,
1003 3059 1124 3123 quonium

133 3151 190 3200 ciue
219 3161 303 3210 noque
331 3147 385 3196 ullu
409 3155 465 3197 emt
488 3150 554 3211 upud
582 3150 755 3200 Hannibalem
781 3152 940 3214 exspectetio
965 3165 1048 3214 noque
1073 3151 1126 3200 ullu

132 3243 202 3307 opud
230 3242 329 3291 Livium
354 3243 379 3289 in
406 3240 579 3305 superioribus
608 3241 760 3304 significatio
790 3251 841 3302 σοι,
870 3256 952 3306 neque
978 3242 1028 3292 vie
1050 3243 1125 3291 Fabii

134 3347 193 3382 cum
222 3333 357 3397 prudentie
386 3333 458 3395 quusi
493 3333 571 3382 animi
601 3334 711 3397 qualiter
743 3335 830 3397 ulique
857 3335 1000 3398 compumrl
1027 3341 1125 3398 potuum

134 3439 267 3489 quumque
293 3433 318 3474 et
342 3439 373 3474 cx
400 3431 454 3474 totu
472 3427 600 3474 sententio
626 3434 651 3474 et
669 3440 702 3476 cx
720 3427 782 3489 ipris
801 3425 885 3475 verbis
904 3425 1124 3490 (prudentium

134 3518 353 3582 extemplo..
375 3551 408 3566 ..
432 3517 653 3566 constantium
673 3517 835 3568 hauddum
857 3513 1025 3581 expertus)
1044 3515 1124 3564 meni·

133 3609 229 3660 lectum
248 3610 290 3668 eit,
309 3623 365 3672 quse
384 3609 450 3658 intcr
462 3621 488 3658 re
509 3609 635 3658 contrariu
654 3607 803 3670 referentur,
823 3625 852 3658 ce
864 3609 1048 3660 contrariorum
1060 3608 1127 3656 relo-

133 3703 171 3750 tio
189 3700 288 3750 tollitur
313 3709 339 3748 ct
355 3701 517 3766 perturbetur
535 3700 586 3750 illic
612 3715 674 3750 non
693 3703 759 3750 vim.
804 3701 855 3752 Sed
884 3702 952 3765 quod
980 3699 1125 3750 Gronovius

131 3802 258 3857 preterca
283 3793 434 3842 ductoris
457 3792 532 3842 scribi
554 3793 622 3852 vult,
650 3795 719 3858 quod
743 3795 806 3844 nulli
826 3796 968 3860 eupcrioroe
988 3793 1126 3842 dictatorer

133 3885 202 3945 sint,
231 3885 382 3950 quibuscum
402 3885 497 3934 Fabius
525 3885 666 3950 comperiri
685 3885 779 3950 possit,
805 3899 855 3934 non
874 3893 936 3948 puto
955 3883 1123 3935 neceesarium

130 3993 197 4030 esec.
246 3977 358 4027 Norue
383 3977 451 4026 cuim
474 3977 585 4026 dictator
609 3977 645 4026 ric
663 3977 756 4026 dicitur
770 3991 851 4041 nuper
869 3986 976 4036 creetur,
1001 3985 1029 4026 ut
1047 3977 1125 4025 eimul

130 4069 216 4118 rubuit
233 4067 388 4130 significatio
407 4083 454 4132 pro
474 4069 531 4118 eliis
550 4068 742 4130 megictmtibtm
761 4068 898 4117 mbctituti.
