2826 4640
285 253 341 304 Lib.
360 253 433 304 xm.
788 253 847 310 494

284 437 438 496 ducendi
470 436 561 494 verbo
586 434 666 492 nulla
687 445 731 492 est
752 434 903 491 dubitatio.
952 432 1091 510 Sequitur
1113 435 1150 492 de
1171 434 1277 502 Gallis,
1300 436 1351 510 qui

286 546 420 602 Romana
446 549 545 598 eastra
572 541 768 615 sequebantur
798 540 825 612 (5
849 539 894 612 8):
924 537 1113 599 Catmelus
1134 559 1200 617 pro
1220 542 1352 617 regulo

285 659 365 706 erat
385 647 505 706 tribus
526 646 621 704 haud
643 646 802 721 emplius
823 643 987 702 millibus
1009 657 1241 704 armatorum.
1293 647 1350 704 Mi·

285 773 359 824 rum,
381 772 432 811 our
453 771 507 828 pro
529 769 598 827 rege
619 751 734 810 dicatur
754 751 858 818 fuisse,
880 769 938 808 nou
960 769 1027 818 rex;
1054 751 1214 809 inauditum
1241 753 1272 808 iu
1294 754 1351 809 hoe

285 859 399 918 dicendi
420 877 525 934 genere
550 857 758 915 deminutivum
787 857 960 916 vocabulum
982 859 1078 934 (esse
1099 875 1164 932 pro
1185 857 1349 932 regulo);

286 965 358 1023 urire
386 965 473 1022 etium
501 961 649 1021 Catmelus
679 972 757 1020 certo
788 981 908 1020 numero
935 982 989 1038 pro
1019 980 1088 1038 rege
1121 962 1211 1020 fuisse
1232 963 1346 1022 dieitur.

287 1071 387 1164 Liv'ps
421 1069 591 1144 scripserat:
629 1067 815 1126 Catmelus
852 1070 999 1146 reguli!
1030 1074 1189 1150 pruenti
1224 1069 1346 1125 tribus

286 1176 379 1234 haud
401 1174 558 1250 amplius
581 1195 618 1233 m.
643 1194 670 1233 a.
718 1173 754 1230 Id
776 1183 944 1248 corruptum
966 1183 1010 1231 est
1031 1173 1133 1231 eodem
1155 1175 1260 1244 modo,
1290 1193 1347 1248 quo

285 1283 462 1352 muas,
481 1282 515 1337 13
529 1279 749 1354 scribiturzqui
765 1279 872 1336 hodie
889 1296 968 1336 esse
985 1298 1054 1354 pro:
1076 1279 1346 1354 hodiequiesse

287 1389 356 1462 (vid.
379 1407 407 1463 p.
432 1385 514 1458 492).
572 1384 722 1442 Librarius
753 1384 845 1454 enim,
877 1402 965 1460 quum
994 1385 1134 1461 primum,
1165 1386 1274 1442 omisso
1296 1405 1347 1442 re·

285 1494 406 1570 gulos,
430 1493 539 1568 primas
550 1491 661 1548 litteras
674 1490 755 1546 verbi
776 1501 931 1565 praeerat
951 1490 1122 1566 scripsisset,
1144 1492 1347 1549 animadverso

287 1620 393 1670 errore,
427 1597 575 1674 regulus
610 1596 794 1670 interposuit;
826 1615 864 1653 ex
884 1597 954 1654 hoo:
986 1615 1057 1672 proe
1088 1598 1237 1672 regulus
1270 1611 1347 1655 eret

286 1707 395 1765 factum
422 1705 559 1778 (fortasse
582 1722 601 1759 a
622 1702 778 1778 Grynaeot:
811 1723 878 1779 pro
910 1703 1039 1778 regulo
1072 1715 1154 1762 erat.
1219 1705 1347 1772 (XLIV.

287 1817 337 1883 tt,
360 1817 377 1869 t
405 1810 541 1868 librarius
567 1810 630 1884 ipse
658 1827 712 1883 pro
734 1819 873 1868 tantum
893 1809 980 1900 'sine
1009 1809 1108 1885 sripsit
1128 1809 1207 1866 sine
1229 1821 1348 1868 tanto:

285 1917 539 1993 transpositionem
561 1923 660 1972 secuta
686 1915 808 1972 mutatio
830 1922 897 1984 est.)

371 2021 445 2098 Cup.
469 2023 502 2092 2,
533 2022 552 2077 8
581 2020 632 2086 (de
666 2019 737 2096 fuga
771 2022 971 2079 Romanorum
1003 2039 1019 2078 e
1050 2021 1153 2078 eastris
1177 2021 1207 2078 in
1235 2021 1348 2092 Istria):

287 2131 418 2203 ltaque
438 2128 569 2203 primo,
591 2124 692 2182 velut
713 2124 807 2182 iussi
832 2126 868 2183 id
896 2126 1035 2198 faeere,
1064 2127 1172 2203 pauoi
1199 2129 1347 2189 armati.

288 2235 404 2291 maior
430 2250 515 2308 pore
542 2232 715 2301 inermes,
747 2231 790 2288 od
821 2251 917 2290 maro
939 2234 1147 2292 decurrunt.
1202 2234 1276 2291 Heeo
1309 2234 1348 2290 sic

288 2340 430 2408 dicuntur,
460 2347 599 2411 tauquam
622 2336 748 2394 universi
770 2337 807 2394 ad
830 2357 911 2396 mare
932 2339 1123 2410 decurreriut;
1149 2359 1218 2398 nam
1241 2359 1349 2416 pauso·

288 2463 352 2501 rum
385 2442 492 2500 mentio
525 2441 726 2498 tantummodo
758 2443 795 2498 ad
828 2453 958 2504 armatos
984 2455 1013 2504 et
1040 2447 1077 2504 ad
1098 2447 1285 2522 partitionem
1307 2465 1350 2502 re·

288 2553 388 2611 fertur.
429 2549 523 2624 Atqui
543 2547 611 2604 huie
631 2547 779 2604 sententia
801 2556 830 2604 et
852 2549 967 2624 primo
989 2561 1133 2626 repugnat
1154 2561 1183 2609 et
1205 2552 1284 2626 quod
1306 2569 1351 2607 se-

290 2657 399 2732 quitur:
436 2654 519 2712 dein
540 2653 679 2729 piures,
714 2665 901 2728 postremo
928 2674 1042 2732 prope
1071 2677 1193 2716 omnes
1215 2658 1351 2733 etipse

288 2760 429 2823 consul.
477 2761 583 2835 Itaque
613 2760 726 2817 initium
758 2760 828 2816 illud
859 2759 936 2836 fuga
962 2781 1021 2820 non
1048 2783 1066 2820 a
1092 2739 1194 2840 paucis
1222 2765 1351 2834 armatis,

289 2867 339 2924 sed
362 2867 479 2924 omnino
504 2885 523 2922 a
543 2865 645 2942 paucis
667 2866 761 2940 iisque
783 2867 941 2925 maximam
971 2877 1084 2944 partem
1110 2869 1270 2928 inermrlrus
1291 2870 1350 2928 iao·

289 2981 349 3028 tum
372 2981 429 3042 est,
458 2990 581 3046 quornm
603 2972 706 3029 deinde
730 2973 894 3048 exemplum
916 2975 1013 3049 plures
1034 2976 1124 3033 secuti
1145 2985 1229 3046 sunt3
1259 2995 1350 3051 neque

289 3093 360 3132 saue
392 3075 448 3133 nisi
482 3078 568 3152 pauci
606 3077 742 3135 simulare
774 3088 909 3153 poterent
944 3099 976 3138 se
1014 3081 1052 3138 ad
1087 3101 1169 3140 mare
1200 3083 1350 3142 decurrere

289 3182 419 3240 iussos.
462 3183 653 3259 Perspicuum
676 3193 729 3253 est,
754 3183 869 3243 Livium
886 3187 1049 3263 scripsisse:
1070 3189 1204 3263 Itaque
1228 3189 1350 3264 primo,

289 3287 391 3344 volut
416 3288 507 3345 iussi
534 3289 569 3346 id
600 3289 736 3361 iacere,
774 3292 895 3366 pauci,
919 3293 1036 3351 maior
1063 3313 1148 3371 pars
1175 3295 1351 3363 inermes,

290 3393 334 3450 ad
356 3411 453 3451 mare
483 3394 699 3464 decurrunt,
731 3395 813 3452 dein
844 3398 987 3473 plures,
1019 3411 1207 3476 postremo
1239 3419 1351 3477 prope

290 3515 420 3558 omnes.
474 3499 598 3559 Addidit
629 3501 766 3558 armati
801 3502 863 3560 siva
894 3503 1029 3564 librarius
1061 3507 1123 3564 siro
1154 3505 1250 3585 (quod
1272 3527 1351 3586 paene

289 3607 404 3676 vereor)
427 3603 580 3680 Gryuaeus,
603 3625 691 3681 quum
714 3625 772 3665 non
795 3609 973 3680 attendisset,
1004 3612 1042 3668 ad
1062 3614 1170 3688 psuoi
1190 3614 1293 3672 referri
1314 3615 1351 3685 id,

290 3710 369 3784 quod
401 3711 540 3784 sequitur,
572 3711 711 3786 pluras,
744 3713 885 3772 maiorem
921 3727 1033 3792 partem
1070 3718 1192 3794 intelligi
1224 3721 1350 3796 ipsorum

290 3833 467 3891 paucorum,
498 3826 600 3891 atque,
627 3835 766 3892 paucos
797 3829 826 3876 et
851 3821 1021 3880 maiorem
1043 3835 1183 3899 partem
1207 3827 1351 3884 contraria

289 3928 380 3990 ratus,
403 3921 561 3979 desiderari
582 3931 723 3998 putasset,
745 3925 824 4000 quod
845 3927 1048 3986 inermibus
1070 3931 1247 3990 eontrarium
1270 3943 1350 3992 esset.
