2800 4646
317 282 374 332 Lib.
383 281 485 332 xxm.
786 285 846 342 266

284 484 389 524 nomen
418 465 572 533 excidisse3
601 466 653 522 sed
683 464 819 540 quonium
848 464 981 539 proxime
1002 484 1060 522 non
1082 467 1272 526 exereitus
1294 487 1351 525 neo

283 571 390 628 miles
415 570 580 628 nominatus
605 579 649 628 eet
659 571 710 626 sed
729 569 910 644 legiones,
931 569 1013 626 locus
1024 569 1067 626 ite
1078 581 1141 628 ernt
1152 572 1349 648 supplendus:

283 675 547 733 Terentianum
575 675 790 746 [exereitum
813 675 1025 745 Tarentum]
1052 671 1189 746 mitti.¹)

366 779 439 854 Cep.
463 782 512 850 34,
537 782 573 838 12
597 779 659 852 (ubi
681 781 720 836 Α.
743 778 894 837 Cornelius
915 779 946 836 in
967 789 1069 836 senetu
1091 781 1128 836 de
1148 789 1225 838 stetu
1248 801 1348 838 rerum
1390 761 1391 768 ἵ

283 885 312 942 in
338 884 474 943 Sardinia
487 885 633 960 exponit):
657 883 861 940 exereitum
882 883 933 940 ibi
955 892 992 940 ut
1013 885 1106 942 setis
1128 885 1271 942 firmum
1288 904 1348 962 pe-

284 999 371 1047 ostae
402 990 603 1064 provincius
639 988 829 1065 praeeidem
861 1005 954 1056 esse,
990 988 1041 1044 its
1076 1008 1202 1064 parum
1233 991 1348 1060 bello,

283 1094 377 1167 qnod
398 1102 528 1150 motum
556 1095 602 1151 iri
624 1094 820 1151 videretur.
877 1089 992 1149 Vitiose
1020 1093 1125 1150 dicitur
1158 1096 1348 1152 exercitus

285 1216 365 1255 esee
396 1217 522 1274 parurn
555 1198 672 1269 bello,
708 1197 800 1254 multo
822 1195 967 1253 vitiosius:
1001 1207 1056 1254 est
1082 1199 1133 1254 ibi
1153 1200 1348 1256 exereitus

282 1322 409 1378 parum
432 1303 542 1374 bello,
566 1303 645 1378 quis,
667 1312 807 1360 osteum
833 1302 972 1360 adverbio
984 1303 1146 1373 coniuncto,
1158 1305 1250 1378 magis
1273 1324 1341 1378 per·

283 1408 381 1483 spicue
402 1407 557 1482 requiritur
578 1408 766 1474 adieetivum3
803 1414 890 1479 auget
912 1406 1028 1477 vitium,
1065 1407 1153 1465 efficit
1181 1417 1277 1478 certe,
1313 1419 1348 1465 ut

283 1513 376 1588 magis
398 1513 530 1582 eminent,
551 1514 614 1569 ltaeo
635 1512 831 1587 comparatio:
853 1521 893 1568 ut
914 1513 1009 1569 setis
1030 1512 1228 1575 firmus
1257 1533 1346 1591 prae-

282 1637 353 1688 ses,
374 1618 427 1674 ite
447 1635 572 1692 purum
605 1617 711 1678 bello.
770 1619 921 1692 Apparet,
952 1618 1065 1674 Livium
1093 1619 1255 1694 scripsisse:
1290 1621 1348 1678 its

284 1727 453 1802 imparem
475 1720 586 1790 bello,
611 1721 706 1795 quod
728 1729 783 1782 cet.

366 1825 438 1902 Cep.
463 1829 512 1896 35,
538 1830 572 1883 19
596 1835 625 1883 et
647 1828 696 1895 37,
722 1829 769 1896 tt,
816 1825 921 1883 Priore
943 1827 1008 1884 loeo
1030 1827 1118 1902 vulgo
1138 1827 1180 1884 sie
1194 1827 1347 1884 scribitur:

283 1931 527 1988 Hominumeo
549 1931 710 1987 tumultu
731 1939 911 1986 nocturno
934 1949 1025 1989 coese
1048 1931 1129 2008 plus
1150 1933 1217 1990 duo
1240 1932 1348 1988 milis

283 2055 362 2094 eum
387 2037 467 2111 ipso
490 2037 578 2093 duee
596 2036 719 2093 Manio
740 2034 863 2105 Alfio,
885 2045 995 2110 eapte
1016 2045 1101 2093 sunt
1121 2039 1227 2112 signe
1246 2037 1346 2092 mili·

279 2116 381 2199 teriu
402 2141 583 2210 XXXIV;
618 2141 669 2197 sed
691 2139 721 2197 in
743 2141 770 2198 P
793 2141 1086 2216 cepteestsigne‚
1119 2161 1156 2199 ex
1187 2152 1347 2216 quoreete

283 2245 539 2303 Weissenbornius
561 2241 714 2322 (quonium
736 2253 793 2302 est
821 2264 858 2302 ex
878 2253 962 2302 suut
985 2247 1042 2303 orti
1064 2248 1093 2303 in
1115 2249 1142 2305 P
1163 2247 1271 2303 nullum
1294 2266 1348 2304 ex—

283 2349 411 2425 emplum
434 2367 498 2406 esse
522 2351 655 2420 memini,
690 2359 791 2409 eontra
813 2369 850 2408 ex
886 2350 1050 2409 stinctum
1080 2362 1125 2410 est
1145 2362 1229 2410 sunt
1248 2352 1349 2422 XXI,

284 2460 333 2525 55,
360 2456 389 2526 5)
411 2454 575 2528 suspicatus
605 2465 648 2512 est
671 2455 813 2512 excidisse
834 2455 981 2513 hominum
1005 2467 1156 2532 captorum
1184 2477 1348 2526 numerum,

275 2569 316 2617 ut
336 2561 397 2617 haee
425 2561 493 2616 olim
527 2559 614 2618 fuerit
641 2559 781 2616 orationis
801 2560 910 2618 forms:
934 2562 1135 2644 ¹Hominum
1254 2579 1350 2619 oaese

283 2665 364 2740 plus
397 2665 468 2721 duo
500 2665 602 2721 milis
629 2707 721 2734 ....,
759 2666 861 2740 eepti
898 2693 915 2728 ι
952 2677 989 2724 et
1025 2667 1133 2742 signs
1163 2667 1350 2724 militaria

283 2770 458 2827 XXXIV.
501 2769 573 2826 Huee
595 2769 671 2826 enim
695 2769 753 2827 triu
775 2771 875 2828 Livius
891 2773 1071 2846 ‘coniungere
1092 2773 1167 2830 solet
1187 2793 1240 2830 neo
1257 2772 1351 2830 facile

284 2875 431 2948 signorum
452 2883 603 2949 ceptorum
625 2875 800 2933 mentionem
820 2866 944 2948 faceres
960 2887 992 2934 ut
1013 2897 1071 2934 non
1101 2879 1188 2936 simul
1214 2877 1351 2935 homines

283 2989 385 3053 captos
408 2990 632 3050 commemoret,
666 2981 746 3038 euius
773 2981 816 3038 rei
842 2982 872 3038 in
901 2991 1032 3040 extreme
1058 2983 1143 3040 huius
1173 2983 1240 3042 libri
1259 2993 1351 3058 perte

284 3093 421 3159 quattuor
441 3086 576 3161 exemplu
596 3095 672 3156 sunt,
695 3085 802 3159 exigua
823 3087 963 3145 orationis
983 3089 1125 3147 verietate
1147 3096 1186 3155 (e.
1209 3093 1265 3158 44),
1293 3090 1352 3146 12:

283 3189 356 3246 tris
391 3188 494 3245 milia
528 3196 563 3244 et
590 3188 820 3264 septingenti
855 3193 955 3266 cepti
991 3202 1025 3250 et
1061 3194 1169 3270 signs
1204 3193 1352 3252 milite-

283 3294 339 3350 rie
369 3300 506 3367 septem
535 3301 569 3350 et
590 3292 741 3367 viginti,
764 3313 788 3354 o.
817 3299 871 3366 46,
894 3301 930 3366 4,
954 3315 979 3354 c.
1004 3299 1063 3367 49,
1088 3303 1124 3355 tu
1154 3309 1183 3356 et
1209 3301 1257 3356 13:
1287 3317 1353 3356 su-

283 3418 348 3476 pro
382 3399 450 3454 duo
478 3405 588 3472 eapte
620 3415 696 3454 eum
727 3399 846 3475 signis
875 3402 1013 3460 duobus
1041 3411 1078 3460 et
1108 3403 1354 3478 quadragin-

282 3509 348 3573 ts);
380 3501 432 3560 cfr.
467 3503 596 3571 XXIV,
631 3521 654 3562 e,
677 3506 731 3572 44,
768 3509 821 3576 tu,
852 3524 876 3564 e.
900 3509 958 3570 42,
993 3512 1008 3564 4
1043 3519 1072 3564 et
1105 3509 1133 3565 8.
1193 3509 1353 3568 Interdum

280 3607 464 3685 perticipium
496 3615 629 3682 eaptus
661 3607 843 3682 geminetur,
864 3619 896 3668 ut
918 3611 965 3680 Χ,
1005 3615 1051 3682 tt,
1085 3613 1139 3669 21:
1182 3614 1254 3670 trie
1278 3616 1353 3671 mi-

282 3715 333 3771 lin
356 3723 396 3778 et
428 3711 692 3788 quadringenti
729 3715 830 3785 ensi,
867 3717 967 3790 eapti
1000 3716 1207 3792 octingenti
1230 3714 1367 3775 ferme·

284 3878 481 3888 u*—

300 3956 322 4023 ¹)
354 3961 430 4024 Quod
448 3978 470 4012 o.
489 3967 556 4023 δὴ]
580 3966 751 4025 comederem,
769 3965 1161 4030 provolonesqneiiorent
1178 3967 1352 4018 scribendum

352 4067 419 4104 sese:
437 4055 585 4115 volones,
605 4057 659 4119 qui
678 4057 725 4106 ibi
745 4065 839 4106 erent
863 4057 943 4121 (epud
961 4055 1068 4119 Ingerel.
1088 4057 1154 4105 mele
1178 4071 1354 4120 expressum:

354 4146 402 4194 eui
420 4145 466 4194 ibi
484 4147 599 4210 erent),
619 4147 842 4198 Weissenborniur
862 4164 877 4198 ι
896 4164 923 4199 se
944 4163 1047 4213 qnoque
1066 4149 1193 4198 inventum
1212 4151 1311 4212 posuit.
