2800 4646
236 265 293 317 Lib.
308 263 366 315 XL.
736 266 795 322 460

235 449 455 527 expediendum.
489 449 603 524 Itaque,
624 448 678 506 etsi
701 448 791 506 mirus
813 467 894 508 emor
913 456 966 518 est,
987 457 1084 506 tamen
1104 465 1164 506 uon
1185 448 1287 508 dubito

236 555 374 614 scribere:
396 555 439 612 ab
461 564 533 614 tam
555 554 702 629 exiguis
722 555 839 612 rebus.

319 659 393 737 Cap.
425 663 460 729 9,
496 662 513 720 8
547 658 592 738 (in
614 660 716 718 Persei
745 659 891 730 oratioue,
924 679 983 735 qua
1002 659 1121 718 transm
1144 665 1296 726 accusati:

236 768 379 836 Frater,
399 785 469 824 uou
491 766 765 826 comissantium
786 765 821 822 iu
841 767 954 824 vicem
975 765 1043 824 iam
1062 765 1121 824 diu
1139 765 1295 824 vivimus

236 874 332 932 inter
368 890 442 934 nos.
488 873 636 932 Sententia
665 891 729 948 quae
750 889 813 930 esse
845 871 967 942 debeat,
1002 881 1133 948 apparet.
1194 873 1298 949 Negat

238 979 312 1038 enim
334 981 468 1050 Perseus,
493 979 535 1036 ita
555 980 612 1038 iam
635 979 684 1038 diu
705 997 737 1036 se
757 989 787 1036 et
807 978 986 1038 Demetsium
1008 979 1123 1048 vivere,
1157 987 1190 1036 ut
1216 979 1298 1036 orodi

236 1087 337 1162 possit„
359 1085 421 1144 sino
441 1085 499 1144 ullo
521 1086 689 1144 insidiarum
704 1084 823 1142 consssio
845 1083 962 1142 iuvenili
976 1085 1294 1144 lasciviaDemetsinm

237 1201 266 1250 et
300 1192 362 1250 eins
399 1191 518 1250 comites
552 1193 589 1250 od
621 1211 652 1250 se
683 1192 868 1250 comissatum
896 1189 962 1252 isse.
1026 1191 1084 1250 Sed
1115 1209 1210 1266 neque
1231 1192 1296 1250 hmo

236 1299 378 1358 sententia
398 1317 494 1374 neque
513 1298 571 1356 alie
591 1298 656 1355 loco
678 1307 748 1374 epta
769 1297 818 1372 qui
838 1296 931 1373 possit
951 1315 988 1354 sx
1008 1295 1105 1355 verbis
1135 1295 1222 1368 effici,
1245 1307 1299 1356 aut

236 1404 307 1478 quid
328 1404 365 1462 sit
386 1403 502 1462 omuino
528 1403 633 1462 Latino
655 1403 792 1479 loquendi
812 1421 866 1460 uso
887 1403 1160 1462 comissantium
1186 1405 1223 1460 in
1245 1405 1297 1462 vi·

236 1529 309 1569 cem
331 1511 472 1583 vivere,
493 1509 637 1586 intelligo,
671 1527 847 1584 quamquam
874 1527 960 1568 nomo
980 1511 1070 1568 verbo
1091 1509 1122 1566 id
1142 1507 1297 1566 declaran-

236 1617 305 1674 dum
337 1617 463 1693 putavit3
498 1617 572 1674 adeo
603 1615 736 1673 omnibus
767 1616 829 1672 hac
859 1614 956 1673 facilia
987 1615 1051 1672 visa
1075 1624 1141 1672 sunt
1162 1623 1297 1672 autnon

238 1723 421 1780 attenderunt
442 1731 492 1779 out
517 1721 605 1790 adeo,
627 1721 695 1795 quid
717 1729 793 1780 esset
813 1721 943 1792 obscuri,
964 1731 1063 1797 aperte
1082 1719 1169 1780 fateri
1192 1719 1297 1778 uolne-

237 1837 313 1886 runt.
359 1827 433 1886 Mihi
453 1827 733 1885 comissantium
756 1828 790 1884 in
811 1827 927 1885 vicem
948 1827 1072 1885 vivere
1094 1827 1209 1883 videtur
1229 1843 1296 1883 esse

235 1933 451 1991 comissantium
473 1933 538 1990 loco
561 1933 668 2002 vivere,
689 1953 789 1992 eorum
803 1933 919 1990 vivendi
940 1933 1185 2008 partibusetvice
1200 1931 1295 2008 fungi.

239 2038 296 2106 Sed
321 2039 463 2114 fingamus
495 2039 768 2096 comissantium
789 2039 823 2095 in
847 2038 963 2095 vicem
984 2038 1086 2096 eodem
1108 2039 1195 2096 modo
1226 2038 1296 2108 diei,

237 2161 296 2218 quo
319 2143 397 2219 apud
408 2143 577 2204 Ciceronem
599 2144 850 2222 Sardanapali
871 2145 986 2203 vicem
1007 2145 1042 2202 in
1063 2145 1201 2202 lectulo
1222 2163 1296 2201 mo-

238 2250 277 2322 ri,
310 2251 387 2327 apud
416 2251 583 2310 Sallustium
615 2270 786 2328 pecorum
818 2252 942 2330 vicem¹
963 2251 1192 2322 obtruncari,
1215 2251 1295 2326 apud

238 2357 311 2415 alios
333 2357 390 2415 alia
412 2357 463 2431 (-
483 2359 561 2436 apud
583 2358 697 2418 Livium
719 2358 788 2416 nihil
812 2357 977 2416 huiusmodi
997 2367 1042 2416 est
1063 2359 1135 2432 -)‚
1163 2358 1219 2416 hoc
1240 2369 1296 2426 est,

238 2473 408 2540 tauquam
432 2465 674 2523 comissantes
703 2463 800 2539 (qussi
821 2481 875 2540 pro
898 2483 952 2536 eo,
973 2463 1052 2539 quod
1073 2471 1132 2520 ost:
1153 2462 1295 2520 sollici-

237 2578 295 2627 tus
315 2571 428 2627 vicem
452 2571 621 2644 alicuius,
636 2571 729 2648 possit
740 2569 1106 2628 etiamdicitsollicitus
1127 2568 1162 2625 iu
1176 2568 1293 2626 vicem

238 2674 347 2746 alic),
379 2676 448 2751 quid
474 2679 530 2736 hoc
552 2689 609 2746 est,
645 2677 749 2734 fratres
770 2676 828 2733 iam
852 2676 900 2733 diu
922 2694 980 2733 uon
1001 2675 1100 2733 vivere
1121 2685 1294 2750 tauquam

237 2781 504 2842 comissantes?
557 2783 693 2843 Solentne
720 2782 809 2859 igitur
835 2791 887 2840 sut
907 2781 1012 2840 debent
1032 2781 1100 2839 boni
1122 2790 1150 2838 et
1171 2799 1295 2839 concor-

238 2884 289 2941 des
310 2884 414 2944 fratres
436 2889 650 2948 comissantium
675 2889 762 2946 modo
783 2889 890 2957 vivere,
911 2889 967 2946 hoo
988 2895 1040 2954 ost,
1051 2887 1164 2962 opinor,
1185 2888 1215 2945 iu
1227 2907 1294 2964 per·

236 2999 325 3066 petua
345 2991 465 3050 lascivia
488 3005 516 3051 et
533 2993 711 3070 petulantia?
753 2995 854 3072 Longe
875 2993 953 3052 aliud
977 3002 1028 3064 est,
1049 2993 1167 3054 iuvenes
1188 2995 1295 3052 comis·

239 3097 361 3154 sontium
384 3100 471 3157 modo
493 3099 601 3172 vivere,
617 3101 755 3171 aliud,ita
769 3101 884 3162 i'nterse
905 3101 996 3158 amice
1019 3099 1243 3176 simpliciterque
1265 3110 1294 3158 et

237 3203 298 3286 sine
319 3204 638 3280 suspicionevivers‚ut
661 3207 746 3264 etiam
769 3207 953 3264 comissatum
964 3205 1107 3264 interdum
1131 3215 1199 3264 eant
1220 3207 1295 3264 alter

237 3308 275 3365 ad
298 3309 428 3381 alterum,
449 3311 616 3386 vicibusque
639 3313 695 3370 hoc
715 3312 833 3384 faciant,
854 3313 910 3370 hoc
931 3321 983 3382 est,
1005 3311 1039 3369 iu
1060 3312 1183 3372 vicem.
1225 3313 1293 3370 Hoc

235 3415 311 3473 enim
336 3435 394 3474 una
415 3416 531 3473 notione
553 3419 849 3492 comprehendendum
872 3427 934 3488 est,
967 3417 1158 3475 comissari
1185 3417 1220 3476 in
1242 3418 1292 3474 vi-

236 3540 327 3591 csm;
351 3541 409 3597 quo
434 3523 598 3592 constituto,
622 3534 753 3599 apparet,
775 3525 916 3582 excidisse
937 3523 966 3581 id
987 3541 1101 3594 nomeu,
1123 3543 1141 3580 a
1162 3543 1221 3598 quo
1241 3542 1291 3600 ge-

237 3625 343 3684 nitivus
364 3627 510 3703 penderet.
565 3627 728 3706 Scripserat
755 3641 866 3702 autem,
887 3631 917 3688 ni
939 3629 1043 3699 iallor,
1064 3629 1178 3688 Livius:
1200 3629 1291 3688 Fra·

233 3743 300 3804 ter,
322 3752 392 3791 uon
414 3733 688 3792 comissantium
708 3736 743 3794 in
772 3736 887 3795 vicem
911 3737 1039 3799 sultis
1070 3735 1139 3794 iam
1163 3736 1224 3794 diu
1242 3737 1290 3793 vi·

235 3839 352 3898 vimus
373 3839 469 3898 inter
489 3837 640 3917 nos(uou
663 3861 697 3900 eo
719 3841 880 3900 animorum
901 3843 1011 3914 habitu,
1036 3861 1094 3917 quo
1116 3843 1166 3917 qui
1182 3842 1289 3900 comis-

234 3955 329 4002 satum
351 3945 381 4003 iu
402 3945 495 4005 vicem
517 3947 615 4023 eunt);
636 3946 690 4004 nisi
706 3947 770 4021 quis
791 3955 874 4022 putat
895 3949 1026 4006 animis
1048 3960 1115 4006 ante
1135 3947 1290 4006 vivimus
