2826 4640
735 299 795 356 186

231 479 304 550 toit;
333 481 445 538 addidit
470 483 604 557 quodam
637 483 724 541 Imm.
746 481 897 540 Bekkerm
919 479 1021 536 eadem
1042 478 1195 537 collatione
1216 498 1296 537 usus.

231 586 290 644 Sed
312 587 500 664 Kreyssigins
521 589 551 646 in
569 597 673 646 neutra
693 588 821 646 editione
841 587 923 662 ipsas
944 585 1053 642 codicis
1073 587 1231 661 scripturas
1251 585 1297 642 in-

231 693 357 763 dicavit,
380 693 530 752 Belskems
558 713 627 756 raro
654 705 683 751 et
704 693 901 768 inequaliter,
938 691 1008 766 quid
1037 691 1066 747 in
1090 691 1189 748 codice
1210 701 1298 759 esset,

232 799 384 856 adnotavit
411 819 464 858 nec
486 800 548 858 sina
569 800 726 860 erroribus.
781 799 861 856 Nam
895 796 1067 872 Kopitarius
1095 796 1297 871 pernegligen·

231 915 275 960 ter
293 923 354 961 rem
373 915 473 980 egerat
491 907 537 962 'et
558 905 650 963 multo
671 903 777 980 sepius
798 903 996 979 graviusque,
1025 921 1112 976 quam
1145 919 1201 976 par
1224 913 1297 969 erat,

231 1009 422 1066 aberraverat
451 1009 586 1086 falsaque
607 1011 778 1069 tradiderat.
828 1009 943 1066 Deinde
970 1017 1066 1066 autem
1099 1006 1298 1081 Kreyssigius,

230 1123 386 1189 postquam
405 1117 544 1174 nonnulla
571 1115 730 1174 minoribus
752 1115 857 1174 libellis
880 1123 1044 1190 sparserat,
1065 1113 1095 1169 in
1117 1112 1296 1170 Annotatio-

230 1218 316 1276 nibus
337 1220 376 1276 ad
402 1221 440 1278 T.
466 1221 542 1279 Livii
564 1222 653 1279 libros
675 1221 883 1280 XLI-XLV
906 1221 1026 1278 blisense
1048 1239 1075 1276 a
1103 1219 1180 1274 1819
1210 1217 1297 1273 editis

231 1323 267 1381 de
289 1323 423 1382 omnibus
444 1326 532 1400 locis,
564 1345 638 1402 quos
659 1335 835 1395 mutaverat,
863 1326 992 1384 indicata
1012 1324 1120 1382 codicis
1151 1321 1298 1397 scriptura

231 1429 375 1500 disseruit,
398 1432 613 1508 multorumque
632 1433 738 1503 etiam,
759 1450 834 1507 quos
857 1431 983 1488 intactos
1007 1429 1180 1504 reliquerat,
1201 1427 1296 1502 scrip-

230 1544 325 1592 turam
348 1537 462 1612 posuit,
489 1557 583 1614 neque
604 1547 718 1608 tamen,
740 1537 855 1594 etiamsi
876 1555 958 1593 error
981 1533 1075 1592 omnis
1096 1535 1134 1590 ab
1156 1533 1208 1602 iis,
1229 1551 1298 1607 quas

230 1640 337 1714 posuit,
359 1641 509 1716 abfuisset,
531 1645 591 1702 ullo
613 1642 701 1702 modo
724 1639 866 1699 satisfecit
889 1642 934 1712 iis,
956 1641 1007 1716 qui
1028 1640 1127 1698 omnia
1150 1639 1249 1695 rimari
1266 1649 1297 1695 et

230 1743 383 1818 exquirere
404 1749 520 1812 vellent.
567 1749 661 1808 Miror
681 1761 778 1804 autem
801 1747 1018 1822 Kreyssigium,
1041 1762 1129 1821 quum
1158 1743 1196 1800 de
1216 1743 1298 1800 haud

229 1849 331 1924 paucis
362 1850 434 1910 locis
465 1854 571 1911 erroris
592 1853 758 1930 suspicione
789 1863 856 1910 orta
876 1853 1082 1928 Kopitarium,
1111 1859 1143 1906 ut
1164 1849 1295 1906 codicem

229 1954 332 2012 iterum
354 1955 517 2032 inspiceret,
538 1968 672 2036 rogasset
693 1957 810 2032 aliaque
832 1958 873 2016 ibi
894 1957 1003 2032 scripta
1020 1975 1092 2025 esse,
1115 1953 1298 2029 atqueprius

229 2059 403 2134 Kopitarius
415 2063 585 2134 tradideret,
608 2065 646 2122 ab
667 2064 732 2139 ipso
754 2064 958 2140 comperisset,
980 2082 1038 2119 non
1062 2061 1152 2118 multo
1174 2061 1298 2136 gravium

230 2164 267 2222 de
288 2165 489 2241 Kopitarianoe
510 2169 673 2227 collationis
695 2169 752 2226 fide
778 2169 913 2226 dubitare
941 2168 1072 2244 coepisse
1080 2163 1114 2242 Ι).
1163 2171 1192 2224 Α
1215 2165 1299 2223 Bek-

229 2365 428 2374 ...ο-.-

248 2507 271 2576 ¹)
304 2513 363 2564 Uno
388 2523 447 2566 utar
471 2517 647 2582 exemplorum
679 2535 780 2583 genere.
829 2521 887 2570 Etsi
921 2519 987 2568 ultra
1014 2529 1174 2568 communem
1212 2515 1299 2577 negli-

299 2608 393 2668 gestie
421 2607 524 2657 modum
555 2609 673 2662 librarius
690 2629 766 2664 voces
793 2611 935 2663 omittendo
961 2611 1095 2676 peccavit,
1126 2620 1212 2656 tamen
1240 2624 1297 2658 nou

299 2699 335 2747 ita
352 2714 443 2763 pones,
462 2715 519 2765 qua
537 2703 686 2768 Kopitarius
713 2715 758 2755 ant
782 2706 809 2754 iu
828 2707 916 2754 codiee
935 2705 1019 2753 omitti
1038 2705 1133 2752 diserte
1154 2703 1300 2765 scripserat

298 2797 357 2848 snt,
376 2799 404 2839 ut
422 2795 518 2844 omissa
535 2804 702 2861 putarentur,
722 2799 841 2862 ambigue
860 2797 997 2847 scribendo
1017 2795 1148 2852 effecerat,
1168 2802 1260 2858 postea
1280 2809 1298 2842 a

299 2881 450 2946 Kreyssigio
468 2887 642 2952 interrogatus
660 2891 686 2939 in
705 2890 793 2940 codiee
814 2897 916 2940 exstare
935 2889 1065 2938 indicavit.
1102 2887 1154 2938 Sed
1173 2887 1209 2935 sie
1227 2901 1299 2949 quo·

297 2989 347 3038 que
366 2989 400 3024 ax
417 2977 462 3036 iis,
491 2980 904 3046 qualireyssigiusp.12not.
933 2987 984 3030 ts
1004 2983 1131 3044 Gryuaeo,
1165 2993 1245 3042 quum
1267 2981 1296 3026 in

297 3067 385 3116 codice
407 3068 538 3130 deessent,
564 3073 683 3138 suppleta
700 3075 779 3134 dicit,
803 3075 857 3124 bae
876 3072 1012 3120 eximenda
1030 3079 1076 3120 aut
1094 3072 1240 3120 accuratius
1264 3071 1299 3118 ti-

297 3158 391 3208 nienda
405 3170 476 3210 snut:
499 3163 557 3213 Lib.
576 3164 665 3224 XLII,
685 3171 734 3227 2³,
754 3171 767 3215 7
788 3181 840 3216 non
859 3165 986 3213 omittitur
1004 3164 1119 3223 linem,
1138 3165 1182 3213 sed
1202 3172 1299 3212 contra

295 3251 373 3314 paulo
392 3261 452 3302 aute
472 3255 645 3306 dedissent
669 3257 844 3320 (interquid
863 3256 1047 3320 etipsumJ3
1077 3270 1099 3303 c.
1119 3259 1167 3313 46,
1197 3257 1213 3300 3
1238 3269 1298 3302 uon

295 3345 429 3394 scribitur.-
447 3347 562 3398 suisses
581 3350 712 3400 Romam
727 3349 763 3412 si,
782 3349 841 3398 aeds
856 3347 1142 3397 missosRomanos
1160 3347 1233 3406 si3c.
1247 3351 1299 3404 ts,

297 3439 309 3484 7
332 3451 384 3485 nou
403 3437 478 3489 abest
495 3439 621 3502 Italics,
652 3441 697 3490 sed
722 3441 774 3489 alio
799 3441 889 3489 ordine
911 3440 1044 3489 scribitur:
1062 3446 1183 3504 praeter
1200 3453 1295 3487 oram

295 3541 510 3592 supervectus
532 3533 657 3594 Italia3
677 3547 698 3582 e.
717 3537 764 3592 66,
797 3537 813 3581 3
842 3533 868 3580 in
889 3532 978 3581 codice
1005 3532 1080 3580 adest
1098 3531 1298 3595 eapientem

294 3633 378 3682 neque
395 3621 439 3672 lib.
459 3624 557 3686 XLlll,
578 3633 604 3686 1,
624 3630 639 3674 6
658 3625 693 3674 ibi
713 3625 839 3673 omittitur
860 3623 1064 3673 lacerabant
1082 3637 1129 3672 uec
1149 3627 1203 3680 6,4
1223 3624 1295 3672 bel-

293 3711 357 3761 lum
378 3714 433 3775 (sed
444 3717 575 3766 scribitur:
594 3719 630 3766 ad
650 3715 945 3779 aliudidbellum)
965 3730 1012 3764 nee
1031 3714 1129 3772 XLIV,
1146 3719 1296 3776 l‚loreg·

293 3815 369 3851 num
391 3817 438 3854 uec
457 3810 500 3862 22,
520 3809 534 3853 6
554 3815 671 3858 auctor
688 3824 737 3858 nec
756 3811 798 3868 at,
821 3813 851 3858 10
870 3809 1096 3858 subsisterent
1121 3821 1167 3856 nee
1186 3811 1236 3865 36,
1257 3813 1293 3856 23

294 3901 339 3941 aut
357 3907 441 3944 mass
459 3903 505 3944 aut
523 3897 711 3958 transitum,
729 3900 946 3963 (Forohhammer
958 3901 1066 3949 adnotat
1083 3900 1109 3948 in
1124 3899 1208 3948 medis
1226 3913 1293 3948 soce

294 3997 379 4033 nisse
396 3999 497 4035 versum
517 3989 667 4052 terminari.)
686 4004 734 4040 nee
748 3996 814 4052 aas
835 4007 930 4054 quam
950 4001 983 4041 ut
1002 3993 1057 4056 (aed
1065 3993 1194 4042 scribitur:
1214 4006 1291 4054 qua·

294 4089 362 4122 rum
381 4075 436 4138 ut).
454 4075 545 4138 XLV,
580 4085 625 4140 10,
661 4086 691 4130 10
722 4097 773 4130 non
793 4083 942 4148 simpliciter
961 4084 1214 4133 omittituroratio
1233 4083 1294 4142 sed,
