2810 4644
278 273 446 326 Linxffl.
776 276 834 333 374

277 459 441 518 necessario
462 477 521 517 non
542 466 745 528 natusest,
766 457 818 515 sed
837 459 988 515 rebatur
1007 456 1158 514 dicendum
1181 467 1262 526 eret,
1284 469 1337 514 eut

278 564 392 624 Livium
415 564 456 622 sic
479 563 637 638 scripsisse,
660 564 744 638 quasi
765 563 945 622 subiecturus
974 571 1065 621 esset:
1095 564 1249 622 Romans
1271 581 1334 620 vo-

277 670 346 741 nit,
383 671 461 745 quod
482 669 610 728 omniurn
631 669 748 726 minime
770 669 840 745 fingi
866 669 1010 744 oportuit,
1032 667 1169 743 quonium
1190 677 1253 726 tote
1273 670 1337 726 hunc

278 777 413 853 periodus
439 775 590 851 diligenter
626 776 664 833 ed
685 775 763 833 Livii
799 773 1034 832 consuetudinem
1070 773 1252 832 conformetis
1280 787 1335 844 est,

277 891 345 958 post
365 881 449 958 piune
469 881 619 959 praemissn
640 901 690 950 eo,
728 881 806 955 quod
839 869 892 955 pro
920 879 1060 956 primorie
1091 879 1233 938 sententis
1264 881 1335 955 poni

279 995 402 1064 poterat,
423 1007 476 1064 per
496 986 668 1064 porticulum
690 1005 795 1062 quum
816 987 845 1044 in
867 986 997 1063 protusin
1022 984 1335 1060 communioneque

278 1093 406 1152 breviter
426 1093 564 1152 admonui
589 1093 644 1153 Gr.
665 1094 731 1151 Lot
754 1097 769 1163 5
792 1097 852 1152 476
875 1111 898 1154 c.
920 1098 1005 1160 not),
1027 1107 1062 1148 nc
1083 1109 1120 1146 ne
1140 1089 1334 1165 minimoqui-

278 1200 344 1258 dem
366 1210 417 1258 out
438 1219 457 1257 n
477 1209 582 1276 coepte
603 1207 749 1256 structure
777 1197 931 1256 oberrandi
952 1214 1041 1256 cause
1062 1205 1114 1252 sut
1143 1196 1335 1254 sberrstionis

279 1303 416 1362 indicium
438 1315 569 1381 apparot
617 1306 681 1364 Neo
703 1312 801 1362 tomen
822 1321 981 1380 pronomen
1007 1302 1186 1360 mutandum*
1200 1311 1258 1373 est,
1282 1303 1334 1360 sed

278 1409 452 1480 tollendum,
485 1411 614 1468 additum
635 1411 750 1467 incaute
782 1410 820 1466 nb
845 1409 958 1484 aliquo,
999 1408 1048 1482 qui
1069 1407 1226 1464 subiectum
1251 1409 1334 1466 verbi

278 1515 473 1592 impetrari
494 1515 589 1572 notari
610 1515 711 1575 voluit.

362 1619 435 1697 Cep.
458 1623 506 1692 tu,
530 1622 547 1678 8
576 1620 618 1695 (in
640 1619 772 1678 oratione
793 1629 978 1688 senatorum,
1008 1619 1057 1693 qui
1087 1620 1121 1680 L.
1144 1619 1234 1677 Furio
1260 1639 1335 1695 prse-

278 1727 335 1784 tori
356 1727 394 1784 nd
416 1725 651 1800 triumphandum
673 1725 879 1801 impedimento
900 1725 1334 1800 negabnutessedebmmquod

277 1851 335 1888 non
358 1840 525 1909 exspectato
547 1830 664 1888 consule
687 1849 752 1888 cum
774 1829 870 1889 Geliis
890 1831 1072 1905 pugnasset):
1094 1831 1182 1888 Nem
1204 1831 1233 1887 si
1257 1831 1334 1888 sine

278 1937 430 1996 consule
450 1935 527 2012 geri
549 1935 642 1994 nihil
664 1937 1133 2011 oportueritnutsenetum
1150 1953 1334 2012 peccasse,

279 2043 338 2118 qui
355 2042 556 2102 exercitum
577 2041 725 2117 pretori
747 2042 903 2112 dederit,
926 2041 977 2116 (-
1000 2041 1169 2117 potuisse
1192 2042 1334 2108 enimsi

278 2145 631 2225 nonpraetoris‚[ante
654 2148 788 2204 W.ernt:
803 2147 833 2206 si
854 2167 925 2205 non
947 2166 1022 2206 cum
1044 2146 1248 2225 praetoris‚]
1270 2149 1334 2205 sed

278 2254 440 2313 consulis
461 2254 625 2312 exercitu
647 2271 718 2312 rem
740 2253 819 2330 geri
839 2252 1008 2324 voluerit,
1030 2254 1082 2311 ite
1103 2251 1334 2310 finiresene·

277 2359 575 2430 iureconsultum,
603 2378 644 2417 ne
663 2379 727 2435 per
747 2369 959 2435 pretorem,
981 2359 1043 2416 scd
1064 2377 1128 2434 per
1149 2359 1331 2416 consulem

277 2463 531 2542 gereretur-i
554 2475 616 2522 aut
637 2465 829 2536 consulem,
852 2463 979 2539 quicet.
1018 2467 1147 2524 Prevnm
1169 2475 1198 2522 ot
1217 2465 1272 2522 toti
1293 2465 1335 2522 rei

278 2573 452 2630 contrarium
473 2589 536 2628 esse
561 2570 640 2630 illem
663 2571 875 2628 condicionem:
906 2570 936 2626 si
966 2588 1038 2626 non
1066 2572 1236 2646 praetoris
1269 2583 1333 2637 cet,

279 2677 432 2737 Creverius
453 2675 605 2746 intellexit;
629 2695 697 2736 nom
729 2677 759 2733 id
788 2676 883 2752 ipsum
904 2693 963 2732 non
985 2675 1117 2734 volueret
1139 2677 1225 2734 modo
1249 2695 1333 2732 seun-

280 2797 340 2852 tus‚
363 2781 413 2840 sed
435 2780 544 2838 fectum
566 2791 646 2853 eret,
669 2793 780 2840 utnon
802 2781 952 2857 praetoris,
985 2782 1036 2838 sed
1057 2783 1183 2840 consulis
1205 2782 1334 2839 exercitu

276 2905 323 2944 res
345 2897 506 2962 gereretur,
534 2905 621 2961 quum
652 2888 700 2945 hic
729 2907 766 2944 ex
788 2887 906 2946 Etruria
926 2887 1091 2944 Ariminum
1122 2889 1160 2944 nd
1181 2897 1333 2964 praetorem

278 2991 382 3049 missus
403 2999 496 3062 esset,
518 2991 649 3067 praetoris
681 2993 772 3069 copiae
800 2992 936 3051 Arimino
962 2993 991 3049 in
1012 2993 1159 3052 Etruriam
1188 3003 1333 3056 retractes:

345 3327 462 3376 dicautur
478 3327 757 3392 praesentioribus
775 3329 891 3378 enimin
916 3337 947 3378 et
966 3329 1268 3392 castigationibus
1288 3346 1335 3379 re-

344 3421 402 3485 gis.
440 3419 585 3470 sustulerat
602 3420 724 3468 mendum
740 3433 773 3468 ox
784 3419 913 3470 uberrimo
930 3422 1176 3473 accommodationis
1195 3423 1227 3472 ed
1245 3426 1335 3488 proxi-

344 3529 387 3562 mn
404 3512 475 3562 fonte
494 3519 578 3560 ortum
598 3511 764 3562 Gronovius
801 3511 994 3562 Tuebantur
1084 3515 1195 3564 urbem
1223 3531 1334 3565 orcos-

344 3619 403 3669 que
421 3641 427 3654 .
447 3639 454 3654 .
478 3604 578 3654 etiem
596 3605 869 3668 presentioribus
893 3607 1031 3666 animis,
1047 3615 1077 3658 et
1095 3607 1336 3669 castigationis

344 3697 433 3760 rogis
451 3697 482 3744 in
499 3696 640 3746 admisse
657 3696 755 3760 culpe
773 3705 804 3744 et
821 3697 918 3748 simul
935 3699 1108 3756 minorum.
1135 3699 1232 3748 simul
1256 3714 1334 3763 pro·

343 3789 526 3840 missionum
545 3788 737 3839 infuturum
758 3803 921 3840 memores.
958 3791 1141 3841 Prusentiores
1166 3791 1265 3840 suimus
1293 3791 1336 3840 in·

346 3880 430 3930 oicbnt
437 3879 611 3942 castigationis
620 3881 761 3944 prseteritos,
771 3881 948 3948 minorumque
960 3891 986 3932 et
994 3883 1188 3948 promissionum
1200 3884 1336 3932 memoris.

344 3971 394 4022 Sed
412 3971 466 4020 inec
485 3971 547 4020 mihi
568 3973 745 4037 exemplorum
764 3973 822 4023 loco
841 3973 902 4034 sint,
918 3975 944 4022 in
963 3973 1123 4039 hucquoque
1135 3975 1230 4025 decade
1249 3975 1336 4024 omitti

343 4076 360 4110 ιι
378 4077 418 4112 mo
436 4062 526 4124 alione,
545 4062 593 4113 uisi
611 4064 656 4113 ubi
674 4063 812 4128 singularis
831 4079 909 4116 censs
925 4068 1072 4124 secesserit.
