2800 4646
585 271 639 328 431
933 269 989 319 Lib.
1004 269 1145 320 xxxvu.

76 469 173 526 quum
208 450 339 508 codicum
377 453 550 512 auctoritate
583 453 648 512 sola
679 452 741 508 hac
773 453 958 510 confirmetur
989 454 1145 530 scriptura:

76 575 189 631 quum
316 567 477 627 ruerent,
524 559 666 616 incursu
701 557 907 616 belluarum
940 559 1144 617 obtereren-

77 671 152 732 tur,
176 661 335 720 rectissime
357 661 497 722 Gelenius
518 665 547 723 in
573 665 618 724 ed.
631 665 721 722 Frob.
743 663 776 720 11
797 671 831 720 ct
854 662 964 722 addidit
986 663 1146 740 (ruerant

78 775 116 824 et
138 767 316 837 incursu),
338 768 417 841 quod
438 777 538 844 posti
561 771 676 829 excidit.
685 765 716 842 ¹)

166 871 239 948 Cep.
261 877 310 942 45,
336 877 351 930 7
377 873 420 942 (iu
434 873 572 931 Zeuxidis
595 873 685 948 legati
706 872 779 948 regii
801 871 957 942 oratione):
979 874 1057 932 Nou
1075 882 1144 932 tam

78 977 170 1053 quid
191 978 265 1052 ipsi
287 978 466 1047 dicamus,
488 979 681 1049 babemus,
703 997 808 1052 quam
831 987 866 1034 ut
890 997 908 1036 a
929 979 1035 1036 vobis
1057 997 1144 1054 qua·

79 1101 217 1154 ramus,
238 1083 403 1152 Romani,
425 1101 496 1158 quo
521 1084 670 1160 piaculo
693 1084 844 1160 expiare
866 1103 1025 1142 errorem
1048 1085 1145 1160 regis

173 1189 367 1265 possimus.
420 1189 551 1247 Verbum
581 1189 773 1260 hebemus,
805 1190 882 1266 quod
915 1191 944 1248 iu
976 1189 1145 1264 vulgaribus

80 1295 230 1352 codicibus
261 1294 361 1368 (etiam
383 1294 423 1368 Β)
445 1293 602 1364 omittitur,
635 1293 764 1352 additum
794 1305 896 1352 estex
920 1294 953 1352 M
975 1293 1145 1368 (adnotante

81 1397 248 1458 Carbachio
269 1399 331 1456 bac
352 1398 430 1456 sola:
460 1401 544 1474 quid
565 1398 638 1474 ipsi
659 1398 821 1456 dicamus
841 1399 1043 1472 habemus);
1076 1397 1144 1472 quid

79 1513 246 1578 superesset
266 1503 295 1560 in
321 1504 452 1562 oratioue
475 1506 571 1563 scabri
593 1514 622 1562 et
642 1504 743 1580 pravi,
777 1503 1034 1562 Drakenborchius
1056 1501 1146 1560 sensit

80 1611 286 1680 (habemus,
315 1620 353 1666 ut
374 1617 609 1685 quaeremus);
640 1620 720 1668 recta
741 1609 840 1666 omnia
862 1619 954 1679 eruut,
977 1609 1001 1667 si
1022 1607 1144 1682 scripse-

79 1712 185 1770 rimus:
208 1731 312 1787 quem
337 1734 356 1772 a
376 1715 483 1774 vobis
507 1715 713 1791 quaerimus3
742 1713 830 1788 idque
851 1713 976 1772 fortasse
998 1713 1093 1788 ipsum
1114 1711 1144 1768 iu

80 1817 114 1874 M
136 1815 205 1894 fuit3
228 1835 297 1874 uam
321 1838 523 1894 queramus
544 1839 648 1878 vereor
669 1839 723 1888 ue,
753 1819 860 1878 omisso
889 1820 1075 1890 habemus,
1107 1837 1144 1876 ex

78 1922 247 1980 dicamus
271 1931 367 1980 ortum
388 1924 426 1981 sit
447 1933 476 1981 et
496 1935 653 2001 propterea
675 1923 805 1984 additum
827 1935 873 1984 ut

165 2026 237 2104 Cap.
260 2029 315 2096 47,
345 2033 360 2085 7
393 2028 442 2103 (de
473 2029 597 2086 comitiis
616 2029 819 2088 'consularibus
846 2031 876 2088 in
904 2048 1009 2088 aunum
1035 2030 1092 2088 iss
1115 2047 1142 2086 a.

79 2133 182 2202 Chr.):
225 2132 377 2190 Fulvius
405 2133 537 2190 consul
567 2151 659 2190 arnus
693 2145 858 2206 creatur,
899 2154 1002 2210 quum
1030 2133 1143 2192 ceteri

78 2238 269 2296 centurias
301 2256 371 2295 non
404 2239 632 2316 explessent,
670 2239 775 2314 isque
810 2248 961 2316 postero
993 2239 1051 2296 dis
1083 2237 1144 2301 Cu.
1229 2293 1231 2298 .

80 2342 270 2414 Manlium,
314 2341 457 2418 Lepido
490 2344 652 2414 deiecto,
684 2343 774 2417 (uam
814 2344 979 2404 Messala
1013 2342 1145 2419 tacuit)

80 2448 264 2524 collegam
297 2448 400 2506 dixit.
456 2449 526 2508 Non
561 2448 662 2518 rideo,
694 2450 840 2522 quodnam
862 2449 932 2506 illud
954 2448 1146 2506 aitMessalae

81 2553 241 2624 silentium
270 2573 338 2611 nam
361 2552 510 2629 professus
540 2571 572 2610 se
593 2553 780 2612 candidatum
802 2556 860 2612 iam
883 2553 974 2612 multo
996 2561 1063 2610 aute
1083 2561 1146 2610 erat

82 2677 135 2716 uec
157 2659 193 2715 ds
213 2659 351 2735 petitione
373 2659 517 2718 destitisse
542 2658 661 2730 dicitur3
694 2679 787 2735 neque
814 2657 956 2717 Manlium
982 2656 1146 2731 eloquentie

80 2764 186 2822 vicisse
207 2773 288 2840 puto.
344 2765 437 2824 Miror
468 2762 567 2838 igitur,
598 2764 706 2822 nemini
734 2763 890 2840 placuisse,
922 2761 1000 2837 quod
1032 2761 1146 2820 codices

81 2871 125 2946 (B
154 2881 183 2926 et
210 2869 375 2944 Drekeub.)
406 2871 550 2946 praebent,
579 2867 702 2924 iacuit.
755 2869 914 2945 Lepidum,
944 2867 1024 2926 cuius
1045 2866 1145 2942 petitio

80 2975 193 3050 aliquid
225 2976 328 3033 virium
361 2975 496 3032 habuerit
526 2984 555 3030 ct
585 2990 709 3048 quocum
743 2982 889 3031 certamen
912 2972 1014 3044 fuerit,
1046 2969 1146 3028 Livius

81 3080 224 3138 deiectum
255 3098 318 3138 csse
347 3080 433 3150 dicit,
465 3078 624 3136 Messalam
654 3095 713 3134 nou
745 3077 904 3148 deiectum,
937 3078 989 3136 sed
1024 3075 1146 3134 iacuisse

81 3186 177 3260 ipsum
201 3203 254 3242 uec
278 3185 338 3243 ulla
358 3202 537 3260 niagnopere
561 3181 703 3258 suffragia
721 3181 866 3241 habuisse.

101 3405 125 3471 ι)
153 3408 215 3473 Gap.
227 3415 269 3470 44,
283 3419 299 3460 4
315 3421 383 3462 reeta
399 3411 513 3460 codices:
533 3409 636 3472 legati
654 3407 867 3470 ab'l'hyatirs
884 3415 913 3456 at
926 3403 1146 3469 (a)Maguesia
1183 3471 1185 3476 Ι

152 3503 191 3552 ab
212 3501 346 3566 Sipylo.
363 3539 368 3550 .
383 3539 389 3551 .
403 3511 569 3562 venerunt,
589 3516 639 3550 uon
659 3500 726 3563 quod
746 3498 847 3548 dicatur
863 3511 909 3562 per
928 3511 955 3548 ss
975 3494 1145 3558 Magnesia

152 3593 191 3642 ab
211 3593 245 3654 S.¹
266 3595 308 3644 sed
328 3596 405 3660 quod,
426 3594 468 3642 ubi
493 3594 524 3641 de
543 3591 690 3640 homiuibus
708 3589 794 3654 aliquo
821 3588 942 3654 proiectis
961 3588 1054 3650 agitur,
1082 3599 1145 3649 pra·

153 3685 246 3748 positio
268 3689 300 3736 ad
319 3701 374 3736 eam
394 3687 525 3735 notionem
545 3683 763 3740 accommodatur,
783 3689 812 3731 ut
832 3682 876 3744 qui
894 3683 927 3730 sd
946 3679 1059 3744 Sipylum
1079 3683 1145 3736 sunt,

53 3779 64 3800 '
154 3777 186 3824 ab
216 3777 304 3842 Sipylo
336 3777 437 3826 venisse
472 3777 603 3834 dicautur,
636 3773 852 3839 quemadmodum
881 3789 894 3822 o
922 3771 1050 3823 contraria
1075 3777 1145 3834 parte

154 3869 245 3919 Latine
268 3869 379 3918 vcuirc
407 3870 443 3918 ad
467 3869 610 3931 aliquem
638 3865 790 3924 Romam,
821 3867 851 3914 iu
880 3864 1012 3914 ltaliam
1040 3862 1146 3918 diuitum

155 3959 240 4025 itaque
264 3961 372 4022 incolae,
399 3975 477 4024 quum
503 3961 565 4009 alibi
589 3971 722 4009 versamus
749 3957 910 4022 cogitamur,
936 3957 1104 4018 Magnetes
1132 3967 1147 4000 a

154 4049 270 4116 Sipylo
285 4052 447 4116 appellantur
459 4051 498 4115 (oi
517 4047 572 4104 ἀπὸ
595 4051 628 4102 Σ.
649 4046 815 4118 Μάγνητες),
