2822 4648
304 285 360 334 Lib.
381 285 414 333 V.
774 291 782 345 1
796 289 830 345 18

266 479 400 545 prater
421 469 637 544 dignitatem
659 479 693 526 et
724 471 833 528 decus
855 471 1080 546 cogitantes,
1112 473 1335 548 comproba·

266 583 368 632 toras
390 593 469 632 esse
491 583 591 632 certo
615 571 738 650 scio.¹)

351 678 424 755 Cep.
451 685 503 752 17,
527 683 558 738 8:
591 683 817 756 Responsum
844 693 899 739 est
921 681 1131 759 (Capenatibus
1153 701 1188 738 ac
1209 681 1335 738 Faliscis

267 785 296 842 in
318 785 446 842 conciliis
468 787 506 844 ad
527 787 694 844 Voltumnae
716 785 816 843 fanum
838 788 1011 862 petentibus,
1034 797 1065 845 ut
1086 806 1186 844 omnes
1207 788 1339 845 Etruria

267 891 367 966 populi
389 892 480 949 Vcios
502 911 539 948 cx
561 892 712 950 obsidione
734 891 908 967 eriperent),
940 903 1048 951 antea
1079 912 1116 950 se
1137 893 1171 949 id
1198 893 1337 950 Vcien-

267 997 365 1054 tibus
386 1015 550 1072 negasse,
573 998 674 1072 quia,
708 997 800 1054 unda
827 999 1020 1056 consilium
1054 1019 1123 1056 non
1150 999 1338 1073 petissent

267 1120 376 1177 super
399 1111 502 1159 tanta
523 1123 569 1172 rc,
588 1101 767 1160 auxilium
790 1113 917 1176 petere
939 1123 1008 1162 non
1031 1106 1219 1173 deberent3
1242 1123 1340 1161 nunc

268 1227 334 1282 pro
362 1225 399 1264 se
431 1207 615 1265 fortunam
643 1227 742 1266 suam
771 1208 851 1264 illis
873 1227 1020 1284 negare3
1057 1209 1212 1266 maxime
1237 1208 1272 1265 in
1296 1227 1337 1265 ca

268 1322 374 1387 parte
405 1313 562 1370 Etruria
597 1323 738 1388 gentem
774 1314 1005 1371 invisitatam
1038 1333 1152 1372 novos
1183 1315 1336 1371 accolas

269 1417 400 1476 Gallos
423 1437 511 1490 esse,
533 1437 609 1475 cum
630 1417 763 1493 quibus
785 1437 848 1475 nec
870 1439 940 1495 pax
965 1421 1057 1477 satis
1079 1419 1156 1477 fida
1178 1438 1241 1476 uec
1263 1420 1339 1476 bel·

267 1525 336 1582 lum
359 1533 542 1606 procerte
566 1525 622 1580 sit.
681 1525 716 1581 In
749 1525 794 1582 his
824 1526 971 1581 turbatum
995 1525 1104 1600 aliquid
1125 1543 1203 1592 esse,
1237 1526 1337 1593 sensit,

268 1629 318 1703 qui
340 1630 398 1686 alia
419 1629 525 1687 similia
546 1647 604 1686 non
626 1630 826 1704 praetermisit,
846 1629 992 1687 Dukerus.
1050 1631 1128 1687 Nam
1150 1649 1202 1688 nec
1225 1633 1340 1688 maxi-

269 1753 320 1790 me
351 1735 381 1791 in
414 1735 513 1809 aliqua
535 1743 619 1809 parte
652 1735 775 1792 Etruria
797 1735 903 1792 accolae
936 1745 1017 1792 erant
1040 1735 1120 1794 Galli
1142 1755 1194 1794 nec
1215 1738 1339 1794 omnino

267 1839 301 1896 in
325 1840 424 1914 aliqua
448 1849 532 1915 parte
555 1839 700 1910 accoloe3
722 1860 775 1897 nec
797 1841 898 1897 melius
920 1857 966 1896 res
988 1841 1134 1915 procedit,
1156 1843 1200 1900 his
1223 1844 1339 1900 verbis:

269 1945 422 2002 maxime
451 1946 486 2002 in
526 1963 566 2000 ca
606 1954 711 2020 parte
743 1945 900 2003 Etruria
929 1947 967 2002 ad
999 1948 1150 2022 superiora
1182 1947 1339 2017 adiunctis,

269 2068 357 2124 quum
384 2061 504 2125 propter
526 2051 599 2107 alias
621 2069 724 2108 causas
738 2053 852 2123 (suam
874 2049 1058 2109 fortunam
1081 2071 1216 2127 negare
1238 2054 1275 2110 in
1297 2074 1337 2110 ca

268 2161 373 2228 parte
393 2153 544 2228 Gallice)
565 2165 626 2214 tum
649 2157 728 2231 quod
749 2155 857 2213 nullius
886 2157 960 2214 alius
976 2157 1067 2233 partis
1089 2158 1230 2216 auxilium
1255 2167 1339 2234 pele-

268 2258 362 2318 batur.
423 2259 536 2318 Deinde
568 2272 597 2318 et
632 2261 761 2336 alioquin
796 2263 900 2321 vitiose
927 2264 988 2320 hac
1017 2263 1212 2320 cumulantur:
1248 2283 1337 2340 gens

270 2364 470 2422 invisitata
503 2367 637 2424 accolas
659 2367 765 2425 Galli
799 2379 828 2426 et
849 2369 970 2426 vitiosus
1001 2379 1045 2425 cst
1074 2369 1146 2425 ordo
1168 2370 1339 2438 verborum,

268 2469 439 2545 interposito
462 2471 627 2538 accolae,
651 2475 729 2547 quod
751 2475 900 2550 praedicati
921 2476 986 2532 loco
1009 2483 1068 2543 est,
1090 2475 1164 2530 inter
1185 2484 1335 2548 gentem

269 2574 498 2633 invisitatam
521 2587 550 2633 ct
574 2577 717 2637 Gallos.
765 2579 832 2636 Hoc
854 2579 979 2654 primum
1002 2580 1204 2655 expediamust
1242 2599 1337 2655 appa-

268 2679 343 2736 rebit
365 2681 440 2736 enim
463 2681 630 2753 attendenti,
652 2702 760 2740 novam
782 2685 954 2742 sententiam
969 2687 1006 2742 ab
1022 2686 1071 2742 liis
1081 2686 1177 2742 verbis
1194 2686 1335 2761 incipere:

269 2803 384 2841 noras
406 2788 555 2844 accolas
577 2787 666 2863 (illos,
690 2789 739 2862 qui
761 2789 913 2864 significati
935 2791 1132 2865 superioribus
1145 2790 1243 2846 verbis
1265 2791 1337 2864 sint)

271 2889 402 2946 Gallos
425 2909 520 2962 esse,
544 2912 619 2950 cum
643 2894 776 2968 quibus
799 2905 852 2952 etc.
908 2894 1064 2970 Sequitur,
1097 2906 1129 2951 ut
1149 2897 1212 2970 ipse
1234 2915 1334 2953 eorum

268 2995 411 3052 adventus
436 3009 464 3053 et
485 2999 686 3074 propinquitas
709 3001 886 3076 significetur
912 3002 957 3057 his
978 3001 1089 3058 verbis:
1123 3001 1279 3058 maxime
1301 3001 1336 3056 in

287 3223 311 3292 ι)
341 3229 426 3278 Video
445 3247 513 3283 nunc
529 3237 597 3298 apud
615 3235 754 3295 Hortalum,
774 3237 850 3285 ctiam
860 3237 1096 3286 Weissenbornlum
1116 3239 1142 3285 in
1161 3237 1260 3298 libello,
1284 3254 1337 3303 quo

338 3337 470 3373 ususnon
490 3328 698 3392 compulsatis
723 3329 765 3376 vel
783 3327 980 3391 palantibus
1006 3330 1081 3377 scribi
1101 3330 1219 3379 voluisse.
1259 3330 1335 3390 Quod

339 3415 455 3466 Hertzius
485 3433 501 3466 ιι
520 3419 612 3468 Wexlc
644 3421 755 3484 sumpsit
783 3420 903 3478 ablati,
935 3436 1038 3484 prorsus
1065 3436 1210 3485 portentum
1229 3431 1335 3470 estnec

343 3510 497 3560 sententiam
516 3511 595 3561 ullam
614 3513 698 3562 habet.
737 3511 768 3560 In
788 3519 935 3560 transcursu
954 3513 1048 3571 dicam,
1067 3513 1093 3560 in
1112 3527 1169 3578 cap.
1187 3518 1233 3573 15,
1257 3520 1285 3562 ll
1308 3523 1334 3562 ut

342 3611 439 3649 certum
459 3612 513 3662 cst,
538 3604 648 3661 Livium,
674 3604 823 3667 scriptorem
852 3604 975 3653 orationis
1002 3605 1034 3652 ad
1053 3604 1137 3666 lcgem
1156 3611 1259 3653 structa
1277 3606 1337 3654 dili-

338 3694 529 3754 gentissimum,
552 3711 606 3744 non
630 3697 656 3744 in
682 3697 790 3760 simplici
811 3704 837 3744 et
855 3695 924 3744 brevi
944 3697 1068 3744 orationis
1087 3697 1194 3745 circuitu
1213 3697 1334 3746 incidisse

338 3785 363 3832 in
383 3786 558 3836 anacoluthon
576 3788 812 3848 tulc‚utdicerct:
832 3787 996 3836 traditum
1016 3799 1102 3846 esec,
1123 3796 1205 3836 ut-
1225 3789 1334 3838 victo·

338 3879 457 3926 toriam
479 3904 509 3912 -
529 3879 608 3936 dari,
628 3879 665 3926 ita
682 3879 764 3928 nihilo
783 3882 868 3929 minus
881 3887 978 3928 certum
995 3894 1059 3938 esse,
1079 3887 1112 3928 ut
1130 3881 1257 3942 quando
1275 3895 1335 3928 cum

337 3983 382 4031 pro
401 3970 565 4033 siquando
582 3985 634 4020 uon
653 3971 757 4020 dixisse.
795 3972 950 4021 Tollendum
970 3979 1009 4020 est
1027 3980 1066 4030 ut,
1087 3971 1265 4035 interpositum
1276 3983 1335 4036 post

335 4060 381 4108 sic
400 4059 434 4108 ab
450 4061 568 4110 oscitanti
587 4063 671 4112 scriba
687 4063 801 4112 librario.
