2800 4646
595 269 653 332 tlt
925 271 983 322 nro.
1002 271 1158 326 xxxvm.
1222 259 1226 264 ’

93 456 201 514 Lout
221 443 401 531 adiungitur)
424 457 626 516 anctoritatem
634 453 669 532 ¹),
691 467 750 514 tum
774 455 852 530 quod
874 456 1057 527 minorem,
1081 457 1159 532 quod

93 559 231 636 vulgares
253 559 367 618 codices
388 561 505 632 habent,
536 557 606 622 letti
635 564 735 638 nequit
758 573 787 619 et
816 581 853 618 ex
884 561 934 618 illo
960 573 1054 621 ortum
1077 565 1157 622 vide·

93 677 158 736 tur3
200 666 278 742 quod
309 666 334 724 si
371 666 412 724 ite
444 657 501 737 est,
533 669 595 727 sine
628 659 716 728 dnbio
750 669 827 745 apud
853 668 1007 744 Polybium
1041 688 1159 744 quoque

92 773 232 830 Grtecum
261 773 331 830 illud
364 791 469 830 nomen
497 775 623 850 positum
654 775 722 832 olim
759 774 822 832 init.
874 774 1059 849 Quamquam
1086 775 1160 833 inter

93 879 241 936 actuarias
272 897 363 938 navae
394 879 488 952 (tectis
517 891 546 938 et
571 871 696 956 plurium
727 880 859 938 ordinum
887 881 1011 938 navibus
1033 882 1158 940 minores

92 973 295 1060 levioresque,
325 974 587 1066 τριακοντόρους
608 984 789 1063 similesque)
819 995 848 1044 et
868 973 1001 1044 moneres
1023 989 1091 1062 qnid
1113 989 1159 1045 in·

91 1088 236 1160 teriuerit,
258 1091 375 1149 difficile
396 1101 440 1149 est
461 1093 628 1169 excogitato
643 1111 697 1151 nec
712 1093 781 1150 scio.
817 1092 876 1152 Sed
890 1094 968 1167 quod
984 1095 1063 1170 apud
1079 1095 1159 1152 Livi-

90 1213 140 1252 um
166 1197 303 1254 actuariae
324 1215 414 1254 naves
446 1217 511 1256 eum
541 1198 636 1256 locum
661 1207 767 1268 tenent
795 1215 879 1272 quom
903 1200 980 1274 apud
1003 1200 1157 1276 Polybium

91 1302 141 1370 (at
164 1301 345 1377 Appianum)
368 1312 451 1362 tectae
484 1293 757 1384 (κατάφρακτοι),
791 1321 976 1379 nequaquam
998 1315 1076 1364 recte
1097 1307 1158 1364 lieri

93 1419 176 1484 puto.
228 1409 334 1484 Itaque
365 1419 394 1466 ot
425 1411 503 1486 apud
536 1411 692 1487 Polybium
722 1420 750 1468 et
777 1410 854 1486 apud
877 1409 992 1467 Livium
1018 1411 1158 1470 excidisse

91 1515 233 1572 nonnulla
254 1525 341 1590 puto,
370 1517 567 1592 scriptumque
589 1535 608 1574 a
630 1516 715 1573 Livio
751 1515 789 1572 ad
811 1517 886 1572 hanc
910 1517 1034 1574 sormam
1057 1517 1159 1574 finisse:

91 1639 161 1677 neu
183 1619 310 1696 plnres
339 1639 443 1695 quam
473 1622 598 1680 decem
620 1641 737 1680 naves
764 1619 896 1698 [tectas
917 1640 1009 1678 neve
1032 1621 1159 1697 plures

91 1745 202 1801 quam
224 1759 237 1782 .
257 1724 386 1803 naves]
410 1728 616 1796 actuarias,
652 1747 801 1802 quarum
824 1727 925 1784 nulla
951 1728 1158 1803 plusquam

92 1831 275 1907 tringinta
306 1831 413 1890 remis
442 1843 592 1908 agatur,
623 1834 759 1891 habeto
791 1852 884 1891 neve
910 1851 1093 1891 monerem
1117 1851 1159 1888 ex

92 1937 183 1994 belli
205 1955 332 2010 causa,
354 1939 449 2013 quod
471 1939 552 2015 ipse
574 1937 749 1997 illaturus
772 1950 834 1998 ost.
888 1941 923 1997 In
954 1939 999 1998 his
1022 1931 1159 1996 extremis

93 2042 221 2100 residere
246 2045 382 2102 mendum
404 2063 462 2102 non
486 2045 580 2102 solum
603 2063 690 2102 exeo
712 2047 853 2122 suspicor,
876 2045 953 2120 quod
976 2045 1061 2102 nimis
1083 2043 1160 2101 nude

91 2149 165 2206 illud
188 2136 370 2208 monerem
394 2152 463 2232 poni
494 2151 622 2220 videtur,
654 2153 704 2209 sed
734 2152 812 2227 qnod
843 2135 952 2209 certum
975 2161 1033 2220 eet,
1055 2151 1159 2208 Latino

94 2275 155 2314 non
188 2257 244 2314 dici
278 2274 393 2314 naves
425 2258 560 2314 habere
593 2277 636 2314 ex
677 2259 766 2316 belli
801 2275 928 2326 cansa,
964 2256 1015 2312 sed
1047 2265 1158 2312 tuntum

94 2363 187 2420 belli
209 2381 331 2421 cartes.
375 2363 480 2438 Neque
502 2362 658 2438 quicquam
688 2363 770 2422 iuvat
793 2365 820 2421 B
844 2371 872 2420 et
893 2353 1057 2437 vulgarium
1079 2361 1158 2418 codi-

93 2487 160 2528 cum
183 2468 342 2544 scripture:
363 2487 403 2525 ea
436 2467 525 2526 belli
555 2467 676 2526 causa.
729 2469 833 2542 Itaque
856 2477 907 2523 aut
933 2466 1158 2524 extollendum

94 2583 138 2631 est
162 2585 212 2631 aut
235 2593 273 2631 ex
294 2593 329 2631 eo
351 2573 462 2648 aliquid
484 2573 675 2638 efficiendum,
702 2573 781 2649 quod
803 2572 895 2649 possit
917 2572 954 2630 ad
977 2590 1157 2630 monerem

92 2679 222 2754 adiungi.
270 2679 364 2737 Paulo
386 2689 454 2756 post
476 2677 504 2756 (ξ
531 2678 583 2757 ll)
605 2698 705 2738 verum
729 2699 793 2738 esee
814 2678 923 2753 nequit,
950 2677 1028 2753 quod
1050 2677 1157 2734 oditur:

91 2797 129 2842 et
150 2803 215 2861 pro
247 2785 448 2853 frumento,
478 2787 577 2860 quod
609 2785 855 2845 aestimatione
893 2782 981 2852 fiat,
1013 2783 1158 2840 talanta

91 2889 288 2960 cxxvl1;
322 2892 384 2949 hoeo
411 2892 486 2949 eninr
516 2891 645 2949 relativoe
675 2891 815 2950 orationis
845 2889 942 2947 formo
964 2889 1074 2964 (qnod

91 2996 181 3064 fiat)
203 3007 312 3054 certam
335 2998 423 3054 habet
444 2999 487 3056 rei
501 2997 770 3056 circumscribendo
784 2993 1023 3072 significationem
1048 2985 1157 3068 (dum-

90 3102 196 3160 modo
227 3103 261 3160 id
289 3103 532 3162 estimatione
553 3101 651 3176 fiat),
682 3105 719 3161 ab
743 3104 886 3162 hocloco
909 3101 1044 3173 alienam,
1069 3119 1157 3178 quum

89 3207 262 3283 praesertim,
284 3208 474 3266 aestimatione
498 3209 557 3268 iant
580 3219 649 3268 ante
672 3209 762 3276 facta,
794 3216 874 3266 certa
894 3207 1023 3283 pecuniae
1044 3226 1158 3264 summa

89 3322 227 3388 ponatur.
281 3315 356 3372 Bet
378 3317 454 3374 Lov.
480 3319 496 3374 3
521 3335 575 3392 pro
596 3315 668 3373 fiat
697 3317 807 3374 habent
827 3313 891 3383 eit,
913 3315 1000 3370 ceteri
1023 3313 1157 3370 Draken-

89 3419 241 3478 borohiani
270 3421 387 3494 (Voss,
410 3422 483 3480 Lov.
518 3424 544 3490 l,
576 3421 605 3490 2,
638 3425 665 3485 5,
696 3419 794 3478 Mead.
833 3422 858 3486 l,
880 3422 908 3487 4,
933 3417 1075 3488 Gaertn.)
1097 3415 1156 3487 fit,

101 3629 289 3638 .-.—-—--—..

107 3781 133 3847 ¹)
159 3787 278 3836 Graviter
292 3797 360 3837 emt
371 3787 536 3852 Kreyssigius
550 3787 674 3838 oodioiM
694 3789 849 3837 minorem
870 3785 991 3834 tribuens.
1028 3785 1059 3834 ld
1078 3799 1156 3850 quum

89 3883 114 3931 it
155 3879 198 3927 ed.
231 3877 386 3942 Παραοῦαι
415 3893 448 3929 ex
476 3882 648 3945 superioribus
677 3879 840 3937 retinuisset,
871 3877 1015 3928 carbachio
1047 3885 1156 3936 tacente,

98 4003 102 4010 ·
159 3971 282 4024 Gelenius
313 3973 445 4036 ”Antiqua
477 3973 572 4030 lectio,
601 3973 697 4036 inquit,
726 3971 803 4022 habet
831 3971 1028 4028 monersm”‚
1058 3970 1083 4019 id
1111 3981 1160 4027 est,

158 4065 255 4116 eodem¹
300 4082 312 4104 ¹·-
344 4073 349 4106 ἑ
384 4101 385 4106 =
419 4096 421 4102 π
457 4099 458 4102 ¹
