<?xml version="1.0" encoding="UTF-8"?>
<!DOCTYPE html PUBLIC "-//W3C//DTD XHTML 1.0 Transitional//EN"
    "http://www.w3.org/TR/xhtml1/DTD/xhtml1-transitional.dtd">
<html xmlns="http://www.w3.org/1999/xhtml" xml:lang="en" lang="en">
 <head>
  <title>
</title>
<meta http-equiv="Content-Type" content="text/html;charset=utf-8" />
  <meta name='ocr-system' content='tesseract 3.04.00' />
  <meta name='ocr-capabilities' content='ocr_page ocr_carea ocr_par ocr_line ocrx_word'/>
</head>
<body>
  <div class='ocr_page' id='page_1' title='image "./emendationesliv02madvgoog_0029.png"; bbox 0 0 2826 4650; ppageno 0'>
   <div class='ocr_carea' id='block_1_1' title="bbox 750 229 787 286">
    <p class='ocr_par' dir='ltr' id='par_1_1' title="bbox 750 229 787 286">
     <span class='ocr_line' id='line_1_1' title="bbox 750 229 787 286; baseline 0.054 -2"><span class='ocrx_word' id='word_1_1' title='bbox 750 229 787 286; x_wconf 80' lang='lat' dir='ltr'>ts</span> 
     </span>
    </p>
   </div>
   <div class='ocr_carea' id='block_1_2' title="bbox 235 392 1406 490">
    <p class='ocr_par' dir='ltr' id='par_1_2' title="bbox 235 392 1406 490">
     <span class='ocr_line' id='line_1_2' title="bbox 235 392 1406 490; baseline -0.001 -20"><span class='ocrx_word' id='word_1_2' title='bbox 235 421 449 490; x_wconf 79' lang='lat' dir='ltr'>protumentum</span> <span class='ocrx_word' id='word_1_3' title='bbox 475 411 578 484; x_wconf 84' lang='lat' dir='ltr'>fuisse,</span> <span class='ocrx_word' id='word_1_4' title='bbox 611 410 751 482; x_wconf 76' lang='lat' dir='ltr'>ostendit,</span> <span class='ocrx_word' id='word_1_5' title='bbox 783 412 877 487; x_wconf 91' lang='lat' dir='ltr'>quod,</span> <span class='ocrx_word' id='word_1_6' title='bbox 909 411 990 469; x_wconf 89' lang='lat' dir='ltr'>euius</span> <span class='ocrx_word' id='word_1_7' title='bbox 1019 411 1062 469; x_wconf 88' lang='lat' dir='ltr'>rei</span> <span class='ocrx_word' id='word_1_8' title='bbox 1082 412 1141 470; x_wconf 80' lang='lat' dir='ltr'>iem</span> <span class='ocrx_word' id='word_1_9' title='bbox 1163 412 1304 488; x_wconf 76' lang='lat' dir='ltr'>exemplu</span> <span class='ocrx_word' id='word_1_10' title='bbox 1405 392 1406 462; x_wconf 57' lang='lat' dir='ltr'>l</span> 
     </span>
    </p>
   </div>
   <div class='ocr_carea' id='block_1_3' title="bbox 236 517 1308 1124">
    <p class='ocr_par' dir='ltr' id='par_1_3' title="bbox 236 517 1308 1124">
     <span class='ocr_line' id='line_1_3' title="bbox 236 517 1303 594; baseline -0.002 -18"><span class='ocrx_word' id='word_1_11' title='bbox 236 518 321 594; x_wconf 88' lang='lat' dir='ltr'>posui</span> <span class='ocrx_word' id='word_1_12' title='bbox 344 517 397 594; x_wconf 86' lang='lat' dir='ltr'>(II,</span> <span class='ocrx_word' id='word_1_13' title='bbox 421 521 470 588; x_wconf 79' lang='lat'>56,</span> <span class='ocrx_word' id='word_1_14' title='bbox 492 519 520 588; x_wconf 79' lang='lat'>2,</span> <span class='ocrx_word' id='word_1_15' title='bbox 542 517 583 588; x_wconf 92' lang='lat' dir='ltr'>X,</span> <span class='ocrx_word' id='word_1_16' title='bbox 607 519 656 588; x_wconf 85' lang='grc'>37,</span> <span class='ocrx_word' id='word_1_17' title='bbox 684 517 748 592; x_wconf 87' lang='grc'>15),</span> <span class='ocrx_word' id='word_1_18' title='bbox 780 518 810 576; x_wconf 90' lang='lat' dir='ltr'>in</span> <span class='ocrx_word' id='word_1_19' title='bbox 831 517 896 575; x_wconf 85' lang='lat' dir='ltr'>nliis</span> <span class='ocrx_word' id='word_1_20' title='bbox 917 517 1065 576; x_wconf 78' lang='lat' dir='ltr'>codicibus</span> <span class='ocrx_word' id='word_1_21' title='bbox 1087 526 1154 575; x_wconf 84' lang='lat' dir='ltr'>ante</span> <span class='ocrx_word' id='word_1_22' title='bbox 1174 519 1303 575; x_wconf 82' lang='lat' dir='ltr'>verbum</span> 
     </span>
     <span class='ocr_line' id='line_1_4' title="bbox 237 622 1304 700; baseline -0.002 -18"><span class='ocrx_word' id='word_1_23' title='bbox 237 625 392 682; x_wconf 78' lang='lat' dir='ltr'>Liuianum</span> <span class='ocrx_word' id='word_1_24' title='bbox 414 623 539 700; x_wconf 89' lang='lat' dir='ltr'>ponitur,</span> <span class='ocrx_word' id='word_1_25' title='bbox 560 622 590 679; x_wconf 92' lang='lat' dir='ltr'>in</span> <span class='ocrx_word' id='word_1_26' title='bbox 612 623 676 681; x_wconf 81' lang='lat' dir='ltr'>aliis</span> <span class='ocrx_word' id='word_1_27' title='bbox 697 633 766 700; x_wconf 84' lang='lat' dir='ltr'>post</span> <span class='ocrx_word' id='word_1_28' title='bbox 786 625 825 696; x_wconf 92' lang='lat' dir='ltr'>id,</span> <span class='ocrx_word' id='word_1_29' title='bbox 847 624 1016 696; x_wconf 79' lang='lat' dir='ltr'>scribarum,</span> <span class='ocrx_word' id='word_1_30' title='bbox 1038 623 1088 698; x_wconf 86' lang='lat' dir='ltr'>qni</span> <span class='ocrx_word' id='word_1_31' title='bbox 1110 625 1304 700; x_wconf 80' lang='lat' dir='ltr'>archetypum</span> 
     </span>
     <span class='ocr_line' id='line_1_5' title="bbox 237 727 1299 807; baseline 0 -19"><span class='ocrx_word' id='word_1_32' title='bbox 237 737 456 806; x_wconf 86' lang='lat' dir='ltr'>expresserunt,</span> <span class='ocrx_word' id='word_1_33' title='bbox 478 727 607 786; x_wconf 76' lang='lat' dir='ltr'>arbitrio.</span> <span class='ocrx_word' id='word_1_34' title='bbox 675 729 793 807; x_wconf 75' lang='lat' dir='ltr'>(Itaque</span> <span class='ocrx_word' id='word_1_35' title='bbox 813 730 890 790; x_wconf 83' lang='lat' dir='ltr'>male</span> <span class='ocrx_word' id='word_1_36' title='bbox 911 731 1046 788; x_wconf 81' lang='lat' dir='ltr'>Hertnius</span> <span class='ocrx_word' id='word_1_37' title='bbox 1067 731 1105 786; x_wconf 80' lang='lat' dir='ltr'>ud</span> <span class='ocrx_word' id='word_1_38' title='bbox 1126 730 1184 800; x_wconf 92' lang='lat' dir='ltr'>III,</span> <span class='ocrx_word' id='word_1_39' title='bbox 1207 732 1257 802; x_wconf 81' lang='lat'>35,</span> <span class='ocrx_word' id='word_1_40' title='bbox 1281 735 1299 787; x_wconf 81' lang='lat' dir='ltr'>t</span> 
     </span>
     <span class='ocr_line' id='line_1_6' title="bbox 237 833 1305 912; baseline -0.001 -19"><span class='ocrx_word' id='word_1_41' title='bbox 237 845 330 912; x_wconf 80' lang='lat' dir='ltr'>putot,</span> <span class='ocrx_word' id='word_1_42' title='bbox 352 836 430 911; x_wconf 92' lang='lat' dir='ltr'>quod</span> <span class='ocrx_word' id='word_1_43' title='bbox 448 835 477 892; x_wconf 90' lang='lat' dir='ltr'>in</span> <span class='ocrx_word' id='word_1_44' title='bbox 496 833 660 892; x_wconf 86' lang='lat' dir='ltr'>huiusmodi</span> <span class='ocrx_word' id='word_1_45' title='bbox 680 833 751 892; x_wconf 84' lang='lat' dir='ltr'>loeis</span> <span class='ocrx_word' id='word_1_46' title='bbox 773 835 873 893; x_wconf 87' lang='lat' dir='ltr'>ordine</span> <span class='ocrx_word' id='word_1_47' title='bbox 897 837 977 912; x_wconf 87' lang='lat' dir='ltr'>prius</span> <span class='ocrx_word' id='word_1_48' title='bbox 998 837 1036 894; x_wconf 88' lang='lat' dir='ltr'>sit</span> <span class='ocrx_word' id='word_1_49' title='bbox 1056 837 1188 909; x_wconf 84' lang='lat' dir='ltr'>verbum,</span> <span class='ocrx_word' id='word_1_50' title='bbox 1211 835 1305 893; x_wconf 81' lang='lat' dir='ltr'>etiam</span> 
     </span>
     <span class='ocr_line' id='line_1_7' title="bbox 237 939 1301 1019; baseline 0 -19"><span class='ocrx_word' id='word_1_51' title='bbox 237 943 348 1018; x_wconf 85' lang='lat' dir='ltr'>origine</span> <span class='ocrx_word' id='word_1_52' title='bbox 372 941 517 1016; x_wconf 77' lang='lat' dir='ltr'>antiquius</span> <span class='ocrx_word' id='word_1_53' title='bbox 537 941 623 1016; x_wconf 86' lang='lat' dir='ltr'>esse.)</span> <span class='ocrx_word' id='word_1_54' title='bbox 659 939 745 1014; x_wconf 82' lang='lat' dir='ltr'>Quid,</span> <span class='ocrx_word' id='word_1_55' title='bbox 768 941 846 1015; x_wconf 91' lang='lat' dir='ltr'>qnod</span> <span class='ocrx_word' id='word_1_56' title='bbox 862 943 1004 1000; x_wconf 87' lang='lat' dir='ltr'>interdum</span> <span class='ocrx_word' id='word_1_57' title='bbox 1015 962 1075 1000; x_wconf 83' lang='lat' dir='ltr'>vox</span> <span class='ocrx_word' id='word_1_58' title='bbox 1086 961 1176 1018; x_wconf 78' lang='lat' dir='ltr'>supro</span> <span class='ocrx_word' id='word_1_59' title='bbox 1190 943 1301 1019; x_wconf 70' lang='lat' dir='ltr'>scripto</span> 
     </span>
     <span class='ocr_line' id='line_1_8' title="bbox 238 1047 1308 1124; baseline 0 -18"><span class='ocrx_word' id='word_1_60' title='bbox 238 1049 275 1106; x_wconf 85' lang='lat' dir='ltr'>ab</span> <span class='ocrx_word' id='word_1_61' title='bbox 299 1067 354 1106; x_wconf 93' lang='lat' dir='ltr'>uno</span> <span class='ocrx_word' id='word_1_62' title='bbox 377 1057 406 1105; x_wconf 84' lang='lat' dir='ltr'>et</span> <span class='ocrx_word' id='word_1_63' title='bbox 427 1048 518 1105; x_wconf 83' lang='lat' dir='ltr'>altero</span> <span class='ocrx_word' id='word_1_64' title='bbox 539 1047 660 1105; x_wconf 76' lang='lat' dir='ltr'>librario</span> <span class='ocrx_word' id='word_1_65' title='bbox 682 1057 793 1104; x_wconf 80' lang='lat' dir='ltr'>tantum</span> <span class='ocrx_word' id='word_1_66' title='bbox 808 1047 984 1124; x_wconf 82' lang='lat' dir='ltr'>singularum</span> <span class='ocrx_word' id='word_1_67' title='bbox 1004 1049 1163 1106; x_wconf 78' lang='lat' dir='ltr'>litterarum</span> <span class='ocrx_word' id='word_1_68' title='bbox 1183 1049 1308 1107; x_wconf 83' lang='lat' dir='ltr'>curioso</span> 
     </span>
    </p>
   </div>
   <div class='ocr_carea' id='block_1_4' title="bbox 237 1152 1408 1225">
    <p class='ocr_par' dir='ltr' id='par_1_4' title="bbox 237 1152 1408 1225">
     <span class='ocr_line' id='line_1_9' title="bbox 237 1152 1408 1225; baseline 0.002 -14"><span class='ocrx_word' id='word_1_69' title='bbox 237 1154 303 1212; x_wconf 82' lang='lat' dir='ltr'>roei</span> <span class='ocrx_word' id='word_1_70' title='bbox 324 1154 454 1213; x_wconf 82' lang='lat' dir='ltr'>Livianae</span> <span class='ocrx_word' id='word_1_71' title='bbox 475 1155 594 1212; x_wconf 78' lang='lat' dir='ltr'>divulsae</span> <span class='ocrx_word' id='word_1_72' title='bbox 617 1152 713 1211; x_wconf 79' lang='lat' dir='ltr'>medie</span> <span class='ocrx_word' id='word_1_73' title='bbox 733 1153 842 1211; x_wconf 82' lang='lat' dir='ltr'>inserte</span> <span class='ocrx_word' id='word_1_74' title='bbox 863 1161 920 1225; x_wconf 85' lang='lat' dir='ltr'>est,</span> <span class='ocrx_word' id='word_1_75' title='bbox 941 1163 974 1210; x_wconf 91' lang='lat' dir='ltr'>ut</span> <span class='ocrx_word' id='word_1_76' title='bbox 988 1155 1046 1224; x_wconf 91' lang='grc' dir='ltr'>ΙΙΙ,</span> <span class='ocrx_word' id='word_1_77' title='bbox 1068 1157 1117 1225; x_wconf 84' lang='grc'>40,</span> <span class='ocrx_word' id='word_1_78' title='bbox 1141 1159 1156 1212; x_wconf 87' lang='grc'><strong>7</strong></span> <span class='ocrx_word' id='word_1_79' title='bbox 1180 1153 1209 1212; x_wconf 91' lang='lat' dir='ltr'>in</span> <span class='ocrx_word' id='word_1_80' title='bbox 1226 1157 1300 1213; x_wconf 84' lang='lat' dir='ltr'>Par.</span> <span class='ocrx_word' id='word_1_81' title='bbox 1407 1175 1408 1180; x_wconf 49' lang='lat'>¹</span> 
     </span>
    </p>
   </div>
   <div class='ocr_carea' id='block_1_5' title="bbox 238 1277 1300 1419">
    <p class='ocr_par' dir='ltr' id='par_1_5' title="bbox 238 1277 1300 1419">
     <span class='ocr_line' id='line_1_10' title="bbox 995 1277 1196 1318; baseline 0.01 -3"><span class='ocrx_word' id='word_1_82' title='bbox 995 1277 1196 1318; x_wconf 84' lang='lat' dir='ltr'>conventre</span> 
     </span>
     <span class='ocr_line' id='line_1_11' title="bbox 238 1341 1300 1419; baseline 0.002 -19"><span class='ocrx_word' id='word_1_83' title='bbox 238 1343 345 1419; x_wconf 85' lang='lat' dir='ltr'>(prime</span> <span class='ocrx_word' id='word_1_84' title='bbox 365 1344 485 1419; x_wconf 79' lang='lat' dir='ltr'>menu):</span> <span class='ocrx_word' id='word_1_85' title='bbox 522 1362 566 1402; x_wconf 84' lang='lat' dir='ltr'>co</span> <span class='ocrx_word' id='word_1_86' title='bbox 589 1342 777 1402; x_wconf 86' lang='lat' dir='ltr'>eomivere</span> <span class='ocrx_word' id='word_1_87' title='bbox 798 1341 870 1412; x_wconf 86' lang='lat' dir='ltr'>ire,</span> <span class='ocrx_word' id='word_1_88' title='bbox 901 1343 957 1400; x_wconf 90' lang='lat' dir='ltr'>hoe</span> <span class='ocrx_word' id='word_1_89' title='bbox 983 1343 1021 1399; x_wconf 88' lang='lat' dir='ltr'>ist</span> <span class='ocrx_word' id='word_1_90' title='bbox 1053 1344 1165 1414; x_wconf 85' lang='lat' dir='ltr'>coire,</span> <span class='ocrx_word' id='word_1_91' title='bbox 1199 1354 1228 1402; x_wconf 88' lang='lat' dir='ltr'>et</span> <span class='ocrx_word' id='word_1_92' title='bbox 1256 1345 1300 1416; x_wconf 87' lang='lat' dir='ltr'>X,</span> 
     </span>
    </p>
   </div>
   <div class='ocr_carea' id='block_1_6' title="bbox 238 1449 1307 1525">
    <p class='ocr_par' dir='ltr' id='par_1_6' title="bbox 238 1449 1307 1525">
     <span class='ocr_line' id='line_1_12' title="bbox 238 1449 1307 1525; baseline -0.001 -17"><span class='ocrx_word' id='word_1_93' title='bbox 238 1452 287 1521; x_wconf 79' lang='lat'>43,</span> <span class='ocrx_word' id='word_1_94' title='bbox 303 1451 338 1506; x_wconf 83' lang='lat'>12</span> <span class='ocrx_word' id='word_1_95' title='bbox 355 1449 385 1507; x_wconf 90' lang='lat' dir='ltr'>in</span> <span class='ocrx_word' id='word_1_96' title='bbox 408 1450 527 1508; x_wconf 87' lang='lat' dir='ltr'>eodem:</span> <span class='ocrx_word' id='word_1_97' title='bbox 551 1459 584 1508; x_wconf 89' lang='lat' dir='ltr'>te</span> <span class='ocrx_word' id='word_1_98' title='bbox 605 1467 718 1525; x_wconf 85' lang='lat' dir='ltr'>prope</span> <span class='ocrx_word' id='word_1_99' title='bbox 739 1466 850 1518; x_wconf 87' lang='lat' dir='ltr'>mere,</span> <span class='ocrx_word' id='word_1_100' title='bbox 873 1458 923 1506; x_wconf 80' lang='lat' dir='ltr'>aut</span> <span class='ocrx_word' id='word_1_101' title='bbox 945 1449 970 1506; x_wconf 89' lang='lat' dir='ltr'>ei</span> <span class='ocrx_word' id='word_1_102' title='bbox 992 1449 1093 1506; x_wconf 83' lang='lat' dir='ltr'>mediae</span> <span class='ocrx_word' id='word_1_103' title='bbox 1111 1449 1307 1522; x_wconf 76' lang='lat' dir='ltr'>circumdata,</span> 
     </span>
    </p>
   </div>
   <div class='ocr_carea' id='block_1_7' title="bbox 236 1550 1409 1632">
    <p class='ocr_par' dir='ltr' id='par_1_7' title="bbox 236 1550 1409 1632">
     <span class='ocr_line' id='line_1_13' title="bbox 236 1550 1409 1632; baseline -0.002 -18"><span class='ocrx_word' id='word_1_104' title='bbox 236 1557 321 1626; x_wconf 88' lang='lat' dir='ltr'>utX,</span> <span class='ocrx_word' id='word_1_105' title='bbox 344 1557 393 1628; x_wconf 80' lang='lat'>29,</span> <span class='ocrx_word' id='word_1_106' title='bbox 417 1555 578 1626; x_wconf 84' lang='lat' dir='ltr'>7inMed.‚</span> <span class='ocrx_word' id='word_1_107' title='bbox 600 1554 682 1612; x_wconf 89' lang='lat' dir='ltr'>Leid.</span> <span class='ocrx_word' id='word_1_108' title='bbox 698 1557 728 1612; x_wconf 88' lang='lat' dir='ltr'>l:</span> <span class='ocrx_word' id='word_1_109' title='bbox 749 1573 792 1611; x_wconf 88' lang='lat' dir='ltr'>ve</span> <span class='ocrx_word' id='word_1_110' title='bbox 813 1554 989 1630; x_wconf 79' lang='lat' dir='ltr'>rarisque</span> <span class='ocrx_word' id='word_1_111' title='bbox 1009 1551 1154 1628; x_wconf 87' lang='lat' dir='ltr'>rutis¹).</span> <span class='ocrx_word' id='word_1_112' title='bbox 1198 1559 1308 1632; x_wconf 85' lang='lat' dir='ltr'>Atque·</span> <span class='ocrx_word' id='word_1_113' title='bbox 1408 1550 1409 1570; x_wconf 63' lang='lat'>¹</span> 
     </span>
    </p>
   </div>
   <div class='ocr_carea' id='block_1_8' title="bbox 235 1659 1308 3431">
    <p class='ocr_par' dir='ltr' id='par_1_8' title="bbox 235 1659 1308 3431">
     <span class='ocr_line' id='line_1_14' title="bbox 237 1659 1300 1738; baseline 0 -18"><span class='ocrx_word' id='word_1_114' title='bbox 237 1664 299 1720; x_wconf 81' lang='lat' dir='ltr'>htee</span> <span class='ocrx_word' id='word_1_115' title='bbox 320 1662 428 1738; x_wconf 86' lang='lat' dir='ltr'>duplex</span> <span class='ocrx_word' id='word_1_116' title='bbox 447 1661 598 1736; x_wconf 83' lang='lat' dir='ltr'>scripturo,</span> <span class='ocrx_word' id='word_1_117' title='bbox 619 1661 676 1717; x_wconf 90' lang='lat' dir='ltr'>hoe</span> <span class='ocrx_word' id='word_1_118' title='bbox 691 1668 743 1730; x_wconf 79' lang='lat' dir='ltr'>est,</span> <span class='ocrx_word' id='word_1_119' title='bbox 766 1669 799 1717; x_wconf 90' lang='lat' dir='ltr'>ut</span> <span class='ocrx_word' id='word_1_120' title='bbox 810 1659 879 1732; x_wconf 87' lang='lat' dir='ltr'>dixi,</span> <span class='ocrx_word' id='word_1_121' title='bbox 900 1661 930 1718; x_wconf 91' lang='lat' dir='ltr'>in</span> <span class='ocrx_word' id='word_1_122' title='bbox 951 1662 1096 1738; x_wconf 85' lang='lat' dir='ltr'>plerisque</span> <span class='ocrx_word' id='word_1_123' title='bbox 1118 1663 1189 1720; x_wconf 87' lang='lat' dir='ltr'>loeis</span> <span class='ocrx_word' id='word_1_124' title='bbox 1210 1663 1300 1720; x_wconf 88' lang='lat' dir='ltr'>inter·</span> 
     </span>
     <span class='ocr_line' id='line_1_15' title="bbox 236 1765 1308 1845; baseline 0 -19"><span class='ocrx_word' id='word_1_125' title='bbox 236 1767 409 1845; x_wconf 77' lang='lat' dir='ltr'>pretamenti</span> <span class='ocrx_word' id='word_1_126' title='bbox 438 1786 527 1843; x_wconf 79' lang='lat' dir='ltr'>supra</span> <span class='ocrx_word' id='word_1_127' title='bbox 554 1785 669 1823; x_wconf 88' lang='lat' dir='ltr'>versum</span> <span class='ocrx_word' id='word_1_128' title='bbox 703 1765 875 1842; x_wconf 78' lang='lat' dir='ltr'>adscriptio,</span> <span class='ocrx_word' id='word_1_129' title='bbox 907 1768 998 1826; x_wconf 87' lang='lat' dir='ltr'>multo</span> <span class='ocrx_word' id='word_1_130' title='bbox 1025 1768 1111 1826; x_wconf 81' lang='lat' dir='ltr'>latius</span> <span class='ocrx_word' id='word_1_131' title='bbox 1138 1769 1167 1826; x_wconf 93' lang='lat' dir='ltr'>in</span> <span class='ocrx_word' id='word_1_132' title='bbox 1199 1770 1308 1826; x_wconf 79' lang='lat' dir='ltr'>codiee·</span> 
     </span>
     <span class='ocr_line' id='line_1_16' title="bbox 236 1871 1300 1951; baseline 0.002 -20"><span class='ocrx_word' id='word_1_133' title='bbox 236 1875 394 1951; x_wconf 81' lang='lat' dir='ltr'>archetypo</span> <span class='ocrx_word' id='word_1_134' title='bbox 425 1874 535 1950; x_wconf 82' lang='lat' dir='ltr'>patuit,</span> <span class='ocrx_word' id='word_1_135' title='bbox 571 1891 659 1948; x_wconf 83' lang='lat' dir='ltr'>quam</span> <span class='ocrx_word' id='word_1_136' title='bbox 689 1871 776 1947; x_wconf 88' lang='lat' dir='ltr'>vulgo</span> <span class='ocrx_word' id='word_1_137' title='bbox 807 1872 932 1929; x_wconf 84' lang='lat' dir='ltr'>ereditur</span> <span class='ocrx_word' id='word_1_138' title='bbox 962 1883 1012 1931; x_wconf 86' lang='lat' dir='ltr'>eut</span> <span class='ocrx_word' id='word_1_139' title='bbox 1040 1873 1164 1932; x_wconf 82' lang='lat' dir='ltr'>fortasse</span> <span class='ocrx_word' id='word_1_140' title='bbox 1193 1875 1300 1950; x_wconf 83' lang='lat' dir='ltr'>aliquis</span> 
     </span>
     <span class='ocr_line' id='line_1_17' title="bbox 237 1977 1301 2055; baseline 0.001 -18"><span class='ocrx_word' id='word_1_141' title='bbox 237 1999 313 2038; x_wconf 85' lang='lat' dir='ltr'>nunc</span> <span class='ocrx_word' id='word_1_142' title='bbox 335 1999 450 2055; x_wconf 85' lang='lat' dir='ltr'>quoque</span> <span class='ocrx_word' id='word_1_143' title='bbox 472 1988 561 2055; x_wconf 87' lang='lat' dir='ltr'>putet.</span> <span class='ocrx_word' id='word_1_144' title='bbox 617 1979 696 2036; x_wconf 82' lang='lat' dir='ltr'>Num</span> <span class='ocrx_word' id='word_1_145' title='bbox 719 1977 830 2052; x_wconf 80' lang='lat' dir='ltr'>aliquot</span> <span class='ocrx_word' id='word_1_146' title='bbox 853 1977 924 2035; x_wconf 89' lang='lat' dir='ltr'>loeis</span> <span class='ocrx_word' id='word_1_147' title='bbox 945 1979 987 2036; x_wconf 85' lang='lat' dir='ltr'>ita</span> <span class='ocrx_word' id='word_1_148' title='bbox 1013 1979 1042 2037; x_wconf 86' lang='lat' dir='ltr'>in</span> <span class='ocrx_word' id='word_1_149' title='bbox 1065 1980 1197 2038; x_wconf 86' lang='lat' dir='ltr'>omnibus</span> <span class='ocrx_word' id='word_1_150' title='bbox 1219 1981 1301 2038; x_wconf 86' lang='lat' dir='ltr'>eodi-</span> 
     </span>
     <span class='ocr_line' id='line_1_18' title="bbox 238 2081 1300 2162; baseline 0.001 -20"><span class='ocrx_word' id='word_1_151' title='bbox 238 2085 319 2142; x_wconf 86' lang='lat' dir='ltr'>eibus</span> <span class='ocrx_word' id='word_1_152' title='bbox 340 2086 484 2161; x_wconf 72' lang='lat' dir='ltr'>primodie</span> <span class='ocrx_word' id='word_1_153' title='bbox 514 2095 543 2143; x_wconf 84' lang='lat' dir='ltr'>et</span> <span class='ocrx_word' id='word_1_154' title='bbox 570 2083 700 2142; x_wconf 84' lang='lat' dir='ltr'>codicum</span> <span class='ocrx_word' id='word_1_155' title='bbox 730 2081 846 2141; x_wconf 80' lang='lat' dir='ltr'>familiis</span> <span class='ocrx_word' id='word_1_156' title='bbox 867 2083 932 2159; x_wconf 83' lang='lat' dir='ltr'>ipsa</span> <span class='ocrx_word' id='word_1_157' title='bbox 953 2083 1060 2160; x_wconf 81' lang='lat' dir='ltr'>duplex</span> <span class='ocrx_word' id='word_1_158' title='bbox 1084 2086 1226 2162; x_wconf 81' lang='lat' dir='ltr'>scripturo</span> <span class='ocrx_word' id='word_1_159' title='bbox 1248 2105 1300 2142; x_wconf 84' lang='lat' dir='ltr'>en-</span> 
     </span>
     <span class='ocr_line' id='line_1_19' title="bbox 235 2189 1303 2267; baseline 0 -19"><span class='ocrx_word' id='word_1_160' title='bbox 235 2200 333 2267; x_wconf 85' lang='lat' dir='ltr'>perest</span> <span class='ocrx_word' id='word_1_161' title='bbox 363 2201 413 2249; x_wconf 81' lang='lat' dir='ltr'>aut</span> <span class='ocrx_word' id='word_1_162' title='bbox 441 2191 501 2248; x_wconf 86' lang='lat' dir='ltr'>eius</span> <span class='ocrx_word' id='word_1_163' title='bbox 528 2189 665 2266; x_wconf 61' lang='lat' dir='ltr'>vestiffl&#39;n,</span> <span class='ocrx_word' id='word_1_164' title='bbox 698 2199 731 2246; x_wconf 88' lang='lat' dir='ltr'>ut</span> <span class='ocrx_word' id='word_1_165' title='bbox 758 2209 843 2246; x_wconf 86' lang='lat' dir='ltr'>nemo</span> <span class='ocrx_word' id='word_1_166' title='bbox 872 2189 1004 2248; x_wconf 80' lang='lat' dir='ltr'>dubitare</span> <span class='ocrx_word' id='word_1_167' title='bbox 1030 2193 1137 2266; x_wconf 87' lang='lat' dir='ltr'>possit,</span> <span class='ocrx_word' id='word_1_168' title='bbox 1169 2191 1237 2266; x_wconf 91' lang='lat' dir='ltr'>quin</span> <span class='ocrx_word' id='word_1_169' title='bbox 1267 2191 1303 2248; x_wconf 85' lang='lat' dir='ltr'>in</span> 
     </span>
     <span class='ocr_line' id='line_1_20' title="bbox 237 2295 1300 2374; baseline 0 -20"><span class='ocrx_word' id='word_1_170' title='bbox 237 2297 336 2355; x_wconf 83' lang='lat' dir='ltr'>codice</span> <span class='ocrx_word' id='word_1_171' title='bbox 358 2297 514 2374; x_wconf 80' lang='lat' dir='ltr'>archetypo</span> <span class='ocrx_word' id='word_1_172' title='bbox 536 2295 637 2364; x_wconf 78' lang='lat' dir='ltr'>fiterit3</span> <span class='ocrx_word' id='word_1_173' title='bbox 667 2296 696 2352; x_wconf 93' lang='lat' dir='ltr'>in</span> <span class='ocrx_word' id='word_1_174' title='bbox 722 2295 818 2353; x_wconf 87' lang='lat' dir='ltr'>multis</span> <span class='ocrx_word' id='word_1_175' title='bbox 840 2296 904 2354; x_wconf 74' lang='lat' dir='ltr'>eliIs</span> <span class='ocrx_word' id='word_1_176' title='bbox 926 2305 1039 2354; x_wconf 84' lang='lat' dir='ltr'>tantum</span> <span class='ocrx_word' id='word_1_177' title='bbox 1060 2297 1089 2353; x_wconf 92' lang='lat' dir='ltr'>in</span> <span class='ocrx_word' id='word_1_178' title='bbox 1112 2297 1211 2354; x_wconf 82' lang='lat' dir='ltr'>codiee</span> <span class='ocrx_word' id='word_1_179' title='bbox 1232 2299 1300 2356; x_wconf 87' lang='lat' dir='ltr'>Me·</span> 
     </span>
     <span class='ocr_line' id='line_1_21' title="bbox 237 2401 1299 2480; baseline 0.001 -20"><span class='ocrx_word' id='word_1_180' title='bbox 237 2403 318 2460; x_wconf 88' lang='lat' dir='ltr'>diceo</span> <span class='ocrx_word' id='word_1_181' title='bbox 341 2403 491 2478; x_wconf 83' lang='lat' dir='ltr'>(quonism</span> <span class='ocrx_word' id='word_1_182' title='bbox 513 2405 549 2460; x_wconf 86' lang='lat' dir='ltr'>de</span> <span class='ocrx_word' id='word_1_183' title='bbox 564 2401 696 2462; x_wconf 78' lang='lat' dir='ltr'>Rhensni</span> <span class='ocrx_word' id='word_1_184' title='bbox 718 2401 781 2459; x_wconf 82' lang='lat' dir='ltr'>eod.</span> <span class='ocrx_word' id='word_1_185' title='bbox 803 2401 927 2476; x_wconf 79' lang='lat' dir='ltr'>tacetur)</span> <span class='ocrx_word' id='word_1_186' title='bbox 944 2411 972 2459; x_wconf 83' lang='lat' dir='ltr'>et</span> <span class='ocrx_word' id='word_1_187' title='bbox 992 2422 1051 2460; x_wconf 92' lang='lat' dir='ltr'>uno</span> <span class='ocrx_word' id='word_1_188' title='bbox 1074 2404 1202 2461; x_wconf 76' lang='lat' dir='ltr'>alterove</span> <span class='ocrx_word' id='word_1_189' title='bbox 1222 2423 1299 2480; x_wconf 81' lang='lat' dir='ltr'>prte-</span> 
     </span>
     <span class='ocr_line' id='line_1_22' title="bbox 236 2505 1299 2586; baseline 0 -20"><span class='ocrx_word' id='word_1_190' title='bbox 236 2519 318 2566; x_wconf 80' lang='lat' dir='ltr'>terea</span> <span class='ocrx_word' id='word_1_191' title='bbox 351 2517 402 2566; x_wconf 83' lang='lat' dir='ltr'>out</span> <span class='ocrx_word' id='word_1_192' title='bbox 428 2507 514 2567; x_wconf 82' lang='lat' dir='ltr'>etiam</span> <span class='ocrx_word' id='word_1_193' title='bbox 548 2509 577 2566; x_wconf 87' lang='lat' dir='ltr'>in</span> <span class='ocrx_word' id='word_1_194' title='bbox 608 2507 670 2566; x_wconf 91' lang='lat' dir='ltr'>solo</span> <span class='ocrx_word' id='word_1_195' title='bbox 692 2505 824 2564; x_wconf 84' lang='lat' dir='ltr'>Medieeo</span> <span class='ocrx_word' id='word_1_196' title='bbox 854 2507 961 2583; x_wconf 85' lang='lat' dir='ltr'>duplex</span> <span class='ocrx_word' id='word_1_197' title='bbox 983 2509 1126 2586; x_wconf 82' lang='lat' dir='ltr'>scriptura</span> <span class='ocrx_word' id='word_1_198' title='bbox 1147 2510 1299 2585; x_wconf 86' lang='lat' dir='ltr'>reperitur,</span> 
     </span>
     <span class='ocr_line' id='line_1_23' title="bbox 237 2605 1304 2691; baseline 0 -19"><span class='ocrx_word' id='word_1_199' title='bbox 237 2623 270 2672; x_wconf 88' lang='lat' dir='ltr'>ut</span> <span class='ocrx_word' id='word_1_200' title='bbox 291 2615 431 2690; x_wconf 80' lang='lat' dir='ltr'>suspirari</span> <span class='ocrx_word' id='word_1_201' title='bbox 453 2615 566 2690; x_wconf 82' lang='lat' dir='ltr'>uliquis,</span> <span class='ocrx_word' id='word_1_202' title='bbox 589 2613 637 2689; x_wconf 90' lang='lat' dir='ltr'>qui</span> <span class='ocrx_word' id='word_1_203' title='bbox 659 2605 753 2671; x_wconf 81' lang='lat' dir='ltr'>mitius</span> <span class='ocrx_word' id='word_1_204' title='bbox 776 2614 915 2685; x_wconf 80' lang='lat' dir='ltr'>attendat,</span> <span class='ocrx_word' id='word_1_205' title='bbox 938 2615 1048 2691; x_wconf 83' lang='lat' dir='ltr'>possit,</span> <span class='ocrx_word' id='word_1_206' title='bbox 1071 2633 1135 2672; x_wconf 78' lang='lat' dir='ltr'>earn</span> <span class='ocrx_word' id='word_1_207' title='bbox 1157 2615 1202 2672; x_wconf 89' lang='lat' dir='ltr'>his</span> <span class='ocrx_word' id='word_1_208' title='bbox 1225 2615 1304 2672; x_wconf 82' lang='lat' dir='ltr'>loeis</span> 
     </span>
     <span class='ocr_line' id='line_1_24' title="bbox 238 2717 1304 2790; baseline -0.006 -10"><span class='ocrx_word' id='word_1_209' title='bbox 238 2741 295 2780; x_wconf 90' lang='lat' dir='ltr'>non</span> <span class='ocrx_word' id='word_1_210' title='bbox 317 2721 346 2777; x_wconf 92' lang='lat' dir='ltr'>in</span> <span class='ocrx_word' id='word_1_211' title='bbox 368 2719 513 2777; x_wconf 84' lang='lat' dir='ltr'>communi</span> <span class='ocrx_word' id='word_1_212' title='bbox 535 2720 661 2778; x_wconf 90' lang='lat' dir='ltr'>omnium</span> <span class='ocrx_word' id='word_1_213' title='bbox 683 2729 848 2778; x_wconf 86' lang='lat' dir='ltr'>nostrorum</span> <span class='ocrx_word' id='word_1_214' title='bbox 876 2717 956 2777; x_wconf 86' lang='lat' dir='ltr'>fonte</span> <span class='ocrx_word' id='word_1_215' title='bbox 976 2721 1034 2778; x_wconf 83' lang='lat' dir='ltr'>iam</span> <span class='ocrx_word' id='word_1_216' title='bbox 1057 2720 1160 2790; x_wconf 85' lang='lat' dir='ltr'>fuisse,</span> <span class='ocrx_word' id='word_1_217' title='bbox 1194 2718 1245 2775; x_wconf 89' lang='lat' dir='ltr'>sed</span> <span class='ocrx_word' id='word_1_218' title='bbox 1266 2717 1304 2774; x_wconf 90' lang='lat' dir='ltr'>in·</span> 
     </span>
     <span class='ocr_line' id='line_1_25' title="bbox 237 2824 1301 2901; baseline -0.004 -17"><span class='ocrx_word' id='word_1_219' title='bbox 237 2825 336 2901; x_wconf 77' lang='lat' dir='ltr'>aliquo</span> <span class='ocrx_word' id='word_1_220' title='bbox 358 2827 456 2884; x_wconf 84' lang='lat' dir='ltr'>codiee</span> <span class='ocrx_word' id='word_1_221' title='bbox 482 2825 557 2882; x_wconf 86' lang='lat' dir='ltr'>inter</span> <span class='ocrx_word' id='word_1_222' title='bbox 583 2825 663 2882; x_wconf 91' lang='lat' dir='ltr'>illum</span> <span class='ocrx_word' id='word_1_223' title='bbox 690 2835 719 2882; x_wconf 81' lang='lat' dir='ltr'>et</span> <span class='ocrx_word' id='word_1_224' title='bbox 741 2827 903 2883; x_wconf 85' lang='lat' dir='ltr'>Medioeum</span> <span class='ocrx_word' id='word_1_225' title='bbox 930 2825 1078 2884; x_wconf 88' lang='lat' dir='ltr'>interiecto</span> <span class='ocrx_word' id='word_1_226' title='bbox 1099 2824 1223 2901; x_wconf 84' lang='lat' dir='ltr'>primurn</span> <span class='ocrx_word' id='word_1_227' title='bbox 1245 2843 1301 2881; x_wconf 90' lang='lat' dir='ltr'>or-</span> 
     </span>
     <span class='ocr_line' id='line_1_26' title="bbox 236 2930 1300 3007; baseline -0.002 -17"><span class='ocrx_word' id='word_1_228' title='bbox 236 2943 296 2990; x_wconf 81' lang='lat' dir='ltr'>tam</span> <span class='ocrx_word' id='word_1_229' title='bbox 317 2951 394 3002; x_wconf 85' lang='lat' dir='ltr'>esse3</span> <span class='ocrx_word' id='word_1_230' title='bbox 426 2949 494 2987; x_wconf 82' lang='lat' dir='ltr'>nom</span> <span class='ocrx_word' id='word_1_231' title='bbox 525 2930 554 2986; x_wconf 95' lang='lat' dir='ltr'>in</span> <span class='ocrx_word' id='word_1_232' title='bbox 583 2931 647 3007; x_wconf 83' lang='lat' dir='ltr'>ipso</span> <span class='ocrx_word' id='word_1_233' title='bbox 669 2931 748 2990; x_wconf 86' lang='lat' dir='ltr'>Med.</span> <span class='ocrx_word' id='word_1_234' title='bbox 771 2932 813 2990; x_wconf 87' lang='lat' dir='ltr'>sio</span> <span class='ocrx_word' id='word_1_235' title='bbox 835 2931 953 2989; x_wconf 81' lang='lat' dir='ltr'>confuse</span> <span class='ocrx_word' id='word_1_236' title='bbox 976 2932 1173 2990; x_wconf 73' lang='lat' dir='ltr'>additamenta</span> <span class='ocrx_word' id='word_1_237' title='bbox 1195 2931 1300 2988; x_wconf 74' lang='lat' dir='ltr'>medius</span> 
     </span>
     <span class='ocr_line' id='line_1_27' title="bbox 239 3035 1299 3114; baseline -0.001 -19"><span class='ocrx_word' id='word_1_238' title='bbox 239 3037 363 3095; x_wconf 81' lang='lat' dir='ltr'>orationi</span> <span class='ocrx_word' id='word_1_239' title='bbox 384 3036 620 3114; x_wconf 84' lang='lat' dir='ltr'>interponuntur,</span> <span class='ocrx_word' id='word_1_240' title='bbox 643 3045 675 3094; x_wconf 93' lang='lat' dir='ltr'>ut</span> <span class='ocrx_word' id='word_1_241' title='bbox 698 3035 737 3093; x_wconf 90' lang='lat' dir='ltr'>ibi</span> <span class='ocrx_word' id='word_1_242' title='bbox 758 3037 882 3112; x_wconf 86' lang='lat' dir='ltr'>primum</span> <span class='ocrx_word' id='word_1_243' title='bbox 906 3038 1052 3114; x_wconf 78' lang='lat' dir='ltr'>adscripta</span> <span class='ocrx_word' id='word_1_244' title='bbox 1073 3057 1157 3094; x_wconf 85' lang='lat' dir='ltr'>nemo</span> <span class='ocrx_word' id='word_1_245' title='bbox 1180 3037 1299 3095; x_wconf 86' lang='lat' dir='ltr'>eredere</span> 
     </span>
     <span class='ocr_line' id='line_1_28' title="bbox 238 3142 1298 3222; baseline -0.002 -22"><span class='ocrx_word' id='word_1_246' title='bbox 238 3143 340 3219; x_wconf 88' lang='lat' dir='ltr'>possit.</span> <span class='ocrx_word' id='word_1_247' title='bbox 409 3142 467 3202; x_wconf 82' lang='lat' dir='ltr'>Sed</span> <span class='ocrx_word' id='word_1_248' title='bbox 496 3143 557 3200; x_wconf 85' lang='lat' dir='ltr'>haec</span> <span class='ocrx_word' id='word_1_249' title='bbox 580 3162 696 3218; x_wconf 88' lang='lat' dir='ltr'>quoque</span> <span class='ocrx_word' id='word_1_250' title='bbox 717 3163 733 3200; x_wconf 87' lang='lat' dir='ltr'>e</span> <span class='ocrx_word' id='word_1_251' title='bbox 755 3143 854 3200; x_wconf 84' lang='lat' dir='ltr'>codiee</span> <span class='ocrx_word' id='word_1_252' title='bbox 874 3143 938 3218; x_wconf 89' lang='lat' dir='ltr'>ipso</span> <span class='ocrx_word' id='word_1_253' title='bbox 962 3145 1118 3222; x_wconf 81' lang='lat' dir='ltr'>archetypo</span> <span class='ocrx_word' id='word_1_254' title='bbox 1148 3143 1178 3200; x_wconf 91' lang='lat' dir='ltr'>in</span> <span class='ocrx_word' id='word_1_255' title='bbox 1200 3143 1298 3200; x_wconf 89' lang='lat' dir='ltr'>Medi-</span> 
     </span>
     <span class='ocr_line' id='line_1_29' title="bbox 237 3249 1299 3326; baseline -0.001 -20"><span class='ocrx_word' id='word_1_256' title='bbox 237 3267 318 3306; x_wconf 84' lang='lat' dir='ltr'>oeum</span> <span class='ocrx_word' id='word_1_257' title='bbox 341 3249 494 3320; x_wconf 83' lang='lat' dir='ltr'>transisse,</span> <span class='ocrx_word' id='word_1_258' title='bbox 518 3268 576 3306; x_wconf 92' lang='lat' dir='ltr'>non</span> <span class='ocrx_word' id='word_1_259' title='bbox 598 3249 691 3306; x_wconf 88' lang='lat' dir='ltr'>solum</span> <span class='ocrx_word' id='word_1_260' title='bbox 715 3268 751 3306; x_wconf 84' lang='lat' dir='ltr'>ex</span> <span class='ocrx_word' id='word_1_261' title='bbox 775 3267 809 3306; x_wconf 90' lang='lat' dir='ltr'>eo</span> <span class='ocrx_word' id='word_1_262' title='bbox 832 3257 962 3324; x_wconf 81' lang='lat' dir='ltr'>apparet,</span> <span class='ocrx_word' id='word_1_263' title='bbox 985 3251 1062 3326; x_wconf 91' lang='lat' dir='ltr'>quod</span> <span class='ocrx_word' id='word_1_264' title='bbox 1083 3249 1228 3308; x_wconf 90' lang='lat' dir='ltr'>nonnullis</span> <span class='ocrx_word' id='word_1_265' title='bbox 1249 3258 1299 3305; x_wconf 77' lang='lat' dir='ltr'>tu-</span> 
     </span>
     <span class='ocr_line' id='line_1_30' title="bbox 236 3353 1306 3431; baseline 0.001 -20"><span class='ocrx_word' id='word_1_266' title='bbox 236 3373 303 3411; x_wconf 88' lang='lat' dir='ltr'>men</span> <span class='ocrx_word' id='word_1_267' title='bbox 324 3353 395 3411; x_wconf 85' lang='lat' dir='ltr'>loeis</span> <span class='ocrx_word' id='word_1_268' title='bbox 417 3355 455 3411; x_wconf 80' lang='lat' dir='ltr'>ad</span> <span class='ocrx_word' id='word_1_269' title='bbox 476 3355 549 3412; x_wconf 85' lang='lat' dir='ltr'>elios</span> <span class='ocrx_word' id='word_1_270' title='bbox 572 3355 711 3430; x_wconf 80' lang='lat' dir='ltr'>quosdam</span> <span class='ocrx_word' id='word_1_271' title='bbox 735 3355 848 3412; x_wconf 78' lang='lat' dir='ltr'>codices</span> <span class='ocrx_word' id='word_1_272' title='bbox 870 3373 889 3410; x_wconf 77' lang='lat' dir='ltr'><strong>a</strong></span> <span class='ocrx_word' id='word_1_273' title='bbox 910 3355 1041 3414; x_wconf 88' lang='lat' dir='ltr'>Medieeo</span> <span class='ocrx_word' id='word_1_274' title='bbox 1064 3356 1205 3414; x_wconf 89' lang='lat' dir='ltr'>diiunctos</span> <span class='ocrx_word' id='word_1_275' title='bbox 1226 3375 1306 3431; x_wconf 90' lang='lat' dir='ltr'>pro·-</span> 
     </span>
    </p>
   </div>
   <div class='ocr_carea' id='block_1_9' title="bbox 237 3539 434 3548">
    <p class='ocr_par' dir='ltr' id='par_1_9' title="bbox 237 3539 434 3548">
     <span class='ocr_line' id='line_1_31' title="bbox 237 3539 434 3548; baseline -0.005 0"><span class='ocrx_word' id='word_1_276' title='bbox 237 3539 434 3548; x_wconf 51' lang='grc' dir='ltr'>-ῌ-</span> 
     </span>
    </p>
   </div>
   <div class='ocr_carea' id='block_1_10' title="bbox 256 3629 1304 4093">
    <p class='ocr_par' dir='ltr' id='par_1_10' title="bbox 256 3629 1304 4093">
     <span class='ocr_line' id='line_1_32' title="bbox 256 3629 1304 3727; baseline -0.001 -16"><span class='ocrx_word' id='word_1_277' title='bbox 256 3656 278 3724; x_wconf 83' lang='lat'>²)</span> <span class='ocrx_word' id='word_1_278' title='bbox 306 3662 406 3712; x_wconf 83' lang='lat' dir='ltr'>Livium</span> <span class='ocrx_word' id='word_1_279' title='bbox 425 3661 569 3726; x_wconf 83' lang='lat' dir='ltr'>scripsisse:</span> <span class='ocrx_word' id='word_1_280' title='bbox 595 3661 716 3726; x_wconf 84' lang='lat' dir='ltr'>quibus</span> <span class='ocrx_word' id='word_1_281' title='bbox 734 3629 901 3724; x_wconf 84' lang='lat' dir='ltr'>plerisqtio</span> <span class='ocrx_word' id='word_1_282' title='bbox 925 3663 957 3711; x_wconf 93' lang='lat' dir='ltr'>iu</span> <span class='ocrx_word' id='word_1_283' title='bbox 976 3671 1068 3712; x_wconf 79' lang='lat' dir='ltr'>teuto</span> <span class='ocrx_word' id='word_1_284' title='bbox 1088 3664 1239 3727; x_wconf 79' lang='lat' dir='ltr'>rurisque</span> <span class='ocrx_word' id='word_1_285' title='bbox 1263 3663 1304 3710; x_wconf 77' lang='lat' dir='ltr'>im</span> 
     </span>
     <span class='ocr_line' id='line_1_33' title="bbox 306 3751 1298 3820; baseline 0.003 -19"><span class='ocrx_word' id='word_1_286' title='bbox 306 3767 446 3816; x_wconf 78' lang='lat' dir='ltr'>corpora</span> <span class='ocrx_word' id='word_1_287' title='bbox 464 3753 538 3818; x_wconf 81' lang='lat' dir='ltr'>ipso</span> <span class='ocrx_word' id='word_1_288' title='bbox 557 3751 639 3802; x_wconf 86' lang='lat' dir='ltr'>lixis</span> <span class='ocrx_word' id='word_1_289' title='bbox 657 3761 752 3802; x_wconf 87' lang='lat' dir='ltr'>certum</span> <span class='ocrx_word' id='word_1_290' title='bbox 774 3763 814 3802; x_wconf 86' lang='lat' dir='ltr'>est</span> <span class='ocrx_word' id='word_1_291' title='bbox 832 3754 871 3803; x_wconf 83' lang='lat' dir='ltr'>vel</span> <span class='ocrx_word' id='word_1_292' title='bbox 889 3754 923 3803; x_wconf 92' lang='lat' dir='ltr'>ob</span> <span class='ocrx_word' id='word_1_293' title='bbox 941 3755 1108 3820; x_wconf 82' lang='lat' dir='ltr'>plerisque</span> <span class='ocrx_word' id='word_1_294' title='bbox 1127 3765 1153 3804; x_wconf 82' lang='lat' dir='ltr'>ot</span> <span class='ocrx_word' id='word_1_295' title='bbox 1169 3757 1204 3818; x_wconf 85' lang='lat' dir='ltr'>id,</span> <span class='ocrx_word' id='word_1_296' title='bbox 1227 3757 1298 3818; x_wconf 90' lang='lat' dir='ltr'>qnod</span> 
     </span>
     <span class='ocr_line' id='line_1_34' title="bbox 307 3845 1298 3911; baseline 0.002 -17"><span class='ocrx_word' id='word_1_297' title='bbox 307 3845 433 3909; x_wconf 86' lang='lat' dir='ltr'>sequitur:</span> <span class='ocrx_word' id='word_1_298' title='bbox 467 3859 584 3909; x_wconf 77' lang='lat' dir='ltr'>magne</span> <span class='ocrx_word' id='word_1_299' title='bbox 610 3861 684 3911; x_wconf 78' lang='lat' dir='ltr'>pers</span> <span class='ocrx_word' id='word_1_300' title='bbox 711 3845 856 3908; x_wconf 81' lang='lat' dir='ltr'>integris</span> <span class='ocrx_word' id='word_1_301' title='bbox 884 3849 1089 3910; x_wconf 84' lang='lat' dir='ltr'>eorporibns;</span> <span class='ocrx_word' id='word_1_302' title='bbox 1120 3847 1182 3897; x_wconf 86' lang='lat' dir='ltr'>nihil</span> <span class='ocrx_word' id='word_1_303' title='bbox 1215 3854 1298 3911; x_wconf 81' lang='lat' dir='ltr'>ngnnt</span> 
     </span>
     <span class='ocr_line' id='line_1_35' title="bbox 303 3936 1303 4004; baseline 0.002 -18"><span class='ocrx_word' id='word_1_304' title='bbox 303 3938 329 3986; x_wconf 91' lang='lat' dir='ltr'>h.</span> <span class='ocrx_word' id='word_1_305' title='bbox 348 3937 364 3987; x_wconf 80' lang='lat' dir='ltr'>l,</span> <span class='ocrx_word' id='word_1_306' title='bbox 382 3947 498 3986; x_wconf 79' lang='lat' dir='ltr'>veruto</span> <span class='ocrx_word' id='word_1_307' title='bbox 521 3939 581 4002; x_wconf 84' lang='lat' dir='ltr'>pilis</span> <span class='ocrx_word' id='word_1_308' title='bbox 604 3937 775 4002; x_wconf 74' lang='lat' dir='ltr'>superaddita.</span> <span class='ocrx_word' id='word_1_309' title='bbox 830 3937 961 3988; x_wconf 73' lang='lat' dir='ltr'>Consentio</span> <span class='ocrx_word' id='word_1_310' title='bbox 988 3955 1066 4004; x_wconf 77' lang='lat' dir='ltr'>praru</span> <span class='ocrx_word' id='word_1_311' title='bbox 1089 3940 1143 3988; x_wconf 78' lang='lat' dir='ltr'>hose</span> <span class='ocrx_word' id='word_1_312' title='bbox 1163 3936 1225 4001; x_wconf 64' lang='lat' dir='ltr'>est,</span> <span class='ocrx_word' id='word_1_313' title='bbox 1242 3954 1303 3988; x_wconf 86' lang='lat' dir='ltr'>non</span> 
     </span>
     <span class='ocr_line' id='line_1_36' title="bbox 304 4029 563 4093; baseline 0.008 -17"><span class='ocrx_word' id='word_1_314' title='bbox 304 4029 563 4093; x_wconf 75' lang='lat' dir='ltr'>interpretamentum.</span> 
     </span>
    </p>
   </div>
   <div class='ocr_carea' id='block_1_11' title="bbox 0 0 1420 4650">
    <p class='ocr_par' dir='ltr' id='par_1_11' title="bbox 0 0 1420 4650">
     <span class='ocr_line' id='line_1_37' title="bbox 0 0 1420 4650; baseline 0 0"><span class='ocrx_word' id='word_1_315' title='bbox 0 0 1420 4650; x_wconf 95' lang='lat' dir='ltr'> </span> 
     </span>
    </p>
   </div>
  </div>
 </body>
</html>
