2826 4640
581 275 640 333 499
997 275 1054 324 Lib.
1069 275 1141 326 XLI.

81 457 206 515 videtur.
262 456 343 514 Infra
375 459 403 527 (ξ
429 457 493 531 12),
525 460 574 517 ubi
606 459 712 518 editur:
746 459 829 516 Hac
860 459 1012 536 collegas
1042 461 1142 517 obsc-

82 572 240 640 quanter
260 562 375 633 facta,
403 564 541 637 quoniam
570 566 600 624 in
621 566 721 624 codice
741 574 799 622 est:
833 565 915 623 Haeo
937 585 955 622 a
976 567 1151 643 collegae,

73 670 146 748 ‚dixi
167 669 348 727 scribendum
363 669 469 727 videri:
490 689 509 728 a
530 671 686 747 collega,
708 689 796 746 quum
811 671 970 746 prasertim
991 673 1142 750 collegae

85 795 200 838 nomen,
220 793 314 850 nuper
335 775 370 831 de
392 773 529 834 Graccho
543 777 679 854 positum,
700 776 881 835 incommode
893 777 1084 837 transferatur
1104 781 1142 838 ad

83 882 179 957 ipsum
202 875 397 956 Claudium.¹)
681 869 688 880 ’

169 986 241 1063 Cap.
277 992 329 1056 lt,
364 992 489 1062 lquum
510 987 540 1042 in
572 987 672 1046 codice
702 987 858 1046 scribatur:
896 989 1029 1046 Paucis
1059 1001 1143 1047 ante

83 1094 212 1151 diebus
243 1093 372 1150 Iunius
398 1091 632 1167 Manliusque
654 1093 829 1170 oppidum
859 1093 1046 1150 etmattius
1069 1091 1143 1168 (Ne-

81 1199 220 1272 sactium)
313 1217 448 1256 summa
468 1198 503 1254 vi
525 1208 740 1275 oppugnant
762 1199 839 1273 (edd.
864 1198 1142 1276 oppugnarunt),

84 1305 249 1363 laciendum
265 1304 379 1362 videtur
400 1313 671 1380 oppuguaraut3
693 1323 762 1362 nam
776 1323 902 1381 praesens
916 1313 1029 1380 tempus
1043 1313 1144 1380 aperte

81 1411 242 1469 excludunt
261 1409 324 1467 illa:
352 1409 487 1467 Paucis
519 1419 604 1467 ante
633 1409 774 1469 diebus.
825 1411 922 1467 Medio
944 1410 1039 1486 capita
1061 1412 1088 1484 (ξ
1111 1408 1142 1486 6)

82 1537 198 1588 vereor,
218 1527 251 1574 nt
271 1525 349 1574 reete
369 1515 524 1572 scribatur:
553 1515 655 1573 cuius
683 1515 806 1592 (oppidi)
828 1517 926 1592 capti
952 1516 1142 1574 tumultum

84 1634 122 1682 ut
149 1643 192 1681 ex
224 1623 302 1696 (cod.
331 1621 460 1678 tumuli
487 1623 541 1692 cx)
574 1621 707 1696 pavido
732 1621 892 1678 clamore
918 1601 1176 1696 fugientium·

83 1730 229 1804 accepit
249 1745 322 1798 rex,
345 1727 495 1784 traiecit
515 1725 614 1783 ferro
636 1737 777 1803 pectus;
799 1727 981 1802 nequeenim
1005 1728 1144 1786 tumultus

81 1855 123 1893 ex
145 1835 271 1892 clamore
293 1833 366 1910 (hoo
388 1843 431 1890 est
452 1850 561 1908 prope,
589 1852 625 1890 cx
653 1834 788 1907 tumultu)
817 1833 908 1910 accipi
930 1843 1008 1891 recte
1029 1834 1142 1894 dicitur.

85 1943 231 1998 Praestara
249 1939 376 1996 videtur:
397 1940 499 1997 cuius
520 1941 617 2016 capti
638 1939 800 1998 nuntium
817 1949 855 1997 ut
870 1957 914 1998 ex
933 1959 1011 2016 par.
1029 1941 1071 1998 cl.
1089 1954 1143 2000 cet.

170 2043 243 2120 Cap.
272 2047 323 2115 tt,
351 2046 385 2101 9:
417 2044 570 2119 Ligures
591 2046 626 2103 in
658 2055 800 2103 montes
829 2044 1047 2121 refugerunt
1067 2065 1145 2123 pas·

82 2151 168 2220 sim,
194 2150 462 2226 populantique
491 2161 717 2227 campestres
748 2169 857 2226 agros
884 2153 1025 2210 consuli
1045 2153 1146 2212 nulla

86 2275 237 2332 usquam
260 2265 512 2332 apparuerunt
532 2275 640 2315 arma.
688 2258 793 2332 Neque
814 2257 895 2315 locus
917 2259 1048 2317 adverbii
1067 2278 1146 2335 pas·

85 2360 152 2417 sim
174 2360 270 2436 placet
290 2360 456 2438 (prostaret
479 2362 567 2420 enim:
599 2363 737 2439 passim
768 2363 803 2420 in
835 2371 973 2420 montes
999 2363 1146 2440 refuge-

85 2469 183 2536 runt)
214 2485 307 2541 neque
328 2479 409 2527 recta
430 2477 481 2526 aut
500 2469 543 2526 rei
564 2478 635 2544 apta
662 2469 803 2526 sententia
825 2477 883 2536 est3
918 2485 987 2526 uam
1016 2488 1076 2526 una
1097 2470 1146 2528 via

83 2572 221 2630 abierunt
251 2573 373 2648 Liguras
401 2575 431 2632 in
457 2583 585 2645 montes,
612 2593 671 2631 non
705 2575 814 2652 passim
841 2593 894 2650 per
923 2591 1010 2648 egros
1041 2575 1145 2651 dilapsi

87 2686 163 2735 sunt.
207 2669 396 2738 scribendum
419 2698 482 2738 csse
511 2681 615 2756 opinor
638 2679 916 2755 transpositoque:
944 2680 979 2736 in
1008 2691 1146 2740 montes

88 2783 320 2860 refugerunt,
341 2787 553 2863 passimque
573 2785 770 2862 populanti
792 2793 1014 2861 campestres
1036 2805 1146 2862 agros

87 2889 233 2947 consuli
262 2901 316 2948 cet.
383 2893 494 2951 Eadem
526 2892 670 2968 particula
702 2889 880 2966 transposita
909 2901 953 2948 est
984 2893 1039 2950 boc
1072 2891 1147 2950 libro

85 3015 114 3053 c.
137 2997 187 3066 23,
210 2999 228 3054 6
251 3000 325 3064 (cod.
351 2999 607 3074 gravissimam
635 2997 863 3072 omniumque
890 3017 944 3074 pro
972 2999 1147 3074 gravissi·

89 3121 253 3177 mamque
275 3099 446 3180 omnium)
474 3113 502 3160 at
523 3103 624 3173 XLII,
648 3107 665 3161 4
689 3113 763 3161 extr.
787 3103 865 3173 (cod.
888 3104 929 3161 da
951 3104 1148 3164 discordiis

88 3207 336 3266 seditionibus
369 3209 518 3284 suisque
548 3228 616 3285 pro:
650 3209 692 3266 de
722 3207 807 3266 disc.
829 3210 1148 3286 seditionibusque

89 3317 125 3386 s.)
153 3323 182 3370 et
211 3315 266 3385 58,
296 3317 313 3372 9
345 3315 423 3384 (cod.
452 3314 612 3390 equiturn
639 3332 827 3388 sacrasque
856 3315 922 3372 alte
954 3335 1022 3391 pro:
1053 3319 1149 3392 cqui-

89 3429 234 3494 tumque
255 3438 364 3477 sacra
385 3421 471 3496 alra).

175 3523 248 3602 Cap.
276 3529 321 3598 16,
344 3528 362 3584 2
386 3527 487 3602 (quum
510 3527 643 3604 religioni
664 3525 781 3596 fuisset,
808 3524 886 3599 quod
919 3525 948 3582 iu
974 3545 1032 3584 una
1054 3529 1150 3586 hostia

89 3631 278 3706 magistratus
310 3634 489 3692 Lanuvinus.
512 3645 648 3711 precatus
681 3649 739 3690 uon
775 3639 851 3688 essct
879 3631 988 3708 populo
1016 3635 1149 3692 Romano

89 3735 260 3811 Quiritium,
292 3757 396 3815 resque
418 3741 456 3798 ad
477 3742 628 3817 pontifices
648 3740 743 3798 relata
763 3737 862 3810 esset),
889 3737 1150 3813 pontificibus,

87 3885 287 3899 ..ὴ--ιι

110 3969 137 4038 ¹)
166 3974 181 4037 5
202 3979 217 4022 2
243 3989 314 4026 ease
332 3977 426 4026 cncidit
451 3993 502 4026 uon
525 3987 583 4041 post
601 3977 696 4034 satis,
720 3975 764 4024 sed
783 3973 850 4025 inter
867 3975 1038 4025 exercitus
1057 3983 1082 4024 ct
1100 3989 1155 4024 ax-

163 4067 251 4116 civit.

905 4157 952 4208 Μ’
