2822 4648
308 282 365 332 Lib,
385 281 445 333 v11.
774 287 831 341 140

268 475 388 523 menta
411 467 528 542 (praeter
547 467 684 542 psaltrias
705 475 734 523 ct
755 466 994 539 sambucistriae),
1007 467 1086 542 quod
1101 487 1220 542 prorsus
1233 481 1336 525 tenen-

267 572 337 628 dum
359 579 417 640 est3
439 571 603 628 nemetiam
618 571 803 647 psaltriarum
815 582 844 627 et
855 571 1123 629 sambucistriarum
1136 591 1184 629 ars
1197 573 1333 630 ludorum

268 675 464 750 appellatione
487 676 662 746 continetur3
688 695 741 734 neo
763 676 988 746 convivalia,
1024 678 1102 751 quod
1124 687 1191 735 anto
1206 678 1280 734 alia
1301 679 1336 734 in

269 779 442 854 Moguntino
463 781 581 856 ponitur
602 780 644 856 (in
666 783 768 840 ceteris
790 782 960 840 convivia
982 783 1236 841 atindedetortum
1249 801 1335 840 oon-

268 883 392 956 viriis)
406 887 673 960 reprehendendum
693 887 820 958 videtum
843 905 941 946 noma
962 889 1082 946 scenicis
1103 889 1178 946 ludis
1190 907 1335 965 separan-

269 997 316 1045 tur
338 989 568 1060 oblectamenta,
591 1011 655 1066 quae
676 993 705 1049 in
726 992 865 1050 conviviis
881 993 966 1066 (τοῖς
989 991 1207 1073 συμποσίοις)
1237 995 1334 1070 epulis

269 1089 323 1178 (τῇ
350 1089 453 1170 δαιτί)
483 1097 672 1157 addebantur.
716 1099 752 1155 In
774 1097 858 1156 huius
881 1107 977 1156 autom
1000 1097 1119 1174 capitis,
1141 1118 1159 1154 a
1182 1117 1241 1172 quo
1261 1115 1335 1172 pro-

268 1199 346 1258 fecta
369 1202 490 1275 quaestio
512 1213 574 1274 est,
596 1191 688 1260 altero
709 1205 775 1261 loco
797 1204 860 1260 ΜΗ
867 1205 923 1262 lLl
953 1205 1061 1262 babent
1082 1212 1181 1279 aperte
1201 1202 1335 1272 ludios,

268 1306 298 1362 id
320 1316 372 1376 est,
395 1308 639 1381 quemadmodum
661 1310 691 1366 in
713 1309 786 1366 Lov.
810 1313 838 1380 4,
862 1313 890 1377 5,
901 1309 1024 1366 Hearuii
1044 1309 1136 1366 tribus
1151 1307 1335 1383 exprimitur,

268 1414 400 1484 ludius,
419 1413 498 1488 quod
519 1413 703 1490 perspicuum
725 1425 769 1470 est
789 1415 940 1472 Valerium
956 1413 1118 1472 Maximum
1142 1412 1195 1486 (ΙΙ,
1220 1413 1332 1470 ldom.

271 1519 302 1596 4)
324 1521 380 1576 hoc
402 1519 468 1577 loco
487 1519 625 1593 scriptum
647 1519 765 1594 legisse;
793 1519 860 1576 inde
888 1529 988 1576 natum
1006 1519 1035 1576 in
1055 1519 1083 1577 P
1105 1527 1133 1576 et
1155 1519 1333 1576 deteriorum

268 1625 398 1702 principe
419 1624 529 1682 ludio.
588 1625 772 1698 Relinquitur
801 1625 911 1699 primus
933 1626 1033 1696 locus,
1066 1625 1095 1680 in
1132 1644 1190 1700 quo
1213 1641 1272 1680 uno
1295 1641 1335 1680 eo

269 1731 363 1786 minus
385 1729 486 1787 Livius
513 1747 633 1804 prorsus
654 1729 792 1786 inusitato
816 1731 960 1789 vocabulo
993 1749 1063 1788 usus
1086 1748 1149 1787 esse
1169 1728 1334 1786 existimari

268 1843 374 1910 potest,
396 1835 420 1890 si
438 1835 467 1890 iu
483 1835 547 1909 ipsa
562 1835 799 1910 interpretatione
809 1837 944 1894 vocabuli
959 1837 1049 1895 Tusci
1064 1837 1196 1908 (hister
1207 1835 1331 1892 Tusco

268 1941 380 1997 verbo
405 1939 529 1996 ludius
557 1939 772 2014 vocabatur)
805 1941 912 1998 usitato
941 1959 1011 1998 usus
1041 1951 1092 1998 est
1145 1941 1250 2015 Itaque
1271 1959 1335 1996 non

267 2045 438 2103 ludiones
453 2045 686 2121 Liviusscripsit‚
709 2047 774 2104 sed:
799 2045 904 2118 ludii,
926 2047 1092 2104 homines
1115 2065 1157 2103 ex
1179 2045 1336 2103 Etruria

267 2149 392 2218 acciti3
425 2152 626 2226 compendium
658 2151 794 2209 vocabuli
822 2153 986 2209 homines
1021 2169 1086 2208 cum
1114 2150 1205 2208 ludii
1228 2149 1334 2225 (ludi)

269 2253 387 2312 coaluit

363 2359 436 2435 Cep.
461 2363 489 2431 3,
512 2361 530 2418 8
555 2360 617 2432 (ubi
640 2360 736 2436 agitur
758 2363 794 2418 de
816 2363 937 2420 solemni
958 2362 1035 2420 clavi
1055 2361 1191 2437 ligendil:
1215 2361 1336 2418 Hora-

270 2465 345 2522 tius
367 2466 494 2523 consul
516 2467 659 2540 exlege
685 2468 863 2543 templum
885 2468 987 2525 Iovis
1010 2467 1148 2544 Optimi
1179 2467 1335 2525 Maximi

270 2569 458 2627 dedicavit
489 2590 581 2628 anno
613 2581 697 2646 post
727 2591 834 2648 reges
866 2583 1032 2642 exactos3
1066 2591 1084 2628 a
1115 2571 1336 2630 consulibus

269 2685 399 2750 postea
415 2677 457 2732 ad
473 2677 676 2734 dictatores
692 2709 730 2720 —
750 2677 928 2735 sollemne
942 2677 1038 2734 clari
1056 2677 1199 2752 ligendi
1213 2687 1336 2734 trans-

270 2781 381 2836 latum
404 2790 467 2839 est.
529 2783 636 2854 Legem
674 2781 830 2858 significari
861 2793 976 2859 oportet
998 2803 1082 2853 eam,
1120 2801 1207 2858 quam
1230 2781 1336 2840 Livius

268 2885 358 2959 paulo
382 2895 448 2941 ante
472 2891 500 2954 (ξ
512 2889 542 2958 5)
555 2887 623 2943 dicit
635 2889 723 2944 fixam
745 2889 835 2948 fuisse
860 2891 990 2948 dextro
1012 2888 1129 2945 latere
1151 2893 1203 2956 (-
1217 2897 1270 2943 aut
1290 2887 1337 2944 sio

268 2988 452 3046 scribendum
468 2999 518 3046 aut
539 2991 650 3048 lateri
668 2993 798 3051 ablativo
822 3015 890 3053 casu
914 2993 1112 3069 accipiendum
1124 2991 1176 3068 —)
1199 2991 1336 3049 aedislo-

269 3093 314 3150 vis
336 3093 502 3170 Capitolini,
524 3097 559 3152 de
582 3097 665 3154 claro
687 3101 811 3175 figendo.
861 3101 967 3175 ltaque
994 3119 1035 3157 ea
1057 3099 1137 3174 lege
1158 3097 1245 3155 scribi
1276 3117 1336 3155 ro-

267 3201 340 3260 lunt.
390 3201 497 3258 Verum
521 3221 584 3259 eam
607 3203 700 3278 legem
723 3205 823 3263 Livius
845 3208 907 3282 ipso
928 3205 998 3262 dicit
1018 3223 1077 3261 non
1098 3203 1134 3262 de
1158 3203 1259 3278 templi
1281 3202 1336 3260 de·

269 3306 421 3376 dicationa
444 3307 494 3363 aed
517 3307 552 3364 de
574 3307 624 3364 illa
644 3329 676 3366 re
698 3329 764 3382 una,
787 3313 925 3368 declaro
948 3311 1062 3386 figendo
1079 3309 1177 3376 fuisse3
1199 3309 1235 3365 de
1256 3317 1335 3365 tem-

267 3411 309 3486 pli
331 3409 512 3468 dedicatione
533 3411 654 3470 similem
689 3425 777 3490 atque
808 3417 844 3472 de
865 3427 1024 3474 ceterorum
1051 3415 1223 3490 templorum
1249 3413 1334 3470 dedi·

269 3517 430 3574 cationibus
450 3517 542 3593 legem
561 3517 648 3576 latam
673 3539 736 3578 esse
759 3521 910 3596 probabile
932 3531 988 3592 est3
1011 3539 1103 3596 neque
1125 3527 1256 3596 apparet,
1281 3537 1336 3574 cur

267 3622 386 3680 omnino
408 3643 460 3698 per
485 3641 516 3680 se
538 3625 680 3682 hocloco
703 3637 944 3685 commemoretur
965 3627 1065 3704 templi
1087 3621 1245 3700 Capitolini
1281 3623 1334 3680 de-

269 3727 386 3798 dicatio,
408 3745 578 3804 quacunque
600 3731 714 3788 demum
736 3731 801 3806 lege
822 3732 985 3790 dedicatum
1010 3743 1065 3800 est,
1088 3727 1234 3806 quamde
1256 3709 1335 3786 clavi

267 3833 374 3907 figendi
395 3833 527 3891 sollemni
549 3848 661 3910 agatur.
711 3837 874 3912 Scripserat
900 3838 1014 3896 Livius:
1044 3835 1225 3894 Horatius
1248 3850 1334 3891 con·

267 3937 324 3994 sul
341 3943 377 4000 at
398 3939 509 4017 legen
532 3947 567 4003 at
588 3943 758 4016 templum
782 3943 807 4002 1.
834 3941 870 3999 0.
892 3943 933 4000 Μ.
955 3941 1143 3998 dedicavit
1164 3949 1217 3997 cat.
1240 3941 1334 3996 Recte

266 4044 326 4101 iam
347 4044 419 4120 legis
438 4045 581 4103 dedicatio
603 4048 632 4103 in
656 4049 767 4123 pariete
790 4048 890 4124 templi
912 4047 991 4104 facta
1014 4055 1150 4120 narratur
1173 4044 1229 4122 (et,
1251 4045 1335 4120 quod
