2822 4648
771 253 809 310 88

672 477 674 480 -
705 429 782 503 Lib.
814 431 874 502 IV.

341 615 413 692 Cap·
425 618 483 685 at
508 617 549 688 (in
572 619 720 684 consulum
739 619 816 694 apud
834 628 932 695 patres
944 619 1102 693 oratione):
1126 622 1319 680 Maximum

257 726 375 782 Romae
406 725 587 799 praemium
623 726 845 783 seditionum
881 742 973 794 esse;
1017 723 1051 792 id
1089 736 1122 784 et
1162 727 1320 802 singulis

258 829 513 904 universisque
535 847 676 906 semper
698 832 830 890 honori
852 831 975 888 fuisse.
1027 833 1321 891 Reminisceren-

257 947 314 992 tur
336 935 523 1009 (senatores),
557 955 660 1010 quam
682 938 909 995 maiestatem
932 949 1081 996 senatus
1109 939 1182 1015 ipsi
1213 959 1233 996 a
1256 959 1320 1015 pa-

257 1042 374 1098 tribus
406 1042 652 1116 accepissent,
688 1061 793 1118 quam
820 1043 951 1101 liberis
982 1046 1158 1103 tradituri
1183 1056 1321 1109 essent,

257 1157 308 1218 ut,
346 1149 641 1221 quemadmodum
674 1149 794 1225 plebs,
832 1149 989 1224 gloriari
1017 1159 1168 1226 possent
1202 1151 1321 1208 aucti·

258 1273 351 1310 orem
385 1254 671 1330 amplioremque
707 1274 794 1313 esse.
849 1255 975 1312 Finem
1011 1275 1095 1332 ergo
1129 1275 1199 1314 non
1235 1256 1321 1314 fieri

257 1379 320 1417 nec
341 1360 514 1430 futuram,
537 1361 650 1420 donec
672 1371 726 1422 cet.
786 1362 834 1420 Sic
857 1380 932 1418 nunc
955 1363 1051 1426 edunt.
1075 1361 1186 1420 Dukeri
1208 1362 1322 1420 coniec-

257 1476 351 1524 turam
373 1466 549 1524 lenissimam
570 1468 702 1542 profecto
730 1477 882 1542 sequentes
904 1467 1070 1544 (possent
1096 1488 1149 1545 pro
1171 1463 1322 1545 posset),

258 1593 322 1648 quse
344 1574 427 1630 unius
448 1573 555 1630 codicis
572 1574 798 1649 Bambergeneis
821 1574 984 1631 testimonio
1002 1575 1165 1632 confirmari
1184 1575 1322 1639 traditum

258 1699 324 1736 nam
347 1680 374 1736 in
398 1679 530 1736 codicum
553 1679 711 1756 scriptura:
733 1689 784 1744 ut,
807 1681 1100 1753 quemadmodum
1123 1681 1227 1757 plebs
1248 1681 1322 1756 gle-
1403 1675 1404 1688 ἶ

257 1787 346 1842 riari
371 1796 506 1861 posset,
529 1786 728 1843 auctiorem
757 1818 789 1827 -
814 1803 906 1854 esse,
940 1787 1069 1861 expediri
1096 1787 1189 1844 oratio
1212 1787 1321 1861 nequit.

258 1893 316 1952 Sed
331 1893 472 1950 sententia
494 1892 567 1948 adeo
590 1890 746 1949 manifesto
769 1899 861 1967 prava
879 1911 916 1949 ex
934 1892 984 1949 ills
1005 1894 1167 1953 coniectura
1183 1893 1323 1959 nascitur,
1403 1929 1404 1934 κ

257 2008 289 2056 ut
310 1999 338 2055 id
361 2017 396 2056 ne
419 1997 634 2055 Alschefskium
660 1998 777 2072 quidem
802 1997 915 2072 fugerit
965 1997 1014 2058 Sic
1036 1999 1110 2055 enim
1139 2000 1200 2055 haec
1222 1999 1322 2056 dicun·
1403 2067 1404 2084 ᾖ

258 2116 313 2170 tur,
336 2105 419 2180 qnasi
442 2104 574 2164 consules
590 2113 739 2161 senatores
759 2106 944 2161 cohortentur
961 2103 997 2159 ad
1014 2104 1191 2162 maiestatem
1204 2115 1322 2162 senatus
1403 2091 1404 2120 ³

260 2213 421 2286 augendam
445 2221 474 2268 et
496 2210 739 2285 amplificandam.
792 2211 849 2268 Sed
879 2227 915 2264 ea
942 2210 1103 2266 cohortatio
1134 2212 1260 2287 primum
1285 2232 1321 2269 ex
1403 2201 1404 2272 ζ

260 2317 400 2374 memoria
421 2316 577 2374 imminutae
600 2316 705 2373 sensim
728 2319 783 2374 hac
805 2317 868 2392 ipsa
890 2323 974 2372 aetate
996 2315 1183 2374 seditionibus
1205 2326 1323 2374 senatus

260 2425 438 2482 auctoritatis
462 2421 503 2498 (id
538 2423 611 2478 enim
644 2421 776 2480 consules
799 2421 1005 2497 querebantur)
1028 2423 1093 2478 duci
1114 2442 1172 2479 non
1193 2431 1323 2498 poterat;

261 2531 435 2606 omninoque
457 2538 553 2606 potest
575 2529 679 2604 aliquis
709 2528 853 2586 reminisci
882 2527 988 2590 iuberi.
1023 2547 1109 2603 quam
1140 2529 1323 2587 maiestatem

262 2637 404 2712 acceperit
426 2657 444 2694 a
465 2638 611 2712 patribus,
642 2645 674 2692 ut
705 2655 768 2692 eam
796 2643 915 2708 augeat3
949 2635 1045 2691 addito
1069 2643 1164 2690 autem
1187 2635 1257 2691 lroc:
1289 2644 1322 2691 et
1403 2623 1404 2630 ἵ

260 2760 363 2816 quam
384 2743 514 2800 liberis
537 2741 744 2798 traditurus
766 2741 816 2796 sit
837 2739 880 2816 (in
904 2759 961 2815 quo
984 2753 1012 2798 et
1029 2751 1115 2797 aucte
1130 2749 1158 2796 et
1172 2740 1323 2797 imminuta

259 2847 379 2922 intelligi
401 2848 520 2922 potest),
542 2848 637 2921 inepte
662 2843 828 2920 adiungitur
847 2846 916 2904 illud
939 2847 974 2904 de
992 2848 1173 2922 gloriatione.
1209 2845 1324 2902 Deinde

259 2974 294 3010 ea
328 2955 489 3010 cohortatio
522 2954 559 3010 ad
589 2953 632 3022 id,
668 2954 703 3010 de
738 2972 796 3027 quo
825 2952 935 3028 agitur,
966 2953 1044 3010 millo
1074 2953 1161 3010 modo
1192 2952 1324 3027 pertinet.
1403 2987 1404 2992 κ

260 3059 361 3132 Qualis
385 3069 428 3116 est
449 3060 525 3116 enim
542 3061 603 3116 haee
617 3060 824 3117 sententiarum
844 3057 1029 3136 progressio?
1074 3055 1193 3128 „Rome
1210 3076 1326 3134 semper

259 3166 416 3224 maximum
449 3166 622 3223 seditionum
657 3167 806 3240 praemium
842 3165 904 3224 fuit.
963 3163 1204 3234 Reminiseimini,
1237 3183 1325 3238 quam

267 3271 444 3328 maiestatem
468 3272 644 3348 acceperitis,
667 3280 699 3328 ut
720 3291 784 3328 eam
806 3281 920 3328 auctam
936 3271 1055 3345 gloriari
1072 3269 1198 3346 possitis.
1243 3268 1326 3326 Finis

267 3396 351 3456 erge
386 3397 442 3434 non
473 3381 505 3436 tit
528 3378 754 3454 (seditionum).“
809 3380 957 3452 Apparet,
992 3376 1123 3433 consules
1160 3376 1325 3450 comparari

269 3484 382 3554 iubere,
414 3485 482 3558 quid
504 3487 558 3542 huc
580 3495 664 3542 aet-ate
692 3484 720 3540 in
744 3493 859 3540 senatus
881 3483 1031 3539 maiestate
1058 3480 1164 3538 factum
1188 3483 1233 3551 sit,
1256 3483 1325 3557 quid

266 3599 366 3648 contra
386 3591 414 3646 in
436 3590 528 3666 plebis
551 3591 663 3666 opibus,
696 3589 807 3646 atinde
830 3589 908 3646 illem
939 3589 974 3644 de
997 3587 1167 3645 seditionum
1200 3589 1327 3663 praemiis

269 3697 384 3771 (quibus
416 3697 498 3772 plebs
530 3697 662 3763 creverit)
701 3696 872 3752 sententiam
907 3695 1086 3752 confirmare.
1144 3695 1248 3768 Itaque
1287 3696 1328 3752 sic

263 3865 460 3873 ————-—

331 3971 415 4010 turum
436 3977 463 4012 se
482 3962 580 4024 aliquid
599 3961 828 4025 fraudaturumque
847 3963 955 4011 alterurn
983 3967 1075 4024 speret,
1102 3959 1206 4008 ridicule
1234 3963 1327 4023 quaeri·

332 4065 388 4114 tur;
417 4068 501 4117 neque
528 4055 594 4102 enim
621 4055 800 4118 intercipiendi
824 4054 909 4102 aliena
934 4051 1099 4101 fraudandive
1118 4053 1186 4102 ullus
1205 4061 1244 4102 cst
1262 4069 1328 4104 mos.
