2826 4640
604 302 663 358 473
1035 303 1092 353 tit.
1106 304 1164 357 xt.

96 481 183 540 lior.
240 481 418 540 Secunda
450 480 609 556 legionis
628 481 782 538 Fulvius
814 483 986 542 tribunus
1013 487 1164 546 militum

98 593 190 643 arat.
233 586 272 643 Ia
293 586 478 644 mensibus
509 586 586 644 auis
618 587 760 645 dimisit
791 588 992 664 legionem,
1024 593 1164 652 iureiu-

98 693 218 750 rando
240 692 388 750 adactis
410 692 755 764 centurionibus,ase
776 693 811 751 iu
832 696 998 754 ararium
1021 698 1165 774 adqum·

97 807 222 854 storea
252 817 331 856 ease
357 798 564 856 delaturos.
616 799 694 857 Hoc
722 799 782 858 ubi
805 801 1031 861 Placentiam
1061 801 1165 883 (nam

99 921 144 958 oo
165 901 261 961 forto
283 913 363 960 erat
383 899 587 980 proiectus)
608 904 703 962 Aulo
723 907 930 966 nuntiatum
947 917 1011 979 est,
1032 917 1087 966 etc.
1117 909 1166 968 Sic

100 1009 164 1065 brec
185 1008 314 1066 namatio
335 1009 444 1086 incipit,
463 1009 546 1085 quasi
568 1013 607 1068 A.
630 1010 798 1068 Postumius
823 1021 852 1069 et
876 1013 917 1070 M.
941 1013 1063 1072 Fulvius
1087 1033 1166 1073 com·

101 1113 182 1170 muni
205 1123 233 1171 et
253 1115 320 1190 pari
340 1116 462 1192 imperio
482 1116 620 1174 exercitui
645 1115 821 1192 prefuerint,
843 1117 935 1176 donec
963 1119 1095 1178 consules
1116 1139 1165 1178 re·

100 1220 210 1292 nirent3
246 1221 348 1282 deiude
375 1231 473 1280 aulem
493 1224 534 1282 Μ.
557 1221 679 1280 Fulvius
713 1239 771 1278 non
793 1241 847 1297 pro
869 1223 925 1282 hoo
945 1225 1067 1300 imperio
1091 1226 1166 1302 ugit,

100 1327 153 1384 aed
175 1336 207 1384 ut
228 1346 301 1384 unus
323 1347 360 1386 ex
384 1328 518 1386 secundm
537 1327 660 1404 legionis
681 1327 814 1398 tribunis,
836 1347 923 1402 quum
946 1330 1005 1386 auia
1020 1331 1166 1389 mensibus

100 1433 177 1491 hanc
198 1451 286 1490 unam
309 1434 451 1509 legionem
475 1443 589 1510 regeret
615 1438 668 1500 (-
691 1452 758 1490 narn
780 1429 834 1508 pe'r
855 1435 933 1492 vices
954 1435 1060 1493 tribuni
1081 1436 1166 1494 binos

100 1557 214 1596 meuses
235 1539 342 1614 lcgioui
363 1549 507 1614 praeerant
528 1542 597 1612 -)‚
619 1539 762 1613 legionem
791 1538 934 1597 dimisisse
955 1541 1166 1617 dicituridque

98 1645 162 1731 eiua
195 1644 303 1704 iactum
331 1646 370 1704 A.
393 1645 562 1702 Postumius
597 1664 651 1720 pro
672 1643 794 1719 imperio
815 1646 1012 1720 reprehendit3
1044 1647 1166 1706 Fulvius

97 1751 130 1808 iu
152 1751 325 1826 Hispaniam
346 1752 423 1809 ultra
435 1750 642 1826 Carthaginem
668 1769 775 1808 novam
798 1750 945 1825 relegatus
959 1765 1003 1811 est
1025 1762 1165 1829 tanquam

101 1856 151 1932 qui
172 1856 237 1931 plus
258 1857 313 1914 sibi
338 1857 408 1914 iuris
430 1867 605 1933 arrogasset,
629 1875 716 1932 quam
738 1856 868 1913 heberet.
911 1859 1100 1934 Perspicuum
1123 1870 1167 1918 eat

100 1961 201 2037 igitur,
221 1981 307 2018 unum
331 1965 370 2020 A.
393 1963 575 2020 Postumium
598 1962 737 2020 exercitui
759 1960 924 2038 prefuisse,
946 1963 1081 2022 Fuluium
1104 1965 1167 2022 nul·

98 2068 157 2125 lam
180 2067 256 2124 ultra
276 2066 453 2125 tribunatum
476 2069 597 2126 militum
630 2077 804 2144 potestatem
836 2069 981 2126 habuisse.
1042 2071 1107 2128 Iam
1136 2071 1166 2127 in

99 2173 226 2231 editi0ne
247 2173 422 2248 Moguntina
450 2174 479 2231 in
514 2173 596 2232 initio
626 2174 683 2231 loci
714 2175 798 2232 abest
822 2173 916 2248 ipsum
938 2173 1008 2231 illud
1032 2183 1066 2232 et
1086 2176 1166 2251 (ante

101 2277 242 2354 irater),
265 2297 323 2354 quo
345 2279 488 2337 Postumii
512 2289 541 2336 et
561 2281 604 2338 M.
621 2279 719 2337 Fulvii
743 2278 862 2336 nomina
889 2288 1027 2355 tanquam
1051 2282 1165 2357 perium

101 2384 286 2460 copulantur;
319 2385 422 2443 deinde
449 2395 546 2444 autem
579 2386 670 2461 (quod
693 2403 712 2442 a
733 2383 976 2442 Drakenborchio
1003 2382 1165 2458 neglectum

101 2489 254 2547 adnotavit
278 2491 465 2566 Kreyssigius
488 2491 526 2548 ad
549 2490 626 2548 Livii
647 2491 711 2550 libr.
735 2489 883 2548 XXXIII
907 2509 936 2566 p.
953 2487 1073 2564 CXXI)
1095 2489 1165 2548 scri·

102 2594 194 2653 bitur:
216 2595 246 2652 is
268 2606 347 2652 erat
363 2596 551 2654 mensibus
567 2599 658 2668 (none
682 2605 775 2666 erat3
795 2595 825 2652 is
847 2593 1055 2669 mensibus).
1088 2595 1166 2654 HInc

102 2701 232 2758 nascitur
252 2703 313 2760 hac
334 2701 489 2758 correctio:
518 2746 547 2762 ..
575 2708 734 2784 praeut
750 2703 790 2758 A.
813 2701 1032 2758 Postumius.
1081 2702 1165 2759 Fra-

103 2819 157 2864 ter
190 2807 225 2879 Q.
249 2807 373 2864 Fulvii
395 2807 437 2868 M.
460 2807 617 2866 Fulvius
649 2806 827 2866 Nobilior
860 2804 1043 2880 (secundm
1074 2805 1167 2881 legi-

104 2913 183 2970 onis
205 2912 373 2970 tribunus
408 2913 565 2970 militum
598 2915 629 2972 is
663 2916 756 2985 eret)
795 2912 980 2970 mensibus
1016 2911 1090 2969 suis
1113 2911 1166 2968 di·

104 3018 204 3076 misit
232 3017 413 3092 legionem
447 3029 501 3076 cet.
557 3018 650 3077 Omiai
679 3037 784 3076 nomen
809 3018 965 3075 Fulvius
998 3035 1096 3075 errore
1117 3027 1168 3075 aut

104 3123 306 3200 interpolando
337 3133 406 3198 post
434 3123 594 3198 legionis
627 3124 791 3200 repetitum.
848 3123 880 3184 Si
918 3124 946 3181 in
979 3123 1078 3182 codice
1104 3123 1167 3193 luit,

105 3230 183 3306 quod
205 3229 367 3288 Frobenius
390 3229 492 3287 edidit:
523 3229 655 3299 eratis,
677 3229 765 3287 scribi
786 3231 887 3288 debet:
914 3229 1050 3287 Frater
1071 3229 1107 3303 Q.
1130 3231 1168 3290 F.

104 3337 147 3394 M.
183 3334 336 3392 Fulvius
374 3335 464 3395 Nob.
510 3335 677 3393 secundm
710 3335 870 3412 legionis
906 3334 1074 3392 tribunus
1109 3334 1167 3391 mi·

105 3443 211 3499 litum
246 3451 340 3515 arat;
372 3441 403 3497 is
424 3442 612 3498 mansibus
634 3441 711 3498 suis
733 3451 808 3510 etc,
830 3441 917 3515 idque
938 3447 1072 3516 prastat3
1097 3439 1168 3496 satis

106 3549 182 3620 enim
205 3549 328 3624 abrupte
348 3547 440 3622 ipsius
461 3548 504 3605 M.
528 3545 625 3605 Fulvii
649 3547 719 3604 iacti
742 3547 871 3604 narratio
893 3545 1009 3622 incipit,
1041 3545 1168 3602 noudum

106 3653 244 3724 indicato,
268 3653 336 3728 quid
360 3653 386 3710 ei
414 3651 443 3709 in
465 3652 592 3710 exercitu
629 3651 686 3709 loci
716 3649 811 3709 fuerit.
862 3651 908 3709 De
939 3649 1004 3725 ipsu
1032 3667 1063 3705 rc
1084 3649 1170 3706 etde

106 3759 212 3818 Fuluio
235 3779 253 3816 a
274 3759 427 3816 Postumio
448 3757 627 3833 seiungendo
649 3754 833 3835 (praerat)
853 3755 932 3814 nulla
953 3753 1094 3812 dubitatio
1115 3764 1170 3816 est.

108 3865 203 3922 Paulo
224 3873 290 3940 post
315 3865 343 3938 (ς
370 3863 419 3940 ll)
442 3863 550 3920 editur:
584 3881 695 3920 causa
724 3861 932 3940 ignominia
1050 3859 1170 3918 decro-

105 3981 190 4040 tum,
214 3981 244 4026 et
266 3971 368 4028 eodem
392 3971 480 4028 modo
505 3987 531 4028 c.
556 3973 606 4040 tt,
635 3974 669 4027 tu
693 3969 841 4028 scribitur:
863 3987 906 4026 nc
928 3966 1045 4025 maior
1071 3969 1170 4042 (pecu-

106 4074 170 4150 nie)
193 4093 304 4133 causa
325 4075 494 4134 ludorum
517 4084 807 4133 consumeretur.
861 4078 1009 4150 Apparet,
1031 4073 1106 4132 huuc
1128 4073 1171 4149 ip·
